2488 3860
227 297 312 338 600
1160 298 1459 338 ΑΙΣΧΎΛΟΎ

337 396 457 433 Φθιῶτ’
476 396 628 444 Ἀχιλεῦ,
647 412 680 433 τι
697 397 774 433 ποτ’
792 396 1031 446 ἀνδροδάῖκτον
1049 396 1177 434 ἀκούων
1318 399 1371 434 καὶ
1388 398 1512 435 πλοίου
1539 413 1590 434 τις
1616 396 1656 442 ἦν
1674 394 1874 441 κατασκευή.
1909 397 1963 432 καὶ
1989 396 2055 444 γὰρ
2082 395 2292 442 δεκέμβολον
2307 394 2365 434 Δι’-

338 450 475 496 ἶὴκοπον
493 451 532 486 οὐ
550 451 709 487 πελάθεις
727 451 779 487 ἐπ’
799 451 955 500 ἀρωγάν;
1318 452 1450 500 σχύλος
1469 450 1542 488 εἷπε
1559 451 1620 496 τὴν
1636 453 1698 487 τοῦ
1716 450 1892 497 Νέστορος
1910 452 1990 486 ναῦν
2007 450 2044 485 έν
2062 450 2291 497 Μυρμιδόσιν.

229 500 297 540 ubi
325 502 534 547 scholiasta,
563 507 671 540 Τοῦτο
701 505 764 550 μὲν
794 504 860 541 ἀπὸ
892 509 958 541 τῶν
988 506 1168 553 πρέσβεων
1197 505 1284 553 πρὸς
1374 506 1458 541 130.
1491 502 1699 540 Scholiasta
1732 500 1992 550 Aristophanis
2033 501 2138 538 Pacis
2178 513 2215 539 v.
2254 501 2368 540 1177.

226 556 393 605 Ἀχιλλέα
412 558 588 604 Αἰσχύλος
610 559 799 604 πεποίηκεν.
842 559 918 596 ἔστι
937 559 973 594 δὲ
993 560 1028 594 ἐκ
1047 561 1281 607 Μυρμιδόνων.
1311 559 1464 607 Ὠσπερ
1492 558 1636 603 ξουθὸς
1664 558 1995 603 ἱππαλεκτρυώνε
2029 556 2073 593 ὣς
2100 557 2238 603 φοινικᾶ
2263 557 2370 605 πτερὰ
2396 574 2400 578 ·

227 611 395 659 προφέρει
414 613 467 647 καὶ
482 612 664 659 Εὐριπίδης
682 612 729 649 εἷς
745 611 884 660 γέλωτα
902 614 993 648 ἄλλα
1011 614 1050 659 ἐξ
1067 614 1183 649 ἄλλων
1201 615 1280 661 δρα·
1316 614 1438 659 ἔχοντα
1456 614 1566 657 δηλοῖ.
1595 611 1647 646 ὅτι
1670 613 1732 647 τοῦ
1749 609 1828 657 παρ’
1847 610 2013 659 Αἰσχύλῳ
2037 611 2203 647 πολλάκις
2227 610 2368 656 κληθέν-

227 666 340 710 μάτων
367 667 578 713 συναγαγών.
620 667 672 701 διὸ
700 666 754 701 καὶ
781 665 901 713 ἀσαφῆ
928 667 1008 712 μίαν
1034 667 1195 714 ἁρμονίαν
1224 668 1282 702 οὐκ
1315 682 1373 704 τος
1401 667 1695 713 ἱππαλεκτρυόνος,
1715 663 1754 700 ὃν
1780 664 1831 699 ἀεὶ
1859 665 2088 713 κωμῳδοῦσιν,
2102 664 2146 705 ,ἐν
2170 665 2369 712 Μυρμιδόσι

227 720 360 765 ἔχοντα.
384 719 444 754 οὐκ
458 719 522 766 ἄρα
539 720 581 754 τὰ
598 719 643 765 μὴ
662 720 781 764 ξυνετὰ
800 720 965 765 ζητητέον.
995 718 1044 754 Et
1055 718 1148 756 adv.
1167 720 1279 755 1297.
1314 721 1486 766 μέμνηται.
1513 718 1665 756 Ἀλλως.
1703 720 1722 753 ὁ
1750 716 1927 764 Αἰσχύλος
1954 718 1978 737 “
1988 717 2055 754 ἀπὸ
2082 717 2112 753 δ’
2140 716 2219 754 αὖτε
2246 718 2369 764 ξουθὸς

226 772 393 820 προφέρει
418 773 455 808 δὲ
480 773 540 807 οὐκ
563 773 688 820 ἐφεξῆς
713 774 756 809 τὰ
779 773 863 809 αὐτὰ
886 773 973 819 μέλη
1001 774 1116 817 αὐτοῦ,
1137 773 1214 809 ἀλλ’
1238 774 1282 810 ὡς
1316 774 1569 821 ἱππαλεκτρυὼν
1600 774 1716 817 στάζει
1747 787 1808 819 κηρ
1838 769 1862 792 '²’
1890 771 2014 807 θέντων
2044 772 2230 818 φαρμάκων
2259 772 2369 810 πολὺς

227 827 346 873 ἔτυχεν
370 826 459 861 ἄλλο
483 826 639 869 ἄλλοθεν,
663 828 717 862 καὶ
744 827 892 874 ἐπιλέγει
918 828 957 863 τὸ
985 826 1134 872 ἷὴκοπον,
1161 827 1281 874 κυρίως
1313 825 1457 863 πόνος.”
1514 824 1608 869 Quae
1635 825 1793 861 duorum
1818 835 1995 860 versuum
2025 822 2236 871 fragmenta
2265 829 2364 861 sunt.

229 880 360 916 ἐκείνων
377 884 444 916 τῶν
462 881 592 927 στίχων
610 881 659 923 ὂν,
678 883 739 917 τοῦ
760 882 782 900 “
795 880 913 916 Φθιῶτ’
932 879 1112 926 Ἀχιλεῦ.”
1314 878 1581 927 Aristophanes
1600 877 1737 914 Avium
1753 890 1789 914 v.
1809 878 1897 914 800.
1918 878 2019 914 κᾶστι
2035 878 2107 913 νυνὶ
2125 878 2246 922 ξουθὸς
2265 879 2368 915 ἱππα-

286 933 371 968 126.
401 931 669 980 Aristophanes
689 932 824 968 Ranar.
846 945 882 969 v.
907 934 1020 970 1447.
1313 935 1494 981 λεκτρυών.
1533 930 1596 967 ubi
1614 929 1824 972 scholiasta,
1843 933 1943 979 Παρὰ
1960 933 2003 968 τὰ
2019 931 2196 979 γραφέντα
2213 932 2250 967 ε’κ
2268 938 2366 980 Μυρ-

333 986 477 1032 Βέβληκ’
496 986 679 1033 Ἀχιλλεὺς
697 987 757 1023 δύο
776 986 868 1030 κύβω
886 988 940 1022 καὶ
958 987 1114 1034 τέτταρα.
1313 989 1459 1034 μιδόνων
1486 985 1676 1033 Αἰσχύλου.
1732 982 2001 1033 Aristophanes
2034 983 2171 1022 Ranar.
2202 996 2239 1022 V.
2271 985 2363 1024 959.

228 1037 291 1075 ubi
313 1038 522 1081 scholiasta,
542 1040 602 1076 Ἐκ
627 1041 860 1088 Μυρμιδόνων.
888 1041 1048 1086 πεποίηκε
1071 1042 1137 1088 γὰρ
1162 1040 1282 1077 αὐτοὺς
1315 1039 1443 1089 (940.)

228 1092 440 1136 κυβεύοντας.
468 1094 544 1131 ἔθος
563 1095 601 1129 δὲ
618 1097 690 1131 τοῖς
708 1093 909 1137 κυβεύουσιν
927 1092 1014 1130 οὕτω
1031 1094 1157 1142 λέγειν·
1177 1094 1224 1137 β’,
1238 1094 1278 1136 δ’,
1719 1113 1953 1144 ΔΙΟΝΥΣΟΣ.

227 1147 271 1195 γ’,
292 1147 331 1183 ε’.
359 1148 515 1183 τοῦτοδὲ
539 1148 633 1196 λέγει
658 1150 676 1183 ὁ
697 1150 872 1189 Διόνυσος,
892 1148 1019 1185 δεικνὺς
1043 1148 1088 1185 ὡς
1105 1147 1280 1194 Αἰσχύλος
1791 1178 1838 1214 Ν.
1909 1179 1916 1192 ,
1959 1178 1980 1214 θ
2023 1179 2031 1192 ,
2097 1180 2105 1192 ,
2135 1181 2145 1194 x
2219 1183 2234 1191 ,,

229 1202 384 1246 νενίκηκε.
441 1199 502 1236 Ex
529 1199 619 1236 alius
647 1200 854 1237 scholiastae
880 1199 1118 1236 annotatione
1145 1200 1278 1236 intelli·
1369 1236 1386 1249 κ
1511 1232 1520 1245 ‚
1553 1233 1561 1245 ‚
1692 1234 1708 1243 ,,
1785 1233 1794 1246 ,
1824 1194 1844 1224 η
1862 1193 1953 1246 Τους,
1981 1194 2066 1220 εους’
2087 1195 2154 1245 ‘yffi
2171 1195 2255 1228 7⁰⁰⁹

229 1253 329 1301 gitur
360 1252 450 1289 alios
487 1253 586 1289 hunc
620 1265 768 1289 versum
804 1264 851 1288 ex
882 1251 1070 1301 Euripidis
1100 1253 1277 1302 Telepho,
1364 1235 1426 1301 ’ἤδη
1445 1248 1512 1269 ποτ
1533 1246 1710 1300 ,ε”κμαΚΡῳ
1728 1246 1841 1299 ΧΡΟῐζφ
1860 1246 1977 1297 νυκτξς
1995 1234 2228 1303 δξηγρυπνηξα

229 1306 320 1342 alios
338 1305 484 1342 aliunde
504 1310 693 1354 sumptum
712 1304 924 1342 credidisse.
1366 1303 1424 1324 τον
1443 1287 1566 1332 ξουθον
1585 1288 1853 1334 ιππαλεκτρυονα
1872 1287 1976 1332 ζητων
1994 1302 2044 1324 τις
2062 1302 2157 1324 εστιν
2175 1303 2277 1336 ορνις.

287 1358 373 1396 127.
403 1358 672 1407 Aristophanes
691 1357 894 1395 Ecclesiaz.
915 1370 950 1394 v.
973 1360 1061 1395 392.

334 1413 517 1460 Ἀντίλοχ’,
537 1413 730 1459 ἀποίμωξόν
747 1429 790 1459 με
807 1416 868 1448 τοῦ
886 1414 1077 1459 τριωβόλου
1454 1457 1467 1464 „
1617 1457 1632 1466 ,.
1723 1389 1954 1468 AJEXYAOEI'
2029 1454 2039 1467 ,
2081 1455 2090 1468 '
2158 1455 2167 1466 '

332 1468 392 1503 Τὸν
407 1469 511 1511 ζῶντα
528 1469 673 1513 μᾶλλον·
701 1468 789 1513 τάμὰ
806 1468 880 1514 ,γὰρ
891 1467 1065 1513 διοίχεται,
1365 1470 1504 1501 σημειον
1523 1455 1558 1491 ἐν
1576 1470 1649 1492 ταις
1666 1470 1796 1497 ναυσιν,
1817 1454 1843 1490 ὦ
1856 1455 2030 1501 μαθεστατ
2042 1480 2052 1498 ,
2072 1471 2310 1504 ενεγεγραπτο.

232 1518 293 1555 ubi
319 1518 517 1556 scholiasta
543 1524 581 1555 et
603 1519 736 1556 Suidas
761 1518 800 1554 in
825 1520 1030 1566 ἆποίμωξον,
1050 1521 1149 1568 Παρὰ
1175 1522 1216 1556 τὰ
1244 1521 1280 1567 ἐξ
1373 1520 1460 1556 131.
1492 1518 1716 1568 Hesychius,
1748 1520 1995 1568 Ἀγρέμοναε
2037 1522 2097 1557 τὸν
2127 1522 2266 1567 κάμακα,
2298 1521 2365 1559 άπὸ

232 1573 407 1620 Αἰσχύλου
427 1575 651 1622 Μυρμιδόνων
1312 1576 1373 1609 τοῦ
1400 1575 1505 1622 αἱρεῖν
1531 1575 1585 1609 καὶ
1611 1575 1806 1620 λαμβάνειν,
1827 1576 1931 1621 ἤγουν
1958 1574 2121 1622 ἀγρεύειν.
2153 1574 2364 1622 ἢλαμπάδα,

337 1627 517 1675 Ἀντίλοχ’,
538 1628 732 1675 ἀποίμωξόν
748 1643 791 1675 με
808 1630 868 1663 τοῦ
886 1628 1084 1674 τεθνηκότος
1314 1626 1333 1672 ἢ
1353 1628 1447 1675 δόρυ.
1490 1626 1665 1675 Αἰσχύλος
1683 1629 1719 1664 δὲ
1739 1629 1775 1664 ἐν
1793 1629 2010 1675 Μυρμιδόσιν
2027 1628 2196 1676 ἀγρέμονα
2213 1629 2273 1666 τὸν
2291 1630 2364 1667 έπι-

336 1682 396 1717 τὸν
414 1683 520 1725 ζῶντα
537 1684 683 1727 μᾶλλον.
1313 1679 1442 1727 μήνιον.

233 1739 256 1752 “
270 1733 397 1771 Verba
423 1746 503 1770 esse
527 1733 683 1770 Achillis
708 1733 966 1782 respondentis
988 1733 1202 1777 Antilocho,
1222 1733 1284 1783 qui
1371 1735 1457 1770 132.
1489 1733 1711 1783 Hesychius,
1740 1736 1921 1783 Κουράςε
1961 1735 1981 1781 ἡ
2009 1736 2045 1771 ἐν
2071 1739 2142 1774 τοῖς
2168 1737 2365 1784 ὀροφήμασι

231 1786 371 1834 primus
390 1786 424 1823 ei
441 1786 600 1823 Patrocli
623 1786 808 1824 interfecti
831 1787 1007 1824 nuncium
1033 1787 1220 1830 attulerat,
1239 1792 1281 1823 ut
1312 1789 1442 1835 γραφὴ,
1463 1788 1624 1836 ὀροφικὸς
1648 1790 1760 1836 πίναξ.
1799 1791 1890 1837 παρὰ
1915 1789 1951 1824 δὲ
1977 1789 2142 1839 Αἰσχύλῳ
2167 1791 2203 1827 ἐν
2229 1797 2365 1840 Μυρμι-

231 1839 343 1875 etiam
371 1852 430 1888 ap.
461 1839 616 1876 Homer.
647 1841 694 1878 Il.
725 1857 763 1883 σ,
792 1842 853 1877 18.
879 1840 1024 1877 monuit
1050 1840 1204 1877 Porson.
1234 1840 1282 1876 ad
1314 1843 1413 1877 δόσιν
1431 1844 1645 1889 ἀμφιβάλλει
1664 1843 1853 1891 ε’γκουράδι.
1883 1844 2009 1878 ἔστιδὲ
2029 1845 2367 1893 ἐγκουρὰςόροφικὸς

231 1892 338 1931 Med.
359 1892 489 1940 Eurip.
508 1905 545 1929 v.
568 1894 684 1931 750.”
714 1893 857 1931 Butler.
1314 1896 1427 1940 πίναξ.
1485 1894 1603 1937 Idem,
1634 1896 2023 1945 Ἐγκουράδεςι-οἷ
2054 1898 2089 1933 έν
2120 1900 2192 1935 ταῖς
2222 1899 2366 1947 ὀροφαῖς

290 1947 375 1983 128.
403 1946 609 1983 Athenaeus
628 1946 740 1984 XIII.
756 1960 793 1995 p.
817 1948 892 1984 602
911 1959 943 1983 e·
998 1949 1098 1995 Παρὰ
1116 1949 1152 1984 δέ
1171 1954 1281 1996 Σπαρ-
1313 1951 1476 1997 γραφικοὶ
1494 1952 1688 1998 προσώπων
1704 1952 1851 1987 πίνακες.
1881 1952 1956 1986 ἔστι
1973 1952 2039 1998 γὰρ
2058 1952 2179 1999 κουρὰς
2196 1951 2216 1997 ἦ
2235 1954 2366 2000 κορυφὴ

231 2000 477 2048 τιάταις-πρὸ
504 2005 571 2037 τῶν
595 2003 712 2049 γάμων
737 2005 809 2039 ταῖς
839 2002 1018 2049 παρθένοις
1049 2003 1093 2039 ὡς
1118 2003 1283 2040 παιδικοῖς
1317 2003 1445 2051 (ὀροφὴ
1459 2001 1629 2038 Struvius
1642 2003 1680 2039 in
1693 2002 1967 2052 supplementis
1980 2002 2195 2040 Schneideri
2207 2017 2244 2053 p.
2259 2003 2366 2054 117.)

233 2056 333 2101 νόμος
352 2055 447 2091 ἐστὶν
464 2055 839 2103 ὁμιλεῖν.--·Αἰσχύλος
858 2056 1055 2103 Μυρμιδόσι
1316 2058 1369 2092 καὶ
1388 2060 1407 2092 ὁ
1424 2058 1573 2105 γραπτὸς
1591 2059 1702 2104 πίναξ,
1724 2058 1886 2106 ἐγκουρὰς
1904 2058 1940 2093 δέ
1957 2058 2199 2105 γεγραμμένος.
2235 2059 2366 2107 Αἰσχυ-

391 2109 499 2151 Σέβας
517 2109 553 2144 δέ
572 2114 686 2156 μηρῶν
704 2110 807 2158 ἁγνὸν
824 2110 884 2145 οὐκ
902 2109 1070 2156 ἐπῃδέσω,
1299 2112 1376 2147 ,λος
1395 2112 1623 2158 Μυρμιδόσιν.

393 2162 419 2197 ὦ
438 2163 650 2210 δυσχάριστε
667 2168 733 2199 τῶν
750 2168 882 2199 πυκνῶν.
899 2164 1110 2210 φιλημάτων.
1299 2146 1303 2182 Ι
1374 2165 1459 2200 133.
1481 2161 1690 2199 Scholiasta
1709 2162 1904 2211 Aristoph.
1917 2162 2054 2199 Avium
2072 2176 2108 2200 v.
2126 2165 2237 2201 1420.
2267 2173 2365 2203 Πτε-

235 2213 457 2250 Plutarchus
475 2214 610 2252 RIoral.
631 2227 666 2263 p.
690 2216 759 2253 751
783 2228 814 2253 c.
869 2219 1059 2264 Πρόσλαβε
1083 2218 1120 2253 δὲ
1146 2220 1193 2266 τῷ
1220 2219 1283 2252 Σό-
1316 2221 1394 2265 ρῶν
1416 2222 1572 2266 πτερῶν
1596 2219 1680 2253 δεῖς
1709 2219 1801 2266 παρὰ
1822 2217 1862 2254 τὸ
1886 2217 2064 2265 Αἰσχύλου
2089 2219 2125 2254 ἐκ
2143 2221 2367 2267 Μυρμιδόνων

233 2271 316 2304 λωνι
342 2270 396 2304 καὶ
422 2270 481 2305 τὸν
507 2268 684 2316 Αἰσχύλον
709 2270 855 2318 λέγοντα
875 2271 1016 2313 “Σέβας
1042 2271 1079 2306 δὲ
1105 2276 1219 2318 μηρῶν
1245 2272 1284 2306 ού
1320 2271 1492 2307 “”Οπλων
1511 2271 1627 2307 ὅπλων
1645 2271 1727 2307 δεῖ.”

234 2322 419 2368 κατῃδέσω,
436 2323 462 2358 ὦ
481 2324 694 2370 δυσχάριστε
711 2328 777 2360 τῶν
794 2329 921 2372 πικρῶν
939 2323 1178 2371 φιλημάτων.”
1216 2323 1282 2359 Al-

234 2380 355 2410 terum
382 2387 530 2411 versum
559 2375 684 2411 attulit
708 2376 808 2412 idem
834 2389 872 2424 p.
895 2378 941 2413 61
964 2389 997 2414 a.
1053 2375 1210 2412 Achillis
1237 2375 1284 2411 ad
1766 2365 1916 2395 ΜΥΣΟῙ·

236 2427 399 2463 Patrocli
417 2428 574 2464 cadaver
590 2428 705 2464 verba
722 2441 803 2465 esse
817 2429 910 2466 vidit
928 2429 1114 2466 Porsonus
1133 2429 1180 2465 ad
1198 2428 1282 2465 Me·
1374 2430 1460 2466 134.
1491 2427 1627 2465 Strabo
1646 2429 1758 2466 XIII.
1778 2442 1815 2478 p.
1839 2431 1928 2466 616.
1973 2431 2040 2466 ιΡεῖ
2057 2431 2086 2466 δ’
2106 2432 2141 2467 ἐκ
2159 2435 2219 2468 τοῦ
2236 2432 2367 2480 Τήμνου

236 2480 343 2516 deam
360 2493 396 2517 v.
420 2481 495 2518 750
519 2485 556 2517 et
583 2487 684 2517 recte
711 2493 756 2517 eo
782 2481 951 2519 retulisse
975 2483 1121 2518 videtur
1136 2493 1284 2517 versum
1316 2485 1468 2529 ποταμὸς
1495 2483 1640 2525 Μύσιος,
1670 2486 1851 2531 ἐμβάλλων
1882 2485 1929 2522 εἷς
1959 2486 2019 2520 τὸν
2045 2487 2169 2522 Κάῒκον
2199 2487 2265 2522 ὑπὸ
2295 2491 2369 2526 ταῖς

236 2532 282 2568 ab
310 2532 473 2569 Luciano
499 2534 573 2571 vol.
601 2533 653 2570 ῙῙ.
678 2547 715 2582 Ρ.
741 2535 832 2572 457.
859 2534 1023 2577 allatum,
1049 2537 1177 2572 Στένων
1202 2539 1285 2584 γοῦν
1317 2541 1438 2585 πηγαῖς
1465 2538 1580 2573 αὐτοῦ·
1609 2538 1670 2585 ἀφ’
1700 2538 1738 2573 οὗ
1766 2539 1922 2585 δέχονταί
1947 2554 2034 2575 τινες
2061 2539 2166 2574 εἰπεῖν
2192 2540 2369 2588 Αἰσχύλον

236 2586 417 2633 Ἀχιλλεὺς
434 2587 493 2623 τὸν
507 2590 708 2636 Πατρόκλου
727 2590 868 2625 θάνατον
881 2589 1066 2640 ἀταμιεύτῳ
1084 2590 1183 2626 πάθει
1201 2589 1286 2637 πρὸς
1318 2592 1400 2626 κατὰ
1426 2591 1486 2636 τὴν
1510 2591 1675 2637 εἰσβολὴν
1700 2594 1760 2628 τοῦ
1788 2593 1823 2627 ἐν
1850 2593 2046 2641 Μυρμιδόσι
2067 2591 2182 2638 (recte
2200 2591 2368 2631 Pauwius

238 2641 296 2686 τὴν
314 2641 471 2686 ἀλήθειαν
488 2642 672 2690 ἀπερράγη,
1320 2644 1469 2690 Μυσοῖς)
1489 2647 1664 2693 προλόγου

398 2700 523 2742 Μηρῶν
541 2711 578 2731 τε
595 2700 662 2731 τῶν
681 2700 752 2732 σῶν
771 2697 915 2743 εὐσεβὴς
933 2698 1061 2743 ὁμιλία.
1531 2699 1586 2734 Ἰὼ
1605 2700 1706 2735 Κάϊκε
1725 2698 1856 2735 Μύσιαί
1872 2699 1900 2735 τ’
1922 2699 2085 2747 ἐπιρροαί.

238 2745 301 2781 ubi
327 2746 425 2793 quod
449 2752 534 2794 post
557 2750 673 2795 ὁμιλία
694 2747 734 2783 in
759 2748 863 2785 libris
890 2749 1038 2786 additur
1055 2751 1203 2786 καλλίων
1228 2748 1288 2785 vel
1320 2749 1535 2786 Macrobius
1558 2750 1745 2788 Saturnal.
1765 2751 1816 2793 V,
1836 2753 1899 2787 20.
1928 2751 2012 2788 Hoc
2035 2752 2072 2787 in
2095 2750 2172 2787 loco
2196 2752 2245 2788 ad
2256 2752 2368 2800 fidem

239 2801 365 2836 καλλίω
391 2798 483 2835 nihil
509 2799 608 2836 aliud
634 2813 715 2837 esse
741 2801 886 2837 videtur
910 2814 1020 2850 quam
1046 2805 1181 2840 κλαίων.
1237 2801 1287 2838 Et
1320 2803 1437 2839 sensui
1455 2803 1675 2850 faciendam,
1707 2804 1799 2853 quod
1827 2803 2002 2852 uliqinosa
2033 2804 2106 2840 sint
2135 2816 2203 2840 non
2233 2809 2368 2842 tantum

238 2851 291 2888 ita
322 2851 530 2900 corrigebat
565 2853 676 2889 etiam
707 2853 888 2890 Dobraeus
922 2855 961 2891 in
991 2855 1206 2904 Appendice
1241 2854 1288 2890 ad
1325 2856 1491 2904 Garqara
1507 2868 1577 2905 pro
1600 2857 1730 2893 vicinia
1753 2857 1893 2898 montis,
1913 2856 1977 2892 sed
1998 2861 2032 2892 et
2055 2856 2219 2894 universa
2236 2857 2370 2906 Mysiae

239 2904 430 2952 Aristoph.
450 2917 487 2952 p.
511 2906 636 2951 (129.)
693 2906 754 2942 Ad
771 2907 926 2944 Achillis
951 2913 989 2944 et
1007 2908 1166 2945 Patrocli
1184 2919 1287 2945 amo·
1321 2921 1420 2950 arva,
1440 2907 1599 2945 adhiberi
1613 2915 1730 2958 potest
1748 2911 1831 2946 testi
1865 2909 2075 2958 AEschylus,
2092 2910 2147 2946 Ἰὼ
2172 2913 2273 2947 Κάῖκε
2291 2911 2368 2948 Μύ-

239 2969 319 2993 rem
350 2957 389 2992 in
420 2957 489 2993 hac
520 2958 644 2994 fabula
681 2959 905 3007 descriptum
944 2966 1087 3009 spectat
1117 2960 1288 2998 Athenaei
1322 2964 1395 2999 σιαί
1412 2962 1439 2999 τ’
1456 2964 1620 3011 ἐπιρροαί.

239 3009 343 3046 locus
362 3009 473 3046 XIII.
494 3023 531 3058 p.
554 3013 624 3047 601
648 3023 681 3047 a.
730 3014 794 3048 Καὶ
814 3014 989 3060 Αἰσχύλος
1006 3016 1111 3064 μέγας
1128 3018 1175 3052 ὢν
1191 3031 1287 3061 ποιη-
1379 3017 1464 3052 135.
1495 3015 1652 3052 Photius
1677 3029 1715 3064 p.
1738 3017 1827 3053 344.
1847 3021 1885 3052 et
1904 3014 2049 3058 Suidas,
2068 3017 2288 3066 Ὀργεῶνες
2304 3031 2370 3054 :—

239 3065 298 3109 τὴς
322 3065 376 3099 καὶ
398 3066 575 3110 Σοφοκλῆς
598 3065 681 3112 ἦγον
705 3066 752 3102 εἷς
774 3068 817 3102 τὰ
842 3067 965 3115 θέατρα
989 3070 1044 3104 διὰ
1068 3073 1134 3105 τῶν
1156 3084 1288 3118 τραγῳ-
1321 3071 1381 3115 ἤδη
1401 3071 1437 3105 δὲ
1455 3070 1702 3117 μεταφέροντες
1726 3071 1780 3106 καὶ
1803 3071 1883 3107 τοὺς
1907 3070 2013 3118 ἱερέας
2033 3069 2120 3107 οὕτω
2138 3073 2370 3107 καλοῦσιν.-

241 3119 321 3153 διῶν
338 3118 416 3154 τοὺς
434 3119 568 3164 ἔρωτας,
586 3121 604 3153 ὁ
622 3119 683 3164 μὲν
700 3121 759 3155 τὸν
769 3119 957 3167 Ἀχιλλέως
974 3124 1060 3170 πρὸς
1078 3124 1288 3170 Πάτροκλον,
1323 3122 1496 3169 Αἰσχύλος
1523 3124 1559 3159 ἐν
1586 3126 1730 3166 Μυσοῖς,
1750 3125 1810 3160 τὸν
1837 3124 1926 3171 ἱερέα
1951 3126 2012 3160 τοῦ
2039 3121 2165 3162 Καΐκου
2191 3139 2368 3173 προσαγο-

242 3174 260 3206 ὁ
279 3171 308 3207 δ’
329 3171 365 3206 ἐν
383 3174 422 3216 τῇ
442 3173 552 3216 Νιόβῃ
577 3173 636 3207 τὸν
652 3177 719 3208 τῶν
735 3174 875 3209 παίδων.
932 3174 1036 3210 Plato
1054 3175 1092 3210 in
1112 3173 1290 3211 Convivio
1321 3175 1438 3225 ρεύων,

243 3236 279 3271 p.
314 3225 388 3260 180
415 3235 448 3259 a.
505 3224 678 3271 Αἰσχύλος
709 3226 745 3261 δὲ
777 3228 925 3275 φλυαρεῖ
956 3229 1100 3275 φάσκων
1126 3229 1292 3275 Ἀχιλλέα
1482 3233 1642 3276 Ποταμοῦ
1661 3227 1785 3267 Καΐκου
1802 3234 1901 3278 χαῖρε
1917 3235 2050 3279 πρῶτος
2067 3231 2205 3279 ὄργεῶν·

244 3279 444 3325 Πατρόκλου
470 3278 559 3325 ε’ρᾶν,
587 3277 623 3315 ὃς
646 3277 686 3323 ἦν
713 3281 860 3316 καλλίων
887 3282 926 3316 ού
953 3283 1055 3326 μόνον
1079 3284 1290 3330 Πατρόκλου,
1483 3284 1596 3329 εὐχαῖς
1614 3285 1651 3319 δὲ
1670 3286 1792 3328 σώζοις
1811 3286 1979 3322 δεσπότας
1995 3286 2181 3322 παιωνίαις.

244 3332 333 3366 ἀλλὰ
360 3332 412 3366 καὶ
436 3335 503 3366 τῶν
526 3332 642 3379 ἡρώων
665 3332 818 3368 ἁπάντων
843 3335 896 3369 καὶ
923 3335 972 3370 ἔτι
997 3335 1156 3382 ἀγένειος,
1180 3337 1294 3371 ἔπειτα
1325 3333 1439 3383 Apud
1458 3333 1612 3371 Suidam
1637 3341 1694 3371 est
1711 3339 2053 3375 σώσεις-παιονίας-
2108 3336 2170 3373 Ad
2192 3336 2292 3374 hunc
2314 3336 2370 3374 10-

246 3387 403 3431 νεώτερος
421 3385 523 3426 πολὺ,
545 3386 588 3422 ὥς
606 3387 716 3431 φησιν
728 3385 892 3433 ηΟμηρος.
1326 3399 1411 3424 cum
1430 3391 1573 3435 Spectat
1591 3387 1702 3424 etiam
1718 3389 1963 3438 Harpocratio
1981 3389 2019 3425 in
2037 3391 2211 3439 ὄργεῶνες.

302 3438 387 3472 129.
419 3436 626 3473 Scholiasta
643 3437 833 3485 Aristoph.
846 3438 982 3474 Avium
1002 3452 1036 3476 v,
1056 3442 1166 3476 1256.
1203 3448 1292 3490 Τρι-
1383 3441 1470 3476 136.
1500 3438 1713 3487 Stephanus
1731 3441 1890 3489 Byzant.
1947 3441 2066 3483 Οἷοςε
2105 3445 2284 3493 πολίχνιον
2308 3451 2372 3483 Τε-

247 3491 448 3536 έμβολοντ
489 3493 653 3528 πολλάκις
681 3491 841 3537 ἐμβαλεῖν
868 3493 1058 3538 δυνάμενον.
1102 3495 1229 3540 μήποτε
1258 3495 1294 3530 δὲ
1326 3495 1416 3542 γεάς.
1472 3494 1647 3541 Αἰσχύλος
1666 3498 1811 3534 Μυσοῖς.

2475 270 2479 271 ’
2478 110 2488 223 ..asan-*-
