2488 3860
597 1092 1155 1143 ΕΥΡΙΠΙΔΟΥ
1227 1091 1884 1141 ΗΡΑΚΛΕΙΔΑΙ.

699 1484 784 1522 ΤΑ
831 1482 968 1523 To‘r
1018 1482 1405 1523 ΔΡΑΜΑΤΟΣ
1452 1482 1795 1522 ΠΡΟΣΩΠΑ

567 1604 728 1633 ῙΟΛΑΟΣ.
1652 1602 1849 1631 ΘΕΡΑΠΩΝ.

566 1657 761 1687 noum-:⁰1⁸2
1649 1656 1862 1684 AAKMHNH.

566 1710 718 1740 ΧΟΡΟΣ·
1651 1709 1842 1738 Arm-:on

564 1764 768 1792 ΑΠΟΛΛΩΝ.
1652 1761 1886 1792 ΕΤΡΤΣΘΕΤΣ.

564 1817 753 1847 ΜΑΚΑΡῙΑ.

1035 2178 1449 2219 ΤΠΟΘΕΣΙΣ.

239 2302 369 2340 Ἰόλαος
391 2302 463 2340 υἱὸς
486 2304 548 2350 μὲν
563 2301 604 2347 ἦν
619 2302 820 2350 Ἰφικλέους,
843 2304 1048 2351 ἀδελφιδοῦς
1070 2305 1107 2340 δὲ
1124 2304 1229 2351 Ἦρα·
1274 2305 1388 2352 γώρει·
1413 2308 1577 2352 χρησμῶν
1607 2304 1644 2339 δὲ
1675 2303 1762 2352 αὐτῷ
1795 2305 1985 2352 νικηφόρων
2014 2304 2226 2351 γενηθέντων,
2257 2306 2314 2341 ἐὰν

190 2356 320 2392 κλέους·
349 2357 385 2391 ἐν
402 2357 530 2401 νεότητι
548 2356 577 2392 δ’
597 2357 709 2405 ἐκείνῳ
727 2358 1064 2404 συστρατευσόμενος
1087 2358 1123 2392 ἐν
1144 2357 1231 2404 γήρᾳ
1276 2357 1425 2404 Δήμητρι
1442 2358 1502 2402 τὴν
1519 2358 1758 2404 εὐγενεστάτην
1774 2357 1947 2401 παρθένων
1964 2358 2094 2403 σφάξῃ,
2111 2361 2182 2394 τοῖς
2198 2361 2314 2405 λόγοις

191 2407 260 2445 τοῖς
278 2408 316 2452 ἐξ
335 2409 459 2443 ἐκείνου
476 2408 602 2454 βοηθὸς
619 2411 732 2446 εὔνους
747 2409 910 2457 παρέστη.
939 2411 1005 2444 τῶν
1021 2411 1088 2456 γὰρ
1104 2410 1233 2444 παίδων
1275 2410 1405 2456 βαρέως
1431 2410 1544 2455 ἔσχεν·
1572 2411 1648 2443 οὔτε
1673 2410 1738 2456 γὰρ
1766 2409 1852 2444 ἰδίαν
1875 2412 1952 2445 οὔτε
1974 2414 2040 2445 τῶν
2061 2412 2210 2446 πολιτῶν
2226 2425 2315 2447 τινος

192 2460 231 2504 ἐξ
248 2463 381 2506 ἁπάσης
399 2461 626 2506 ἐλαυνομένων
641 2463 703 2508 γῆς
719 2461 774 2497 ὑπ’
788 2461 1000 2509 Εὐρυσθέως,
1015 2462 1102 2507 ἔχων
1114 2462 1233 2498 αὐτοὺς
1276 2462 1443 2508 θυγατέρα
1469 2463 1569 2508 χάριν
1595 2465 1662 2496 τῶν
1686 2462 1800 2495 ἱκετῶν
1827 2462 2016 2498 ἀποκτεῖναι
2040 2462 2166 2497 δίκαιον
2188 2465 2313 2509 ἡγεῖτο.

193 2511 296 2556 ἦλθεν
308 2513 356 2550 εἷς
371 2511 522 2557 Ἀθήνας,
543 2514 636 2549 κάκεῖ
650 2515 864 2561 προσφυγὼν
879 2516 950 2550 τοῖς
967 2513 1057 2550 θεοῖς
1073 2514 1157 2558 ἔσχε
1174 2514 1234 2558 τὴν
1275 2514 1336 2558 τὴν
1352 2514 1507 2558 μαντείαν
1524 2515 1560 2549 δέ
1578 2516 1775 2560 προγνοῦσα
1791 2515 1851 2558 μία
1869 2518 1935 2549 τῶν
1951 2513 2158 2561 Ἡρακλέους
2174 2517 2313 2554 παίδων,

192 2565 397 2611 ἀσφάλειαν,
418 2566 646 2611 Δημοφῶντος
669 2568 728 2611 τῆς
744 2568 876 2602 πόλεως
899 2568 1109 2613 κρατοῦντος.
1165 2571 1231 2600 Ko-
1277 2566 1444 2613 Μακαρία,
1461 2567 1520 2601 τὸν
1538 2566 1714 2601 θάνατον’
1696 2565 1859 2604 εκουσῖως
1876 2566 2016 2612 ὑπέστη.
2043 2566 2164 2612 ταύτην
2179 2569 2240 2613 μὲν
2258 2566 2316 2602 οὖν

193 2617 303 2658 πρέως
332 2618 368 2653 δὲ
395 2620 456 2653 τοῦ
485 2618 686 2665 Εὐρυσθέως
713 2617 852 2666 κήρυκος
882 2618 1042 2654 ἀποσπᾶν
1076 2618 1234 2654 θέλοντος
1277 2619 1418 2664 εὐγενῶς
1430 2618 1700 2654 ἆποθανοῦσαν’
1682 2619 1855 2663 ετίμησαν·
1881 2620 1974 2654 αὐτοι
1992 2621 2028 2654 δὲ
2042 2619 2119 2656 τοὺς
2135 2621 2316 2666 πολεμίους

195 2669 273 2706 τοὺς
308 2670 426 2710 ἱκέτας.
464 2671 634 2706 ἐκώλυσεν
662 2671 773 2706 αὐτόν.
801 2673 821 2706 ὁ
849 2671 886 2706 δὲ
913 2669 1054 2716 ἀπῆλθε,
1085 2671 1234 2714 πόλεμον
1278 2670 1466 2718 ἐπιγνόντες
1481 2672 1658 2719 παρόντας,
1678 2670 1724 2707 εἷς
1741 2671 1801 2716 τὴν
1816 2671 1928 2718 μάχην
1945 2672 2114 2719 ὥρμησαν.

196 2721 384 2766 ἀπειλήσας
399 2722 664 2769 προσδέχεσθαι.
697 2723 868 2770 Δημοφῶν
884 2723 920 2758 δὲ
937 2720 1059 2758 τοῦτου
1073 2722 1135 2769 μὲν
1151 2724 1229 2762 ὦλι-

1226 3638 1291 3673 26
