2488 3860
974 259 1467 305 ΑΠΟΣΠΑΣΜΑΤῙΑ.

169 358 420 411 μικροπολίτης·
450 360 528 398 ὅθεν
545 363 598 399 καὶ
625 360 866 412 Ἀριστοφάνει
890 361 1016 412 εἴρηται
1038 365 1078 400 τὸ
1094 375 1210 411 ponpo-

168 417 355 454 πολιτικόν.

225 469 312 506 6501
333 465 445 516 (164.)
461 467 620 508 Photiuss
634 483 670 519 p.
692 470 780 512 280,
796 470 832 507 3.
850 468 988 516 Μύξαν
1003 483 1013 507 t
1042 470 1142 506 αὐτὸν
1154 471 1212 505 τὸν
1230 494 1233 546 ι

173 525 321 571 μυκτῆρα
337 523 515 568 καλοῦσιν,
535 525 612 572 οὐχὶ
629 525 669 559 τὸ
687 524 800 571 ὑγρόν.
829 522 934 560 οὕτως
950 523 1209 571 Ἀριστοφάνης.

225 576 312 612 651.
333 571 444 622 (165.)
466 575 597 613 Pollux
614 575 708 618 VII,
734 577 819 616 177.
876 577 1101 624 Μυροπωλεῖν
1117 575 1209 622 Ἀρι-

173 630 347 676 στοφιίνης
365 628 445 674 ἔφη.

225 675 312 718 662.
347 677 459 728 (166.)
497 680 631 719 Pollux
666 681 756 725 VII,
797 681 881 717 139.
937 684 1115 717 Ναῦταιζ
1162 678 1211 717 οἷς

173 734 460 834 ””’ἒῗ5”’ἔ“(’ἶῗ,“)ἶ
478 733 1058 834 ’ἑῖῗῖᾇὲρίῗοὲὁί”’ῗζὲζέόἶὲ.ης
1082 786 1119 822 οε
1138 799 1193 823 ..a

173 839 343 877 νιεύεσθαι
363 841 404 876 τὸ
427 843 556 887 τολμᾶν
582 842 661 889 ἔφη,
675 840 954 887 -τ-ιίνδρίζεσθαι
979 840 1015 875 δὲ
1041 836 1132 875 εἶπεν
1155 839 1211 874 άν-

174 893 348 943 δροῦσθαι,
369 893 423 930 καὶ
441 895 667 942 ἀνδριζόμενοι
683 893 887 939 Ὑπερείδης.

227 944 313 984 654.
336 943 447 993 (168.)
467 942 601 983 Pollux
625 945 715 988 VII,
737 944 824 982 138.
880 947 960 981 Νεῖν
977 945 1008 981 δ’
1034 945 1073 990 ἐξ
1096 946 1212 982 ὑπτίας

174 993 308 1047 μάθημα
326 998 549 1046 κολυμβητῶν
564 1001 814 1046 Ἀριστοφάνης
838 996 910 1035 εἶπε
929 1000 983 1034 καὶ
1001 998 1159 1034 Πλάτων.

227 1053 313 1088 656.
360 1050 471 1100 (169.)
519 1050 726 1101 Stephanus
765 1051 922 1100 Byzant.
979 1053 1186 1097 Νώνακρις
1202 1065 1211 1086 1

173 1107 274 1145 πόλις
291 1105 480 1153 Ἀρκαδίας.
493 1119 545 1132 ω*
555 1108 595 1142 τὸ
613 1105 743 1142 ἐθνικὸν
754 1118 803 1131 a*
813 1108 868 1140 καὶ
886 1104 1097 1149 Νωνακριεὺς
1114 1105 1211 1152 λέγε-

174 1170 227 1195 ται
244 1159 335 1206 παρὰ
352 1158 602 1205 Ἀριστοφάνει.
633 1157 805 1194 Fortasse
830 1158 1028 1204 Νωνωιρεὺς
1053 1156 1213 1192 scriben-

174 1210 263 1248 dum
281 1222 329 1247 ex
347 1207 525 1260 Hesychii
542 1215 580 1247 et
598 1209 722 1248 Photii
741 1209 886 1260 glossh.

227 1263 313 1299 666.
343 1262 454 1312 (¹7⁹⁸)
479 1262 614 1301 Pollul
639 1263 692 1305 11,
722 1266 809 1301 180.
839 1264 904 1300 Καὶ
928 1264 1132 1310 νωτοπλῆγα
1157 1264 1215 1298 τὸν

173 1317 356 1366 μαστιγίαν
367 1316 619 1365 Ἀριστοφάνης
633 1318 785 1354 ἐκάλεσε.
827 1314 912 1352 Nisi
927 1313 1214 1363 Aristophanem

174 1381 241 1419 pro
277 1368 498 1406 Pherecrate
533 1369 746 1413 nominavit,
783 1369 887 1417 cujus
925 1379 972 1404 ex
1010 1367 1214 1416 Crapatalis

175 1421 307 1458 fluidas
324 1421 363 1459 in
381 1425 582 1470 ’νωτοπλῆγιι
599 1429 746 1459 versum
764 1420 898 1466 attulit,
926 1423 990 1457 Καὶ
1014 1423 1214 1469 νωτοπλῆγα

175 1476 220 1522 μὴ
238 1475 367 1522 ταχέως
387 1476 557 1512 διακονεῖν.

227 1527 314 1564 657.
339 1527 452 1576 (171.)
472 1527 610 1565 Pollux
628 1522 717 1564 VII.
738 1524 802 1565 60.
814 1526 954 1573 Ἐξαινε
973 1528 1010 1563 δὲ
1034 1528 1100 1563 τὼν
1118 1527 1214 1574 ε’ρίων

174 1581 425 1628 Ἀριστοφάνης
439 1583 516 1629 ἔφη.

227 1633 315 1670 658.
337 1634 447 1684 (172.)
470 1633 626 1672 Photiua
649 1640 685 1682 p·
709 1633 799 1675 808,
826 1631 890 1668 23.
919 1639 1067 1679 Ξειρης
1097 1631 1183 1680 (Sic)
1202 1645 1211 1668 z

176 1688 284 1735 φυτὸν
294 1687 513 1735 ἅρωματικόν.
527 1684 789 1735 Ἀριστοφάνης.
815 1685 1038 1734 Hesychius,
1054 1691 1147 1733 Ξειρ
1158 1686 1190 1722 ἱς
1203 1697 1212 1720 :

176 1741 384 1788 άρωματικόν
402 1751 435 1776 τι
452 1742 573 1788 φυτόν.
594 1739 655 1775 ubi
674 1739 757 1776 vide
776 1738 1043 1775 annotationes.

229 1793 318 1828 659.
359 1791 468 1841 (173.)
512 1792 669 1830 Photius
712 1804 749 1840 p.
789 1793 876 1834 330,
914 1791 975 1828 12.
988 1804 1040 1816 -·-·
1053 1794 1092 1826 τὸ
1129 1793 1217 1838 ἱερὸν
1237 1838 1239 1841 .

172 1840 395 1891 Ὀλυμπίειον
411 1847 706 1889 πεντασυλλάβυς
723 1846 776 1892 ὣς>
788 1845 1031 1889 Ἀσκληπίειον
1058 1843 1214 1890 Ἀριστο-
1237 1853 1240 1907 ᾖ

205 1914 226 1934 ιι
267 1915 294 1936 ς.

174 1900 204 1947 φ
227 1912 315 1988 ι61160.
339 1951 449 1998 (174.)
470 1950 627 1987 Photiun
645 1961 681 1999 p.
695 1944 785 1992 291,
804 1948 861 1984 15.
882 1954 920 1985 et
939 1946 1087 1994 Suidas,
1105 1946 1214 1986 Ὀνο-

176 2006 330 2052 χίζεται
346 2017 355 2041 z
386 2005 670 2053 ἀκριβολογεῖται.
703 2001 1089 2053 οὕτωςγἈριστοφάνης,

228 2057 316 2094 661.
339 2054 451 2105 (175.)
471 2055 628 2093 Photiuss
641 2067 678 2104 p.
695 2056 783 2095 349,
804 2055 839 2090 3.
861 2054 1073 2102 'Opoyulm
1091 2055 1212 2102 λέγου-

178 2110 799 2211 mvssgffdffisshossffsmgpgffl
823 2161 856 2195 8.
905 2161 1090 2207 οιδαμᾷ;
1121 2162 1213 2196 οὐδέ.

175 2231 268 2255 ποτε.
299 2216 560 2264 Ἀριστοφάνης.
591 2213 745 2260 Corrige
763 2214 901 2259 οὐδαμά.
920 2214 1054 2259 μηδαμὰ
1067 2212 1212 2249 restitu-

176 2275 255 2307 tum
274 2267 540 2316 Thesmophor.
561 2280 595 2303 v.
620 2266 730 2301 1162.

231 2323 316 2358 663.
340 2320 451 2369 (177·)
472 2318 702 2368 Phrynichus
726 2314 886 2354 Bekkeri
910 2329 947 2365 p.
969 2316 1030 2362 18,
1051 2319 1111 2354 23.
1166 2321 1214 2356 Αἱ

176 2380 252 2411 τῶν
277 2378 474 2423 γυναικῶν
490 2373 681 2421 παγίδα-Ζ
708 2371 786 2408 τοὺς
799 2372 946 2416 κόσμους
964 2371 1018 2407 καὶ
1034 2371 1094 2409 τὰς
1111 2371 1212 2417 ε’σθῆ-

178 2444 245 2470 τας,
266 2426 317 2466 αἷς
341 2431 487 2475 χρῶνται
511 2427 546 2462 αἶ
569 2427 722 2474 γυναῖκες
746 2425 1046 2470 καλλωπιζόμενοι,
1071 2424 1214 2472 παγίδας

179 2479 270 2518 εἶπεν
289 2481 550 2528 Ἀριστοφάνης.
677 2523 680 2526 ‚

231 2535 318 2569 664.
339 2531 454 2581 (178.)
473 2530 607 2568 Pollux
631 2527 701 2571 VI,
725 2529 809 2565 163.
865 2530 929 2565 Καὶ
954 2527 1214 2577 Ἀριστοφάνης,

179 2587 365 2635 Πάγκυφος
392 2586 500 2622 ἐλαία.
540 2582 668 2620 Scribe
695 2583 792 2618 ἐλάα.
848 2580 1070 2629 Hesychius,
1095 2583 1215 2628 Ἀστὴ

179 2641 321 2676 ε’λαίαε
351 2639 371 2684 ἡ
405 2640 440 2674 ἐν
470 2638 651 2685 ἀκροπόλει
681 2634 701 2679 ἡ
733 2633 918 2679 καλουμένη
949 2634 1127 2682 πάγκυφος
1163 2637 1216 2671 διὰ

179 2693 427 2739 χθαμαλότητα.
482 2686 617 2725 Pollux
643 2686 715 2728 IX,
745 2684 803 2722 17.
858 2686 902 2722 ‘H
928 2684 970 2723 δὲ
988 2689 1141 2736 κωμῳδία
1165 2690 1217 2723 καὶ

179 2745 285 2791 ἀστῆς
303 2744 419 2781 ἐλαίας
437 2741 546 2790 εἴρηκε
563 2743 622 2787 τῆς
640 2742 674 2777 ε’ν
691 2741 801 2776 πόλει.

233 2810 322 2844 665.
352 2807 464 2856 (179.)
493 2804 702 2854 Stephanus
727 2803 883 2851 Byzant.
940 2804 1218 2849 Hvapssmrdssryc

187 2860 435 2910 (Παμβωτάδαι
453 2857 654 2906 Meursius)
672 2869 680 2892 ε
703 2857 805 2902 δῆμος
825 2855 988 2900 Ἀττικῆς,
1004 2855 1218 2902 Ἐρεχθηίδος

183 2916 308 2963 φυλῆς.
337 2917 355 2949 ὁ
367 2914 509 2958 δημότης
524 2910 765 2958 Παμβωτάδης.
793 2908 834 2943 τὰ
847 2909 967 2944 τοπικὰ
981 2909 1016 2943 ἐκ
1027 2909 1218 2952 Παμβωτά-

184 2968 260 3009 δων,
280 2967 316 3002 ἐν
333 2963 584 3012 Παμβωτάδων.
613 2960 872 3011 Ἀριστοφάνης.
927 2958 1055 2996 Scribe
1068 2963 1217 3007 Παμβω-

181 3021 300 3055 ταδῶν.

237 3081 325 3118 666.
347 3080 456 3129 (180.)
478 3079 635 3117 Photius
658 3091 694 3127 p.
721 3072 811 3118 377,
838 3079 899 3114 25.
939 3080 1090 3115 Πανός-ε
1114 3078 1220 3123 δέσμη

183 3135 407 3180 κληματίδων.
448 3135 481 3170 οἶ
506 3135 542 3169 δὲ
562 3134 715 3180 νεώτεροι
739 3132 883 3168 Ἀττικοὶ
907 3131 1026 3177 φανόν.
1063 3129 1219 3177 Ἀριστο-

182 3188 300 3234 φάνης.

240 3246 328 3286 667.
350 3247 461 3298 (181.)
489 3248 623 3286 Pollux
648 3247 698 3289 X,
727 3248 811 3283 156.
838 3248 1007 3294 Πέτευρον
1030 3249 1077 3292 δέ,
1102 3247 1141 3282 οὗ
1165 3249 1222 3284 τὰς

183 3302 361 3340 ἐνοικιδίας
372 3303 504 3351 ὄρνιθας
515 3301 725 3350 ἐγκαθεύδειν
737 3302 963 3346 συμβέβηκεν,
974 3300 1222 3347 Ἀριστοφάνης

184 3356 288 3402 λέγει.
316 3354 472 3391 Photius
489 3367 525 3403 p.
542 3356 632 3396 426,
652 3352 713 3389 12.
745 3354 968 3400 Πέτευρονε
998 3356 1065 3389 πᾶν
1081 3354 1120 3388 τὸ
1138 3364 1220 3398 μακ-

187 3407 247 3448 ρὸν
264 3408 317 3443 καὶ
333 3409 509 3444 §nomm-v
528 3408 581 3442 καὶ
598 3409 764 3453 μετέωρον
783 3405 897 3449 ξύλον.
925 3405 1173 3453 Ἀριστοφάνης
1188 3406 1222 3440 ἐν

189 3462 232 3510 τῷ
250 3474 279 3495 ε.
333 3459 434 3499 Nam
452 3459 562 3499 etjam
579 3462 744 3506 πέτονρον
762 3457 900 3498 dictum
918 3462 986 3497 est.

2215 260 2293 304 743

1310 361 1399 399 668.
1421 359 1535 410 (182.)
1554 359 1689 400 Pollux
1708 362 1777 406 IV,
1796 362 1884 402 163.
1907 362 2158 412 Ἀριστοφάνης
2177 363 2212 400 δὲ
2227 364 2294 413 ἔφη

1256 417 1311 452 καὶ
1327 416 1591 463 πλεισταχόθεν.

1305 466 1394 504 669.
1423 467 1533 517 (183.)
1555 468 1687 505 Pollux
1716 467 1811 512 VII,
1836 466 1894 506 12.
1949 471 1987 506 ‘O
2013 471 2049 507 δὲ
2073 473 2143 507 τοῖς
2168 471 2293 518 πιπρά-

1255 537 1378 557 σκουσι
1395 523 1568 570 προξενῶν
1585 525 1799 571 προπράτωρ,
1818 525 1862 561 ὣς
1881 524 2063 571 Δείναρχος
2087 524 2142 559 καὶ
2158 523 2293 562 Ἰσαῖος.

1251 577 1436 622 προπώληυ
1452 577 1488 611 δὲ
1502 575 1751 623 Ἀριστοφάνης
1769 578 1870 612 αὐτὸν
1887 574 1960 614 εἷπε
1978 578 2031 612 καὶ
2050 577 2295 623 προπωλοῦντα

1253 629 1413 666 Πλάτων.

1305 680 1393 718 670.
1415 678 1527 728 (184.)
1543 680 1701 719 Photius
1719 695 1756 731 p.
1773 683 1862 724 463,
1882 683 1943 722 21.
1972 682 2292 730 Προσχίσματαὲ

1253 731 1340 772 εἶδος
1358 733 1579 779 ὑποδήματος.
1610 734 1872 783 Ἀριστοφάνης.
1929 734 2035 771 Conf.
2064 733 2295 783 Hesychium

1255 785 1327 821 vol.
1351 786 1407 828 ΙΙ,
1427 798 1463 835 p.
1491 786 1599 823 1054.

1304 837 1393 875 671.
1416 838 1529 887 (185.)
1550 838 1685 877 Pollux
1705 836 1776 885 IV,
1802 841 1859 876 18.
1890 842 1955 877 Kal
1977 841 2099 885 πυξίον
2117 841 2171 876 καὶ
2194 841 2293 885 πυξί-

1255 893 1326 927 διον
1342 894 1432 937 παρὰ
1460 891 1714 940 Ἀριστοφάνει.
1770 892 1875 930 Idem
1899 891 1949 934 X,
1972 895 2035 934 59,
2062 892 2124 929 60.
2179 896 2232 942 Τῷ
2258 894 2295 930 δέ

1254 947 1347 982 παιδὶ
1365 946 1434 980 δέοι
1452 945 1493 982 ἂν
1509 949 1685 992 προσεῖναι
1702 966 1750 973 ·—-
1763 946 1893 990 πυξίον·
1921 945 2048 993 εἴρηται
2073 947 2134 992 μὲν
2157 948 2222 994 γὰρ
2242 947 2296 984 καὶ

1255 999 1311 1035 ἐπὶ
1329 999 1512 1045 ζωγράφου
1530 1002 1674 1045 τοῦνομα
1693 1000 1728 1034 ἐν
1746 1000 2005 1046 Ἀναξανδρίδου
2029 1001 2230 1046 Ζωγράφοις
2243 1018 2296 1027 —

1257 1053 1279 1070 “
1297 1051 1425 1095 Πυξίον
1437 1052 1555 1087 λαβὼν
1573 1051 1710 1087 κάθου.”
1730 1053 1826 1088 οὐδὲν
1844 1052 1880 1087 δὲ
1899 1052 2020 1087 κωλύει
2039 1054 2092 1086 καὶ
2111 1052 2158 1089 εἷς
2174 1051 2296 1098 ταύτην

1255 1104 1335 1140 αὐτὸ
1352 1107 1412 1150 τὴν
1428 1104 1553 1150 χρῆσιν
1570 1105 1629 1150 τὴν
1647 1105 1702 1142 ε’πὶ
1719 1108 1766 1154 τῷ
1784 1106 1931 1152 γράφειν
1948 1105 2008 1152 ὑφ’
2028 1105 2119 1151 ἡμῶν
2137 1105 2293 1152 ἄγεσθαι,

1256 1157 1328 1193 ἐπεὶ
1346 1159 1400 1193 καὶ
1416 1156 1668 1203 Ἀριστοφάνης
1685 1156 1771 1195 οὕτω
1791 1157 1958 1205 κέχρηται.

1307 1208 1395 1246 672.
1424 1206 1536 1258 (186.)
1562 1209 1717 1247 Photius
1734 1223 1770 1260 p.
1792 1211 1882 1254 478,
1906 1211 1936 1246 l.
1965 1211 2139 1256 Πυτίνη;
2167 1210 2295 1256 πλεκτὴ

1257 1263 1413 1309 λάγυνος.
1453 1262 1714 1309 Ἀριστοφάνης.

1310 1315 1396 1351 673.
1420 1315 1529 1361 (181.)
1555 1313 1711 1352 Photius
1735 1327 1771 1364 p.
1798 1317 1885 1358 486,
1912 1318 1974 1353 24.
2011 1315 2203 1364 Ῥήτοραε
2243 1317 2296 1353 καὶ

1257 1369 1317 1413 τὴν
1332 1371 1482 1414 γυναῖκα.
1513 1366 1774 1416 Ἀριστοφάνης.
1852 1414 1855 1416 q

1309 1420 1395 1456 674.
1417 1417 1531 1470 (188.)
1553 1419 1823 1457 Grammaticus
1842 1417 2072 1458 Bachmanni
2090 1420 2121 1463 I,
2141 1433 2177 1469 p.
2206 1420 2295 1462 360,

1256 1471 1320 1508 26.
1342 1475 1607 1510 Σαικωνίσαιε
1639 1475 1818 1520 κινηθῆναι.
1849 1473 2109 1523 Ἀριστοφάνης.
2153 1473 2296 1511 Eadem

1258 1524 1368 1562 habet
1387 1525 1543 1563 Photius
1561 1539 1596 1575 p.
1619 1528 1705 1567 496,
1733 1522 1769 1564 7.
1795 1526 1857 1562 ubi
1882 1530 2080 1573 σαικονῆσαι
2105 1525 2294 1575 scriptum.

1257 1577 1365 1614 conf.
1386 1578 1621 1627 Hesychium
1641 1579 1712 1616 vol.
1735 1577 1793 1620 II,
1813 1592 1849 1627 p.
1872 1580 1982 1615 1138.

1309 1631 1394 1667 675.
1418 1631 1529 1680 (189.)
1549 1630 1706 1668 Photius
1725 1644 1761 1680 p.
1782 1632 1871 1676 503,
1892 1631 1952 1668 19.
1974 1637 2012 1668 et
2034 1631 2296 1680 grammaticus

1258 1684 1483 1720 Bachmanni
1504 1684 1534 1725 I,
1554 1697 1591 1733 p.
1613 1685 1701 1727 362,
1724 1684 1785 1721 31.
1815 1686 1926 1721 Edu:
1958 1687 1997 1720 τὸ
2023 1688 2206 1732 λεγόμενον
2227 1689 2297 1722 τοῖς

1257 1739 1400 1775 παιδίοις
1418 1739 1481 1774 ὑπὸ
1506 1741 1572 1773 τῶν
1594 1741 1744 1786 τροφῶν,
1764 1737 1843 1774 ὅταν
1868 1739 1952 1773 αὐτὰ
1977 1737 2171 1780 βούλωνται
2198 1739 2295 1785 οὐρῆ-

1263 1806 1334 1826 σαι.
1363 1790 1466 1827 οὕτως
1487 1789 1747 1838 Ἀριστοφάνης.

1311 1841 1401 1880 676.
1433 1844 1542 1889 (190.)
1572 1838 1794 1892 Hesychius,
1822 1844 2015 1891 Ee'ptcboc:
2048 1843 2295 1891 Ἀριστοφάνης

1260 1897 1317 1941 τὴν
1334 1897 1555 1942 λακεδαίμονα
1574 1898 1727 1944 Σέριφον.
1750 1894 1906 1932 Photius
1925 1908 1963 1943 p.
1986 1894 2072 1940 506,
2100 1896 2159 1932 24.
2189 1894 2295 1940 Σέρι-

1258 1952 1358 1995 φονε
1388 1950 1447 1994 τὴν
1466 1950 1703 1994 Λακεδαίμονα,
1724 1948 1778 1985 διὰ
1795 1951 1835 1985 τὸ
1854 1949 2010 1996 σκληρῶς
2029 1949 2097 1994 ζῆν.
2136 1949 2189 1985 καὶ
2217 1964 2295 1996 κρη-

1259 2004 1344 2047 σμὸς
1362 2004 1474 2038 αὐτοῖς
1492 2002 1662 2046 ἐξέπεσεν.

1309 2052 1395 2091 677.
1419 2052 1532 2102 (191.)
1547 2053 1699 2090 Photius
1718 2067 1753 2102 Ρ.
1777 2054 1861 2096 518,
1882 2052 1920 2090 2.
1951 2053 2293 2091 Σκελετεὺεσθαιῖ

1259 2107 1487 2154 ξηραίνεσθαι.
1515 2106 1774 2154 Ἀριστοφάνης.

1310 2160 1396 2196 678.
1418 2159 1527 2208 (192.)
1549 2157 1705 2196 Photius
1728 2171 1766 2210 p.
1788 2159 1874 2200 520,
1901 2158 1957 2196 12.
1978 2163 2016 2195 et
2034 2158 2296 2207 grammaticus

1258 2210 1485 2249 Bachmanni
1503 2210 1536 2252 I,
1562 2224 1597 2260 p.
1625 2211 1712 2256 366,
1743 2211 1802 2248 10.
1833 2214 2104 2260 Σκιμβάζειν;
2133 2210 2297 2259 χωλεῦειν

1259 2268 1311 2302 καὶ
1330 2265 1540 2309 ἀσκωλίζειν.
1569 2267 1607 2301 τὸ
1626 2266 1707 2301 αιίτὸ
1724 2267 1833 2301 τοῦτο.
1862 2265 1966 2303 οὕτως
1983 2266 2243 2313 Ἀριστοφάνης.

1307 2315 1394 2355 679.
1442 2315 1554 2366 (193.)
1599 2316 1755 2354 Photius
1790 2329 1825 2365 p.
1862 2318 1951 2361 524,
1993 2319 2030 2354 5.
2073 2318 2204 2364 Σκοπὴν
2244 2319 2297 2356 καὶ

1259 2376 1402 2409 σκοπιᾶν
1419 2371 1572 2418 λέγουσι.
1610 2373 1663 2406 καὶ
1682 2371 1813 2407 σκοπᾶν
1831 2369 2090 2419 Ἀριστοφάνης.

1309 2426 1396 2462 680.
1427 2421 1538 2471 (194.)
1568 2418 1702 2459 Pollux
1733 2420 1830 2466 VII,
1863 2421 1945 2460 148.
2000 2423 2067 2470 Τὴν
2093 2424 2130 2460 δὲ
2157 2423 2297 2471 σμινύην

1260 2478 1432 2522 σμινῦδιον
1451 2475 1702 2524 Ἀριστοφάνης
1720 2478 1826 2512 καλεῖ.

1309 2530 1395 2566 681.
1416 2526 1526 2577 (195.)
1552 2527 1708 2565 Photius
1734 2541 1770 2576 Ρ.
1796 2527 1885 2573 532,
1914 2528 1974 2565 16.
2029 2529 2293 2577 Ξπυρθίζεινε

1261 2584 1298 2617 τὸ
1325 2584 1539 2630 ἀνασκιρτᾶν,
1567 2582 1633 2618 ἀπὸ
1659 2586 1725 2617 τῶν
1753 2582 1848 2618 ὄνων.
1903 2581 2007 2620 οὕτως
2035 2581 2296 2630 Ἀριστοφάνης·

1261 2633 1367 2672 Conf.
1390 2632 1617 2682 Hesychium
1635 2631 1706 2670 vol.
1728 2632 1782 2678 ΙΙ,
1801 2645 1837 2681 p.
1862 2634 1971 2671 1252.

1311 2689 1398 2724 682.
1421 2685 1530 2736 (196.)
1550 2684 1686 2722 Pollux
1705 2685 1778 2728 III,
1800 2686 1889 2723 146.
1917 2688 2167 2735 Ἀριστοφάνης
2190 2689 2227 2725 δὲ
2246 2690 2298 2725 καὶ

1261 2741 1503 2788 σταδιοδρόμης
1521 2738 1640 2786 εἴρηκε.
1697 2739 1911 2775 Deteriores
1924 2739 2007 2775 libri
2025 2741 2280 2789 σταδιοδρόμος.

1313 2794 1400 2830 683.
1422 2790 1535 2839 (197.)
1556 2790 1707 2827 Photius
1731 2803 1767 2839 p.
1798 2792 1883 2834 535,
1903 2792 1941 2829 5.
1996 2794 2164 2831 Στάσιςὲ
2194 2796 2258 2840 οὐχ
2279 2792 2299 2839 ἦ

1494 2845 1502 2858 2
1552 2844 1561 2858 θ
1608 2845 1617 2858 ³
1663 2846 1672 2858 ἱ

1261 2899 1303 2934 τὰ
1318 2900 1494 2945 πεφυκότα
1515 2897 1703 2944 σπέρματα.
1741 2896 1846 2934 οὕτως
1862 2898 2125 2945 Ἀριστοφάνης.

1314 2951 1400 2986 684.
1433 2948 1540 2997 (198.)
1566 2948 1697 2985 Pollux
1723 2947 1821 2990 VII,
1849 2949 1911 2986 32.
1966 2950 2117 2996 Στὴμονα
2140 2951 2177 2988 δὲ
2201 2951 2298 2996 ἐξεσ-

1263 3003 1360 3048 μένον
1377 3005 1435 3039 τὸν
1453 3004 1573 3050 ἰσχνὸν
1591 3003 1644 3038 καὶ
1661 3003 1755 3037 λεῖον
1773 3001 2024 3050 Ἀριστοφάνης
2035 3004 2141 3051 λέγει.
2340 3000 2341 3003 “

1315 3067 1398 3102 685.
1422 3064 1534 3113 (199.)
1569 3064 1705 3102 Pollux
1728 3064 1818 3108 VII,
1845 3066 1932 3104 190.
1988 3069 2302 3117 Στρογγυλοναύτας

1263 3118 1512 3166 Ἀριστοφάνης
1528 3120 1631 3166 λέγει.

1317 3184 1402 3218 686.
1425 3181 1534 3231 (200.)
1551 3181 1762 3231 Etymolog.
1783 3178 1840 3219 M.
1856 3196 1894 3232 p.
1913 3181 1999 3225 747,
2017 3183 2051 3220 3.
2094 3183 2250 3223 Photius
2263 3200 2299 3236 p.

1264 3231 1352 3276 570,
1374 3236 1409 3276 3,
1430 3240 1467 3271 et
1487 3233 1750 3284 grammaticus
1769 3233 1997 3272 Bach'manni
2014 3236 2086 3273 vol.
2109 3237 2142 3283 Ι,
2157 3248 2192 3286 Ρ.
2214 3239 2302 3282 382,

1266 3287 1301 3323 8.
1346 3289 1563 3335 Τάρρωμαι
1591 3286 1651 3334 τὴν
1668 3288 1898 3334 κωπηλασίσν.
1928 3287 2032 3327 οὕτως
2043 3289 2301 3339 Ἀριστοφάνης.

1316 3349 1400 3387 687.
1422 3349 1534 3400 (201.)
1554 3350 1711 3388 Photius
1728 3365 1764 3400 p.
1784 3350 1834 3388 57
1837 3352 1873 3394 2,
1894 3354 1930 3389 4.
1986 3358 2023 3389 et
2041 3352 2303 3402 grammaticus

1263 3400 1490 3439 Bachmanni
1513 3416 1547 3452 p.
1569 3406 1655 3444 382.
1682 3408 1744 3441 20.
1786 3406 1934 3451 Τάχαςε
1968 3407 2045 3444 τοὺς
2066 3422 2302 3463 καταστοχασ.

1262 3457 1354 3505 μούς,
1372 3458 1461 3507 παρὰ
1479 3458 1519 3496 τὸ
1535 3459 1631 3510 τάχα.
1665 3456 1769 3498 οὕτως
1785 3458 2033 3512 Ἀριστοφάνης
