<?xml version="1.0" encoding="UTF-8"?>
<!DOCTYPE html PUBLIC "-//W3C//DTD XHTML 1.0 Transitional//EN"
    "http://www.w3.org/TR/xhtml1/DTD/xhtml1-transitional.dtd">
<html xmlns="http://www.w3.org/1999/xhtml" xml:lang="en" lang="en">
 <head>
  <title>
</title>
<meta http-equiv="Content-Type" content="text/html;charset=utf-8" />
  <meta name='ocr-system' content='tesseract 3.04.00' />
  <meta name='ocr-capabilities' content='ocr_page ocr_carea ocr_par ocr_line ocrx_word'/>
</head>
<body>
  <div class='ocr_page' id='page_1' title='image "./poetarumscenicor00dinduoft_0338.png"; bbox 0 0 2488 3860; ppageno 0'>
   <div class='ocr_carea' id='block_1_1' title="bbox 193 296 276 340">
    <p class='ocr_par' dir='ltr' id='par_1_1' title="bbox 193 296 276 340">
     <span class='ocr_line' id='line_1_1' title="bbox 193 296 276 340; baseline 0 0"><span class='ocrx_word' id='word_1_1' title='bbox 193 296 276 340; x_wconf 78' lang='lat'>330</span> 
     </span>
    </p>
   </div>
   <div class='ocr_carea' id='block_1_2' title="bbox 198 1874 269 1906">
    <p class='ocr_par' dir='ltr' id='par_1_2' title="bbox 198 1874 269 1906">
     <span class='ocr_line' id='line_1_2' title="bbox 198 1874 269 1906; baseline -0.014 0"><span class='ocrx_word' id='word_1_2' title='bbox 198 1874 269 1906; x_wconf 86' lang='lat' dir='ltr'>XO.</span> 
     </span>
    </p>
   </div>
   <div class='ocr_carea' id='block_1_3' title="bbox 201 2035 265 2065">
    <p class='ocr_par' dir='ltr' id='par_1_3' title="bbox 201 2035 265 2065">
     <span class='ocr_line' id='line_1_3' title="bbox 201 2035 265 2065; baseline 0.016 -1"><span class='ocrx_word' id='word_1_3' title='bbox 201 2035 265 2065; x_wconf 89' lang='grc' dir='ltr'>ΤΕ.</span> 
     </span>
    </p>
   </div>
   <div class='ocr_carea' id='block_1_4' title="bbox 1095 296 1424 339">
    <p class='ocr_par' dir='ltr' id='par_1_4' title="bbox 1095 296 1424 339">
     <span class='ocr_line' id='line_1_4' title="bbox 1095 296 1424 339; baseline 0.003 -1"><span class='ocrx_word' id='word_1_4' title='bbox 1095 296 1424 339; x_wconf 65' lang='grc' dir='ltr'>ΕΥΡΙΠΙΔΟΥ</span> 
     </span>
    </p>
   </div>
   <div class='ocr_carea' id='block_1_5' title="bbox 293 397 1235 2342">
    <p class='ocr_par' dir='ltr' id='par_1_5' title="bbox 293 397 1073 606">
     <span class='ocr_line' id='line_1_5' title="bbox 295 397 1027 448; baseline 0 -12"><span class='ocrx_word' id='word_1_5' title='bbox 295 398 448 444; x_wconf 82' lang='grc' dir='ltr'>ξανθοῖσι</span> <span class='ocrx_word' id='word_1_6' title='bbox 465 397 714 448; x_wconf 72' lang='grc' dir='ltr'>βοστρύχοισιν</span> <span class='ocrx_word' id='word_1_7' title='bbox 730 399 896 447; x_wconf 76' lang='grc' dir='ltr'>εὕκοσμος</span> <span class='ocrx_word' id='word_1_8' title='bbox 913 401 1027 447; x_wconf 84' lang='grc' dir='ltr'>κόμην,</span> 
     </span>
     <span class='ocr_line' id='line_1_6' title="bbox 295 451 1073 501; baseline -0.001 -12"><span class='ocrx_word' id='word_1_9' title='bbox 295 454 445 495; x_wconf 86' lang='grc' dir='ltr'>οἶνωπὸς,</span> <span class='ocrx_word' id='word_1_10' title='bbox 461 451 582 491; x_wconf 72' lang='grc' dir='ltr'>ὄσσοις</span> <span class='ocrx_word' id='word_1_11' title='bbox 598 453 737 501; x_wconf 86' lang='grc' dir='ltr'>χάριτας</span> <span class='ocrx_word' id='word_1_12' title='bbox 753 451 955 501; x_wconf 81' lang='grc' dir='ltr'>Ἀφροδίτης</span> <span class='ocrx_word' id='word_1_13' title='bbox 973 453 1073 500; x_wconf 81' lang='grc' dir='ltr'>ἔχων,</span> 
     </span>
     <span class='ocr_line' id='line_1_7' title="bbox 295 505 973 557; baseline 0.001 -17"><span class='ocrx_word' id='word_1_14' title='bbox 295 505 332 542; x_wconf 87' lang='grc' dir='ltr'>ὃς</span> <span class='ocrx_word' id='word_1_15' title='bbox 349 506 471 553; x_wconf 78' lang='grc' dir='ltr'>ἡμέρας</span> <span class='ocrx_word' id='word_1_16' title='bbox 488 518 525 541; x_wconf 91' lang='grc' dir='ltr'>τε</span> <span class='ocrx_word' id='word_1_17' title='bbox 543 506 729 557; x_wconf 78' lang='grc' dir='ltr'>κεύφρόνας</span> <span class='ocrx_word' id='word_1_18' title='bbox 839 507 973 554; x_wconf 90' lang='grc' dir='ltr'>ίγνεται,</span> 
     </span>
     <span class='ocr_line' id='line_1_8' title="bbox 293 557 930 606; baseline 0.002 -13"><span class='ocrx_word' id='word_1_19' title='bbox 293 559 432 597; x_wconf 85' lang='grc' dir='ltr'>τελετὰς</span> <span class='ocrx_word' id='word_1_20' title='bbox 449 558 631 606; x_wconf 72' lang='grc' dir='ltr'>προτείνων</span> <span class='ocrx_word' id='word_1_21' title='bbox 649 557 756 596; x_wconf 78' lang='grc' dir='ltr'>εὐίους</span> <span class='ocrx_word' id='word_1_22' title='bbox 774 573 930 594; x_wconf 89' lang='grc' dir='ltr'>νεανισιν.</span> 
     </span>
    </p>

    <p class='ocr_par' dir='ltr' id='par_1_6' title="bbox 294 608 1038 815">
     <span class='ocr_line' id='line_1_9' title="bbox 295 608 1038 659; baseline 0.004 -14"><span class='ocrx_word' id='word_1_23' title='bbox 295 611 325 646; x_wconf 82' lang='grc' dir='ltr'>εἶ</span> <span class='ocrx_word' id='word_1_24' title='bbox 343 610 371 646; x_wconf 80' lang='grc' dir='ltr'>δ’</span> <span class='ocrx_word' id='word_1_25' title='bbox 391 612 491 647; x_wconf 76' lang='grc' dir='ltr'>αὐτὸν</span> <span class='ocrx_word' id='word_1_26' title='bbox 508 609 590 647; x_wconf 80' lang='grc' dir='ltr'>εἴσω</span> <span class='ocrx_word' id='word_1_27' title='bbox 608 611 713 657; x_wconf 83' lang='grc' dir='ltr'>τῆσδε</span> <span class='ocrx_word' id='word_1_28' title='bbox 729 608 886 658; x_wconf 85' lang='grc' dir='ltr'>λήψομαι</span> <span class='ocrx_word' id='word_1_29' title='bbox 905 611 1038 659; x_wconf 91' lang='grc' dir='ltr'>στέγης,</span> 
     </span>
     <span class='ocr_line' id='line_1_10' title="bbox 294 662 1029 711; baseline -0.001 -12"><span class='ocrx_word' id='word_1_30' title='bbox 294 662 414 699; x_wconf 85' lang='grc' dir='ltr'>παύσω</span> <span class='ocrx_word' id='word_1_31' title='bbox 433 666 618 700; x_wconf 85' lang='grc' dir='ltr'>κτυποῦντα</span> <span class='ocrx_word' id='word_1_32' title='bbox 636 662 763 711; x_wconf 86' lang='grc' dir='ltr'>θύρσον</span> <span class='ocrx_word' id='word_1_33' title='bbox 780 663 976 698; x_wconf 80' lang='grc' dir='ltr'>ἀνασείοντά</span> <span class='ocrx_word' id='word_1_34' title='bbox 992 678 1029 699; x_wconf 94' lang='grc' dir='ltr'>τε</span> 
     </span>
     <span class='ocr_line' id='line_1_11' title="bbox 294 717 1026 765; baseline 0.001 -14"><span class='ocrx_word' id='word_1_35' title='bbox 294 718 406 762; x_wconf 83' lang='grc' dir='ltr'>κόμας,</span> <span class='ocrx_word' id='word_1_36' title='bbox 425 717 596 763; x_wconf 85' lang='grc' dir='ltr'>τράχηλον</span> <span class='ocrx_word' id='word_1_37' title='bbox 614 717 769 765; x_wconf 83' lang='grc' dir='ltr'>σώματος</span> <span class='ocrx_word' id='word_1_38' title='bbox 784 717 888 763; x_wconf 79' lang='grc' dir='ltr'>χωρὶς</span> <span class='ocrx_word' id='word_1_39' title='bbox 905 717 1026 762; x_wconf 83' lang='grc' dir='ltr'>τεμών.</span> 
     </span>
     <span class='ocr_line' id='line_1_12' title="bbox 295 767 915 815; baseline -0.002 -12"><span class='ocrx_word' id='word_1_40' title='bbox 295 770 417 806; x_wconf 85' lang='grc' dir='ltr'>ἐκεῖνος</span> <span class='ocrx_word' id='word_1_41' title='bbox 435 767 518 806; x_wconf 78' lang='grc' dir='ltr'>εἶναί</span> <span class='ocrx_word' id='word_1_42' title='bbox 535 769 625 815; x_wconf 92' lang='grc' dir='ltr'>φησι</span> <span class='ocrx_word' id='word_1_43' title='bbox 644 770 808 804; x_wconf 89' lang='grc' dir='ltr'>Διόνυσον</span> <span class='ocrx_word' id='word_1_44' title='bbox 826 767 915 808; x_wconf 89' lang='grc' dir='ltr'>θεὸν,</span> 
     </span>
    </p>

    <p class='ocr_par' dir='ltr' id='par_1_7' title="bbox 298 816 974 871">
     <span class='ocr_line' id='line_1_13' title="bbox 298 816 974 871; baseline -0.001 -15"><span class='ocrx_word' id='word_1_45' title='bbox 298 816 439 870; x_wconf 85' lang='grc' dir='ltr'>[ἐκεῖνος</span> <span class='ocrx_word' id='word_1_46' title='bbox 456 820 491 857; x_wconf 89' lang='grc' dir='ltr'>ἐν</span> <span class='ocrx_word' id='word_1_47' title='bbox 507 825 601 871; x_wconf 76' lang='grc' dir='ltr'>μηρῷ</span> <span class='ocrx_word' id='word_1_48' title='bbox 617 820 693 857; x_wconf 81' lang='grc' dir='ltr'>ποτ’</span> <span class='ocrx_word' id='word_1_49' title='bbox 713 820 844 868; x_wconf 83' lang='grc' dir='ltr'>ἐρράφη</span> <span class='ocrx_word' id='word_1_50' title='bbox 864 816 974 869; x_wconf 84' lang='grc' dir='ltr'>Διὸς,]</span> 
     </span>
    </p>

    <p class='ocr_par' dir='ltr' id='par_1_8' title="bbox 297 869 942 922">
     <span class='ocr_line' id='line_1_14' title="bbox 297 869 942 922; baseline -0.002 -13"><span class='ocrx_word' id='word_1_51' title='bbox 297 874 334 910; x_wconf 87' lang='grc' dir='ltr'>ὃς</span> <span class='ocrx_word' id='word_1_52' title='bbox 352 874 549 922; x_wconf 81' lang='grc' dir='ltr'>ἐκπυροῦται</span> <span class='ocrx_word' id='word_1_53' title='bbox 565 873 741 919; x_wconf 84' lang='grc' dir='ltr'>λαμπάσιν</span> <span class='ocrx_word' id='word_1_54' title='bbox 759 869 942 920; x_wconf 75' lang='grc' dir='ltr'>κεραυνίαις</span> 
     </span>
    </p>

    <p class='ocr_par' dir='ltr' id='par_1_9' title="bbox 295 924 1013 1030">
     <span class='ocr_line' id='line_1_15' title="bbox 297 924 1013 974; baseline -0.001 -12"><span class='ocrx_word' id='word_1_55' title='bbox 297 927 362 962; x_wconf 82' lang='grc' dir='ltr'>σὺν</span> <span class='ocrx_word' id='word_1_56' title='bbox 378 926 488 974; x_wconf 76' lang='grc' dir='ltr'>μητρὶ,</span> <span class='ocrx_word' id='word_1_57' title='bbox 508 926 598 963; x_wconf 90' lang='grc' dir='ltr'>δίους</span> <span class='ocrx_word' id='word_1_58' title='bbox 616 925 667 961; x_wconf 86' lang='grc' dir='ltr'>ὅτι</span> <span class='ocrx_word' id='word_1_59' title='bbox 684 928 811 973; x_wconf 81' lang='grc' dir='ltr'>γάμους</span> <span class='ocrx_word' id='word_1_60' title='bbox 829 924 1013 973; x_wconf 83' lang='grc' dir='ltr'>ἐψεύσατο.</span> 
     </span>
     <span class='ocr_line' id='line_1_16' title="bbox 295 977 923 1030; baseline -0.003 -16"><span class='ocrx_word' id='word_1_61' title='bbox 295 977 388 1014; x_wconf 86' lang='grc' dir='ltr'>ταῦτ’</span> <span class='ocrx_word' id='word_1_62' title='bbox 408 981 485 1030; x_wconf 77' lang='grc' dir='ltr'>οὐχὶ</span> <span class='ocrx_word' id='word_1_63' title='bbox 503 980 610 1024; x_wconf 83' lang='grc' dir='ltr'>δεινῆς</span> <span class='ocrx_word' id='word_1_64' title='bbox 629 978 775 1025; x_wconf 84' lang='grc' dir='ltr'>ἀγχόνης</span> <span class='ocrx_word' id='word_1_65' title='bbox 792 977 923 1021; x_wconf 82' lang='grc' dir='ltr'>ἐπάξια,</span> 
     </span>
    </p>

    <p class='ocr_par' dir='ltr' id='par_1_10' title="bbox 297 1029 987 1080">
     <span class='ocr_line' id='line_1_17' title="bbox 297 1029 987 1080; baseline -0.001 -14"><span class='ocrx_word' id='word_1_66' title='bbox 297 1030 413 1079; x_wconf 83' lang='grc' dir='ltr'>ὕβρεις</span> <span class='ocrx_word' id='word_1_67' title='bbox 430 1032 590 1080; x_wconf 77' lang='grc' dir='ltr'>ὑβρίζειν,</span> <span class='ocrx_word' id='word_1_68' title='bbox 611 1030 706 1067; x_wconf 80' lang='grc' dir='ltr'>ὅστις</span> <span class='ocrx_word' id='word_1_69' title='bbox 724 1030 818 1065; x_wconf 81' lang='grc' dir='ltr'>ἐστὶν</span> <span class='ocrx_word' id='word_1_70' title='bbox 836 1032 854 1064; x_wconf 89' lang='grc' dir='ltr'>ὁ</span> <span class='ocrx_word' id='word_1_71' title='bbox 873 1029 987 1073; x_wconf 89' lang='grc' dir='ltr'>ξένος;</span> 
     </span>
    </p>

    <p class='ocr_par' dir='ltr' id='par_1_11' title="bbox 297 1083 1015 1131">
     <span class='ocr_line' id='line_1_18' title="bbox 297 1083 1015 1131; baseline 0.001 -13"><span class='ocrx_word' id='word_1_72' title='bbox 297 1083 380 1131; x_wconf 85' lang='grc' dir='ltr'>ἀτὰρ</span> <span class='ocrx_word' id='word_1_73' title='bbox 398 1084 465 1120; x_wconf 84' lang='grc' dir='ltr'>τόδ’</span> <span class='ocrx_word' id='word_1_74' title='bbox 485 1083 574 1120; x_wconf 73' lang='grc' dir='ltr'>ἄλλο</span> <span class='ocrx_word' id='word_1_75' title='bbox 592 1083 711 1128; x_wconf 84' lang='grc' dir='ltr'>θαῦμα,</span> <span class='ocrx_word' id='word_1_76' title='bbox 732 1083 790 1118; x_wconf 86' lang='grc' dir='ltr'>τὸν</span> <span class='ocrx_word' id='word_1_77' title='bbox 807 1084 1015 1130; x_wconf 86' lang='grc' dir='ltr'>τερασκόπον</span> 
     </span>
    </p>

    <p class='ocr_par' dir='ltr' id='par_1_12' title="bbox 294 1136 1064 1293">
     <span class='ocr_line' id='line_1_19' title="bbox 300 1136 982 1182; baseline -0.004 -10"><span class='ocrx_word' id='word_1_78' title='bbox 300 1138 335 1172; x_wconf 85' lang='grc' dir='ltr'>ἐν</span> <span class='ocrx_word' id='word_1_79' title='bbox 351 1137 541 1173; x_wconf 79' lang='grc' dir='ltr'>ποικίλαισι</span> <span class='ocrx_word' id='word_1_80' title='bbox 560 1136 693 1182; x_wconf 82' lang='grc' dir='ltr'>νεβρίσι</span> <span class='ocrx_word' id='word_1_81' title='bbox 711 1137 886 1182; x_wconf 84' lang='grc' dir='ltr'>Τειρεσίαν</span> <span class='ocrx_word' id='word_1_82' title='bbox 903 1136 982 1181; x_wconf 84' lang='grc' dir='ltr'>ὁρῶ,</span> 
     </span>
     <span class='ocr_line' id='line_1_20' title="bbox 294 1187 1064 1236; baseline -0.005 -10"><span class='ocrx_word' id='word_1_83' title='bbox 294 1191 422 1236; x_wconf 87' lang='grc' dir='ltr'>πατέρα</span> <span class='ocrx_word' id='word_1_84' title='bbox 438 1187 481 1225; x_wconf 76' lang='grc' dir='ltr'>τε</span> <span class='ocrx_word' id='word_1_85' title='bbox 492 1190 616 1236; x_wconf 89' lang='grc' dir='ltr'>μητρὸς</span> <span class='ocrx_word' id='word_1_86' title='bbox 632 1190 691 1233; x_wconf 85' lang='grc' dir='ltr'>τῆς</span> <span class='ocrx_word' id='word_1_87' title='bbox 709 1189 798 1235; x_wconf 84' lang='grc' dir='ltr'>ἐμῆς,</span> <span class='ocrx_word' id='word_1_88' title='bbox 816 1187 925 1223; x_wconf 82' lang='grc' dir='ltr'>πολὺν</span> <span class='ocrx_word' id='word_1_89' title='bbox 941 1189 1064 1234; x_wconf 87' lang='grc' dir='ltr'>γέλων,</span> 
     </span>
     <span class='ocr_line' id='line_1_21' title="bbox 298 1239 1010 1293; baseline -0.003 -17"><span class='ocrx_word' id='word_1_90' title='bbox 298 1242 435 1289; x_wconf 88' lang='grc' dir='ltr'>νάρθηκι</span> <span class='ocrx_word' id='word_1_91' title='bbox 452 1239 663 1293; x_wconf 75' lang='grc' dir='ltr'>βακχεύοντ’·</span> <span class='ocrx_word' id='word_1_92' title='bbox 691 1241 874 1285; x_wconf 81' lang='grc' dir='ltr'>ἀναίνομαι,</span> <span class='ocrx_word' id='word_1_93' title='bbox 893 1241 1010 1287; x_wconf 91' lang='grc' dir='ltr'>πάτερ,</span> 
     </span>
    </p>

    <p class='ocr_par' dir='ltr' id='par_1_13' title="bbox 297 1292 1002 1342">
     <span class='ocr_line' id='line_1_22' title="bbox 297 1292 1002 1342; baseline -0.003 -13"><span class='ocrx_word' id='word_1_94' title='bbox 297 1296 336 1329; x_wconf 86' lang='grc' dir='ltr'>τὸ</span> <span class='ocrx_word' id='word_1_95' title='bbox 354 1297 458 1342; x_wconf 85' lang='grc' dir='ltr'>γῆρας</span> <span class='ocrx_word' id='word_1_96' title='bbox 475 1296 566 1340; x_wconf 81' lang='grc' dir='ltr'>ὑμῶν</span> <span class='ocrx_word' id='word_1_97' title='bbox 583 1294 726 1340; x_wconf 85' lang='grc' dir='ltr'>εἷσορῶν</span> <span class='ocrx_word' id='word_1_98' title='bbox 743 1295 820 1328; x_wconf 88' lang='grc' dir='ltr'>νοῦν</span> <span class='ocrx_word' id='word_1_99' title='bbox 838 1292 897 1327; x_wconf 81' lang='grc' dir='ltr'>οὐκ</span> <span class='ocrx_word' id='word_1_100' title='bbox 914 1293 1002 1338; x_wconf 79' lang='grc' dir='ltr'>ἕχον.</span> 
     </span>
    </p>

    <p class='ocr_par' dir='ltr' id='par_1_14' title="bbox 297 1344 1235 1657">
     <span class='ocr_line' id='line_1_23' title="bbox 297 1344 1030 1392; baseline -0.005 -9"><span class='ocrx_word' id='word_1_101' title='bbox 297 1350 358 1382; x_wconf 76' lang='grc' dir='ltr'>οὐκ</span> <span class='ocrx_word' id='word_1_102' title='bbox 375 1347 583 1391; x_wconf 81' lang='grc' dir='ltr'>ἀποτινάξεις</span> <span class='ocrx_word' id='word_1_103' title='bbox 601 1347 723 1381; x_wconf 89' lang='grc' dir='ltr'>κισσόν</span> <span class='ocrx_word' id='word_1_104' title='bbox 733 1361 744 1387; x_wconf 82' lang='lat'>‚-</span> <span class='ocrx_word' id='word_1_105' title='bbox 772 1345 831 1380; x_wconf 79' lang='grc' dir='ltr'>οὐκ</span> <span class='ocrx_word' id='word_1_106' title='bbox 850 1344 1030 1392; x_wconf 79' lang='grc' dir='ltr'>ἐλευθέραν</span> 
     </span>
     <span class='ocr_line' id='line_1_24' title="bbox 300 1398 1100 1447; baseline -0.005 -12"><span class='ocrx_word' id='word_1_107' title='bbox 300 1399 428 1447; x_wconf 91' lang='grc' dir='ltr'>θύρσου</span> <span class='ocrx_word' id='word_1_108' title='bbox 445 1399 604 1445; x_wconf 83' lang='grc' dir='ltr'>μεθήσεις</span> <span class='ocrx_word' id='word_1_109' title='bbox 620 1398 717 1445; x_wconf 85' lang='grc' dir='ltr'>χεῖρ’,</span> <span class='ocrx_word' id='word_1_110' title='bbox 738 1399 816 1444; x_wconf 84' lang='grc' dir='ltr'>ἐμῆς</span> <span class='ocrx_word' id='word_1_111' title='bbox 833 1398 957 1445; x_wconf 88' lang='grc' dir='ltr'>μητρὸς</span> <span class='ocrx_word' id='word_1_112' title='bbox 973 1398 1100 1442; x_wconf 74' lang='grc' dir='ltr'>πάτερς</span> 
     </span>
     <span class='ocr_line' id='line_1_25' title="bbox 300 1448 1235 1499; baseline -0.002 -11"><span class='ocrx_word' id='word_1_113' title='bbox 300 1454 344 1488; x_wconf 81' lang='grc' dir='ltr'>σὺ</span> <span class='ocrx_word' id='word_1_114' title='bbox 362 1453 456 1488; x_wconf 87' lang='grc' dir='ltr'>ταῦτ’</span> <span class='ocrx_word' id='word_1_115' title='bbox 476 1454 623 1490; x_wconf 81' lang='grc' dir='ltr'>ἔπεισας,</span> <span class='ocrx_word' id='word_1_116' title='bbox 642 1451 820 1499; x_wconf 74' lang='grc' dir='ltr'>Τειρεσίας</span> <span class='ocrx_word' id='word_1_117' title='bbox 846 1448 936 1485; x_wconf 84' lang='grc' dir='ltr'>τόνδ’</span> <span class='ocrx_word' id='word_1_118' title='bbox 955 1448 997 1485; x_wconf 83' lang='grc' dir='ltr'>αὗ</span> <span class='ocrx_word' id='word_1_119' title='bbox 1015 1449 1129 1486; x_wconf 82' lang='grc' dir='ltr'>θέλεις</span> <span class='ocrx_word' id='word_1_120' title='bbox 1175 1465 1190 1486; x_wconf 88' lang='lat'>2</span> <span class='ocrx_word' id='word_1_121' title='bbox 1196 1462 1213 1496; x_wconf 86' lang='lat'><strong>5</strong></span> <span class='ocrx_word' id='word_1_122' title='bbox 1218 1463 1235 1496; x_wconf 86' lang='lat'>5</span> 
     </span>
     <span class='ocr_line' id='line_1_26' title="bbox 299 1502 1026 1551; baseline -0.003 -11"><span class='ocrx_word' id='word_1_123' title='bbox 299 1507 357 1541; x_wconf 82' lang='grc' dir='ltr'>τὸν</span> <span class='ocrx_word' id='word_1_124' title='bbox 375 1505 499 1550; x_wconf 78' lang='grc' dir='ltr'>δαίμον’</span> <span class='ocrx_word' id='word_1_125' title='bbox 520 1503 747 1551; x_wconf 89' lang='grc' dir='ltr'>ἀνθρώποισιν</span> <span class='ocrx_word' id='word_1_126' title='bbox 766 1502 925 1550; x_wconf 81' lang='grc' dir='ltr'>ἐσφέρων</span> <span class='ocrx_word' id='word_1_127' title='bbox 942 1504 1026 1547; x_wconf 83' lang='grc' dir='ltr'>νέον,</span> 
     </span>
     <span class='ocr_line' id='line_1_27' title="bbox 300 1554 1158 1604; baseline -0.003 -11"><span class='ocrx_word' id='word_1_128' title='bbox 300 1559 439 1594; x_wconf 79' lang='grc' dir='ltr'>σκοπεῖν</span> <span class='ocrx_word' id='word_1_129' title='bbox 455 1556 643 1604; x_wconf 82' lang='grc' dir='ltr'>πτερωτούς</span> <span class='ocrx_word' id='word_1_130' title='bbox 662 1555 841 1604; x_wconf 83' lang='grc' dir='ltr'>κάμπύρων</span> <span class='ocrx_word' id='word_1_131' title='bbox 858 1554 1002 1601; x_wconf 82' lang='grc' dir='ltr'>μισθοὺς</span> <span class='ocrx_word' id='word_1_132' title='bbox 1019 1556 1137 1603; x_wconf 84' lang='grc' dir='ltr'>φέρειν</span> <span class='ocrx_word' id='word_1_133' title='bbox 1146 1570 1158 1596; x_wconf 88' lang='grc'>,·</span> 
     </span>
     <span class='ocr_line' id='line_1_28' title="bbox 300 1606 917 1657; baseline -0.003 -12"><span class='ocrx_word' id='word_1_134' title='bbox 300 1611 329 1645; x_wconf 84' lang='grc' dir='ltr'>εἶ</span> <span class='ocrx_word' id='word_1_135' title='bbox 345 1609 390 1655; x_wconf 93' lang='grc' dir='ltr'>μή</span> <span class='ocrx_word' id='word_1_136' title='bbox 410 1625 452 1645; x_wconf 89' lang='grc' dir='ltr'>σε</span> <span class='ocrx_word' id='word_1_137' title='bbox 468 1612 573 1657; x_wconf 84' lang='grc' dir='ltr'>γῆρας</span> <span class='ocrx_word' id='word_1_138' title='bbox 590 1609 712 1644; x_wconf 86' lang='grc' dir='ltr'>πολιὸν</span> <span class='ocrx_word' id='word_1_139' title='bbox 730 1606 917 1656; x_wconf 80' lang='grc' dir='ltr'>ἐξερρύετο,</span> 
     </span>
    </p>

    <p class='ocr_par' dir='ltr' id='par_1_15' title="bbox 297 1662 1019 1763">
     <span class='ocr_line' id='line_1_29' title="bbox 301 1662 1017 1708; baseline -0.001 -10"><span class='ocrx_word' id='word_1_140' title='bbox 301 1663 418 1708; x_wconf 84' lang='grc' dir='ltr'>καθῆσ“</span> <span class='ocrx_word' id='word_1_141' title='bbox 439 1662 479 1698; x_wconf 78' lang='grc' dir='ltr'>ἂν</span> <span class='ocrx_word' id='word_1_142' title='bbox 497 1663 532 1697; x_wconf 86' lang='grc' dir='ltr'>ἐν</span> <span class='ocrx_word' id='word_1_143' title='bbox 548 1662 714 1708; x_wconf 87' lang='grc' dir='ltr'>βάκχαισι</span> <span class='ocrx_word' id='word_1_144' title='bbox 733 1663 870 1708; x_wconf 88' lang='grc' dir='ltr'>δέσμιος</span> <span class='ocrx_word' id='word_1_145' title='bbox 886 1662 1017 1706; x_wconf 88' lang='grc' dir='ltr'>μέσαις,</span> 
     </span>
     <span class='ocr_line' id='line_1_30' title="bbox 297 1713 1019 1763; baseline 0 -13"><span class='ocrx_word' id='word_1_146' title='bbox 297 1717 438 1752; x_wconf 87' lang='grc' dir='ltr'>τελετὰς</span> <span class='ocrx_word' id='word_1_147' title='bbox 454 1715 599 1763; x_wconf 88' lang='grc' dir='ltr'>πονηρὰς</span> <span class='ocrx_word' id='word_1_148' title='bbox 617 1714 773 1762; x_wconf 78' lang='grc' dir='ltr'>εἰσάγων·</span> <span class='ocrx_word' id='word_1_149' title='bbox 800 1713 933 1762; x_wconf 84' lang='grc' dir='ltr'>γυναιξὶ</span> <span class='ocrx_word' id='word_1_150' title='bbox 952 1714 1019 1761; x_wconf 85' lang='grc' dir='ltr'>γὰρ</span> 
     </span>
    </p>

    <p class='ocr_par' dir='ltr' id='par_1_16' title="bbox 299 1767 995 1815">
     <span class='ocr_line' id='line_1_31' title="bbox 299 1767 995 1815; baseline 0 -12"><span class='ocrx_word' id='word_1_151' title='bbox 299 1769 383 1804; x_wconf 82' lang='grc' dir='ltr'>ὅπου</span> <span class='ocrx_word' id='word_1_152' title='bbox 401 1768 544 1815; x_wconf 87' lang='grc' dir='ltr'>βότρυος</span> <span class='ocrx_word' id='word_1_153' title='bbox 563 1768 598 1802; x_wconf 89' lang='grc' dir='ltr'>ἐν</span> <span class='ocrx_word' id='word_1_154' title='bbox 615 1768 701 1803; x_wconf 80' lang='grc' dir='ltr'>δαιτὶ</span> <span class='ocrx_word' id='word_1_155' title='bbox 719 1767 869 1815; x_wconf 88' lang='grc' dir='ltr'>γίγνεται</span> <span class='ocrx_word' id='word_1_156' title='bbox 886 1767 995 1814; x_wconf 87' lang='grc' dir='ltr'>γάνος,</span> 
     </span>
    </p>

    <p class='ocr_par' dir='ltr' id='par_1_17' title="bbox 301 1818 998 1869">
     <span class='ocr_line' id='line_1_32' title="bbox 301 1818 998 1869; baseline -0.003 -13"><span class='ocrx_word' id='word_1_157' title='bbox 301 1822 364 1867; x_wconf 77' lang='grc' dir='ltr'>οὐχ</span> <span class='ocrx_word' id='word_1_158' title='bbox 382 1822 473 1869; x_wconf 78' lang='grc' dir='ltr'>ὑγιές</span> <span class='ocrx_word' id='word_1_159' title='bbox 490 1821 586 1856; x_wconf 80' lang='grc' dir='ltr'>οὐδὲν</span> <span class='ocrx_word' id='word_1_160' title='bbox 604 1820 653 1855; x_wconf 80' lang='grc' dir='ltr'>ἔτι</span> <span class='ocrx_word' id='word_1_161' title='bbox 670 1819 761 1867; x_wconf 88' lang='grc' dir='ltr'>λέγω</span> <span class='ocrx_word' id='word_1_162' title='bbox 779 1823 844 1855; x_wconf 84' lang='grc' dir='ltr'>τῶν</span> <span class='ocrx_word' id='word_1_163' title='bbox 862 1818 998 1867; x_wconf 84' lang='grc' dir='ltr'>ὀργίων.</span> 
     </span>
    </p>

    <p class='ocr_par' dir='ltr' id='par_1_18' title="bbox 301 1870 1092 2025">
     <span class='ocr_line' id='line_1_33' title="bbox 301 1870 1049 1919; baseline -0.001 -10"><span class='ocrx_word' id='word_1_164' title='bbox 301 1876 360 1919; x_wconf 86' lang='grc' dir='ltr'>τῆς</span> <span class='ocrx_word' id='word_1_165' title='bbox 378 1873 594 1916; x_wconf 80' lang='grc' dir='ltr'>δυσσεβείας.</span> <span class='ocrx_word' id='word_1_166' title='bbox 632 1872 658 1907; x_wconf 75' lang='grc' dir='ltr'><strong>ὦ</strong></span> <span class='ocrx_word' id='word_1_167' title='bbox 677 1872 754 1918; x_wconf 83' lang='grc' dir='ltr'>ξέν’,</span> <span class='ocrx_word' id='word_1_168' title='bbox 774 1871 936 1908; x_wconf 82' lang='grc' dir='ltr'>οὒκαῖδεῖ</span> <span class='ocrx_word' id='word_1_169' title='bbox 953 1870 1049 1908; x_wconf 82' lang='grc' dir='ltr'>θεοὺς</span> 
     </span>
     <span class='ocr_line' id='line_1_34' title="bbox 302 1926 1092 1973; baseline -0.004 -11"><span class='ocrx_word' id='word_1_170' title='bbox 302 1927 437 1973; x_wconf 86' lang='grc' dir='ltr'>Κάδμον</span> <span class='ocrx_word' id='word_1_171' title='bbox 453 1941 502 1967; x_wconf 91' lang='grc' dir='ltr'>τε,</span> <span class='ocrx_word' id='word_1_172' title='bbox 521 1927 579 1962; x_wconf 90' lang='grc' dir='ltr'>τὸν</span> <span class='ocrx_word' id='word_1_173' title='bbox 597 1926 781 1973; x_wconf 87' lang='grc' dir='ltr'>σπείραντα</span> <span class='ocrx_word' id='word_1_174' title='bbox 797 1926 920 1973; x_wconf 83' lang='grc' dir='ltr'>γηγενῆ</span> <span class='ocrx_word' id='word_1_175' title='bbox 939 1926 1092 1970; x_wconf 85' lang='grc' dir='ltr'>στάχυν,·</span> 
     </span>
     <span class='ocr_line' id='line_1_35' title="bbox 303 1977 1034 2025; baseline -0.004 -10"><span class='ocrx_word' id='word_1_176' title='bbox 303 1978 456 2025; x_wconf 88' lang='grc' dir='ltr'>Ἐχίονος</span> <span class='ocrx_word' id='word_1_177' title='bbox 473 1979 502 2014; x_wconf 84' lang='grc' dir='ltr'>δ’</span> <span class='ocrx_word' id='word_1_178' title='bbox 521 1978 566 2014; x_wconf 80' lang='grc' dir='ltr'>ὢν</span> <span class='ocrx_word' id='word_1_179' title='bbox 583 1980 660 2015; x_wconf 87' lang='grc' dir='ltr'>παῖς</span> <span class='ocrx_word' id='word_1_180' title='bbox 679 1977 911 2025; x_wconf 88' lang='grc' dir='ltr'>καταισχύνεις</span> <span class='ocrx_word' id='word_1_181' title='bbox 927 1977 1034 2024; x_wconf 89' lang='grc' dir='ltr'>γένος.</span> 
     </span>
    </p>

    <p class='ocr_par' dir='ltr' id='par_1_19' title="bbox 302 2030 999 2078">
     <span class='ocr_line' id='line_1_36' title="bbox 302 2030 999 2078; baseline -0.001 -10"><span class='ocrx_word' id='word_1_182' title='bbox 302 2033 381 2068; x_wconf 84' lang='grc' dir='ltr'>ὅταν</span> <span class='ocrx_word' id='word_1_183' title='bbox 398 2033 490 2077; x_wconf 89' lang='grc' dir='ltr'>λάβῃ</span> <span class='ocrx_word' id='word_1_184' title='bbox 508 2045 558 2069; x_wconf 91' lang='grc' dir='ltr'>τις</span> <span class='ocrx_word' id='word_1_185' title='bbox 575 2035 641 2067; x_wconf 87' lang='grc' dir='ltr'>τῶν</span> <span class='ocrx_word' id='word_1_186' title='bbox 657 2032 769 2078; x_wconf 88' lang='grc' dir='ltr'>λόγων</span> <span class='ocrx_word' id='word_1_187' title='bbox 786 2030 868 2078; x_wconf 87' lang='grc' dir='ltr'>ἀνὴρ</span> <span class='ocrx_word' id='word_1_188' title='bbox 887 2030 999 2077; x_wconf 82' lang='grc' dir='ltr'>σοφὸς</span> 
     </span>
    </p>

    <p class='ocr_par' dir='ltr' id='par_1_20' title="bbox 303 2082 1054 2132">
     <span class='ocr_line' id='line_1_37' title="bbox 303 2082 1054 2132; baseline -0.005 -11"><span class='ocrx_word' id='word_1_189' title='bbox 303 2085 407 2122; x_wconf 82' lang='grc' dir='ltr'>καλὰς</span> <span class='ocrx_word' id='word_1_190' title='bbox 424 2085 590 2132; x_wconf 87' lang='grc' dir='ltr'>ἀφορμὰς,</span> <span class='ocrx_word' id='word_1_191' title='bbox 610 2085 649 2119; x_wconf 81' lang='grc' dir='ltr'>οὗ</span> <span class='ocrx_word' id='word_1_192' title='bbox 666 2083 741 2131; x_wconf 90' lang='grc' dir='ltr'>μέγ’</span> <span class='ocrx_word' id='word_1_193' title='bbox 761 2085 860 2131; x_wconf 78' lang='grc' dir='ltr'>ἔργον</span> <span class='ocrx_word' id='word_1_194' title='bbox 876 2082 912 2118; x_wconf 77' lang='grc' dir='ltr'>εὖ</span> <span class='ocrx_word' id='word_1_195' title='bbox 930 2083 1054 2130; x_wconf 85' lang='grc' dir='ltr'>λέγειν·</span> 
     </span>
    </p>

    <p class='ocr_par' dir='ltr' id='par_1_21' title="bbox 304 2134 1170 2342">
     <span class='ocr_line' id='line_1_38' title="bbox 304 2134 1170 2184; baseline -0.002 -11"><span class='ocrx_word' id='word_1_196' title='bbox 304 2139 349 2173; x_wconf 83' lang='grc' dir='ltr'>σὺ</span> <span class='ocrx_word' id='word_1_197' title='bbox 368 2137 398 2172; x_wconf 83' lang='grc' dir='ltr'>δ’</span> <span class='ocrx_word' id='word_1_198' title='bbox 417 2139 576 2184; x_wconf 83' lang='grc' dir='ltr'>εὔτροχον</span> <span class='ocrx_word' id='word_1_199' title='bbox 593 2137 654 2182; x_wconf 75' lang='grc' dir='ltr'>μὲν</span> <span class='ocrx_word' id='word_1_200' title='bbox 669 2138 837 2184; x_wconf 86' lang='grc' dir='ltr'>γλῶσσαν</span> <span class='ocrx_word' id='word_1_201' title='bbox 855 2136 899 2172; x_wconf 82' lang='grc' dir='ltr'>ὧς</span> <span class='ocrx_word' id='word_1_202' title='bbox 917 2137 1053 2183; x_wconf 84' lang='grc' dir='ltr'>φρονῶν</span> <span class='ocrx_word' id='word_1_203' title='bbox 1070 2134 1170 2182; x_wconf 74' lang='grc' dir='ltr'>ἔχεις,</span> 
     </span>
     <span class='ocr_line' id='line_1_39' title="bbox 306 2188 1058 2237; baseline -0.005 -11"><span class='ocrx_word' id='word_1_204' title='bbox 306 2192 341 2227; x_wconf 89' lang='grc' dir='ltr'>ἐν</span> <span class='ocrx_word' id='word_1_205' title='bbox 358 2193 429 2226; x_wconf 90' lang='grc' dir='ltr'>τοῖς</span> <span class='ocrx_word' id='word_1_206' title='bbox 445 2191 583 2237; x_wconf 90' lang='grc' dir='ltr'>λόγοισι</span> <span class='ocrx_word' id='word_1_207' title='bbox 602 2189 630 2224; x_wconf 84' lang='grc' dir='ltr'>δ’</span> <span class='ocrx_word' id='word_1_208' title='bbox 650 2190 709 2224; x_wconf 83' lang='grc' dir='ltr'>οὐκ</span> <span class='ocrx_word' id='word_1_209' title='bbox 727 2188 832 2224; x_wconf 82' lang='grc' dir='ltr'>ἔνεισί</span> <span class='ocrx_word' id='word_1_210' title='bbox 850 2203 908 2223; x_wconf 92' lang='grc' dir='ltr'>σοι</span> <span class='ocrx_word' id='word_1_211' title='bbox 926 2188 1058 2236; x_wconf 88' lang='grc' dir='ltr'>φρένες.</span> 
     </span>
     <span class='ocr_line' id='line_1_40' title="bbox 305 2238 1103 2291; baseline -0.005 -12"><span class='ocrx_word' id='word_1_212' title='bbox 305 2244 432 2291; x_wconf 84' lang='grc' dir='ltr'>θρασὺς</span> <span class='ocrx_word' id='word_1_213' title='bbox 450 2243 497 2287; x_wconf 83' lang='grc' dir='ltr'>δὲ,</span> <span class='ocrx_word' id='word_1_214' title='bbox 516 2243 654 2279; x_wconf 86' lang='grc' dir='ltr'>δυνατὸς</span> <span class='ocrx_word' id='word_1_215' title='bbox 671 2243 725 2278; x_wconf 77' lang='grc' dir='ltr'>καὶ</span> <span class='ocrx_word' id='word_1_216' title='bbox 740 2241 854 2289; x_wconf 90' lang='grc' dir='ltr'>λέγειν</span> <span class='ocrx_word' id='word_1_217' title='bbox 870 2238 941 2277; x_wconf 82' lang='grc' dir='ltr'>οἷός</span> <span class='ocrx_word' id='word_1_218' title='bbox 957 2239 988 2276; x_wconf 83' lang='grc' dir='ltr'>τ’</span> <span class='ocrx_word' id='word_1_219' title='bbox 1007 2240 1103 2287; x_wconf 85' lang='grc' dir='ltr'>ἀνὴρ,</span> 
     </span>
     <span class='ocr_line' id='line_1_41' title="bbox 305 2294 1026 2342; baseline -0.004 -11"><span class='ocrx_word' id='word_1_220' title='bbox 305 2297 403 2333; x_wconf 84' lang='grc' dir='ltr'>κακὸς</span> <span class='ocrx_word' id='word_1_221' title='bbox 419 2295 560 2340; x_wconf 88' lang='grc' dir='ltr'>πολίτης</span> <span class='ocrx_word' id='word_1_222' title='bbox 576 2295 737 2342; x_wconf 88' lang='grc' dir='ltr'>γίγνεται,</span> <span class='ocrx_word' id='word_1_223' title='bbox 758 2297 834 2330; x_wconf 87' lang='grc' dir='ltr'>νοῦν</span> <span class='ocrx_word' id='word_1_224' title='bbox 852 2294 912 2329; x_wconf 84' lang='grc' dir='ltr'>οὐκ</span> <span class='ocrx_word' id='word_1_225' title='bbox 929 2294 1026 2340; x_wconf 83' lang='grc' dir='ltr'>ἔχων.</span> 
     </span>
    </p>
   </div>
   <div class='ocr_carea' id='block_1_6' title="bbox 1167 415 1226 447">
    <p class='ocr_par' dir='ltr' id='par_1_22' title="bbox 1167 415 1226 447">
     <span class='ocr_line' id='line_1_42' title="bbox 1167 415 1226 447; baseline 0.017 -1"><span class='ocrx_word' id='word_1_226' title='bbox 1167 415 1226 447; x_wconf 75' lang='grc'>235</span> 
     </span>
    </p>
   </div>
   <div class='ocr_carea' id='block_1_7' title="bbox 1171 677 1232 708">
    <p class='ocr_par' dir='ltr' id='par_1_23' title="bbox 1171 677 1232 708">
     <span class='ocr_line' id='line_1_43' title="bbox 1171 677 1232 708; baseline 0 -8"><span class='ocrx_word' id='word_1_227' title='bbox 1171 677 1232 708; x_wconf 75' lang='grc'>240</span> 
     </span>
    </p>
   </div>
   <div class='ocr_carea' id='block_1_8' title="bbox 1174 939 1232 972">
    <p class='ocr_par' dir='ltr' id='par_1_24' title="bbox 1174 939 1232 972">
     <span class='ocr_line' id='line_1_44' title="bbox 1174 939 1232 972; baseline 0.034 -2"><span class='ocrx_word' id='word_1_228' title='bbox 1174 939 1232 972; x_wconf 86' lang='lat'>245</span> 
     </span>
    </p>
   </div>
   <div class='ocr_carea' id='block_1_9' title="bbox 1173 1201 1236 1232">
    <p class='ocr_par' dir='ltr' id='par_1_25' title="bbox 1173 1201 1236 1232">
     <span class='ocr_line' id='line_1_45' title="bbox 1173 1201 1236 1232; baseline 0 -9"><span class='ocrx_word' id='word_1_229' title='bbox 1173 1201 1236 1232; x_wconf 86' lang='lat'>250</span> 
     </span>
    </p>
   </div>
   <div class='ocr_carea' id='block_1_10' title="bbox 1177 1717 1239 1751">
    <p class='ocr_par' dir='ltr' id='par_1_26' title="bbox 1177 1717 1239 1751">
     <span class='ocr_line' id='line_1_46' title="bbox 1177 1717 1239 1751; baseline 0 -1"><span class='ocrx_word' id='word_1_230' title='bbox 1177 1717 1239 1751; x_wconf 87' lang='lat'>260</span> 
     </span>
    </p>
   </div>
   <div class='ocr_carea' id='block_1_11' title="bbox 1181 2250 1243 2284">
    <p class='ocr_par' dir='ltr' id='par_1_27' title="bbox 1181 2250 1243 2284">
     <span class='ocr_line' id='line_1_47' title="bbox 1181 2250 1243 2284; baseline 0 -10"><span class='ocrx_word' id='word_1_231' title='bbox 1181 2250 1243 2284; x_wconf 83' lang='lat'>²70</span> 
     </span>
    </p>
   </div>
   <div class='ocr_carea' id='block_1_12' title="bbox 258 2345 1076 2394">
    <p class='ocr_par' dir='ltr' id='par_1_28' title="bbox 258 2345 1076 2394">
     <span class='ocr_line' id='line_1_48' title="bbox 329 2345 1043 2383; baseline -0.006 -20"><span class='ocrx_word' id='word_1_232' title='bbox 329 2349 345 2363; x_wconf 60' lang='grc' dir='ltr'>φ</span> <span class='ocrx_word' id='word_1_233' title='bbox 419 2347 450 2383; x_wconf 67' lang='grc' dir='ltr'>ὃν</span> <span class='ocrx_word' id='word_1_234' title='bbox 478 2350 488 2362; x_wconf 70' lang='lat' dir='ltr'>e</span> <span class='ocrx_word' id='word_1_235' title='bbox 508 2349 528 2383; x_wconf 77' lang='grc' dir='ltr'>δ</span> <span class='ocrx_word' id='word_1_236' title='bbox 555 2348 563 2361; x_wconf 80' lang='grc' dir='ltr'><em>ι</em></span> <span class='ocrx_word' id='word_1_237' title='bbox 658 2350 667 2361; x_wconf 78' lang='grc' dir='ltr'>ε</span> <span class='ocrx_word' id='word_1_238' title='bbox 714 2348 724 2358; x_wconf 79' lang='lat'><strong><em>¹</em></strong></span> <span class='ocrx_word' id='word_1_239' title='bbox 791 2345 804 2360; x_wconf 64' lang='grc' dir='ltr'><strong>Δ</strong></span> <span class='ocrx_word' id='word_1_240' title='bbox 877 2347 885 2360; x_wconf 71' lang='lat' dir='ltr'>x</span> <span class='ocrx_word' id='word_1_241' title='bbox 908 2347 927 2382; x_wconf 75' lang='grc' dir='ltr'>δ</span> <span class='ocrx_word' id='word_1_242' title='bbox 1002 2348 1043 2381; x_wconf 57' lang='grc' dir='ltr'>λ’·</span> 
     </span>
     <span class='ocr_line' id='line_1_49' title="bbox 258 2359 1076 2394; baseline -0.004 -10"><span class='ocrx_word' id='word_1_243' title='bbox 258 2373 261 2376; x_wconf 61' lang='lat'><strong>⁴</strong></span> <span class='ocrx_word' id='word_1_244' title='bbox 305 2364 402 2386; x_wconf 73' lang='grc' dir='ltr'>ΟυΤΟς</span> <span class='ocrx_word' id='word_1_245' title='bbox 470 2363 489 2383; x_wconf 89' lang='grc'><strong>0</strong></span> <span class='ocrx_word' id='word_1_246' title='bbox 529 2362 633 2394; x_wconf 71' lang='grc' dir='ltr'>αιμων</span> <span class='ocrx_word' id='word_1_247' title='bbox 650 2363 669 2382; x_wconf 91' lang='grc'><strong>0</strong></span> <span class='ocrx_word' id='word_1_248' title='bbox 687 2362 768 2388; x_wconf 64' lang='grc'>11609,</span> <span class='ocrx_word' id='word_1_249' title='bbox 789 2362 827 2382; x_wconf 84' lang='lat' dir='ltr'>ov</span> <span class='ocrx_word' id='word_1_250' title='bbox 845 2361 890 2382; x_wconf 82' lang='grc' dir='ltr'>συ</span> <span class='ocrx_word' id='word_1_251' title='bbox 929 2360 1001 2393; x_wconf 73' lang='grc' dir='ltr'>ιαγε</span> <span class='ocrx_word' id='word_1_252' title='bbox 1027 2359 1076 2391; x_wconf 64' lang='lat' dir='ltr'>qs,</span> 
     </span>
    </p>
   </div>
   <div class='ocr_carea' id='block_1_13' title="bbox 300 2398 1152 3651">
    <p class='ocr_par' dir='ltr' id='par_1_29' title="bbox 305 2398 1014 2448">
     <span class='ocr_line' id='line_1_50' title="bbox 305 2398 1014 2448; baseline -0.001 -12"><span class='ocrx_word' id='word_1_253' title='bbox 305 2403 364 2436; x_wconf 79' lang='grc' dir='ltr'>οὐκ</span> <span class='ocrx_word' id='word_1_254' title='bbox 383 2402 423 2436; x_wconf 86' lang='grc' dir='ltr'>ἂν</span> <span class='ocrx_word' id='word_1_255' title='bbox 440 2401 597 2446; x_wconf 88' lang='grc' dir='ltr'>δυναίμην</span> <span class='ocrx_word' id='word_1_256' title='bbox 613 2399 754 2448; x_wconf 87' lang='grc' dir='ltr'>μέγεθος</span> <span class='ocrx_word' id='word_1_257' title='bbox 772 2399 914 2443; x_wconf 81' lang='grc' dir='ltr'>ἐξειπεῖν</span> <span class='ocrx_word' id='word_1_258' title='bbox 932 2398 1014 2435; x_wconf 83' lang='grc' dir='ltr'>ὅσος</span> 
     </span>
    </p>

    <p class='ocr_par' dir='ltr' id='par_1_30' title="bbox 307 2451 1030 2500">
     <span class='ocr_line' id='line_1_51' title="bbox 307 2451 1030 2500; baseline -0.004 -11"><span class='ocrx_word' id='word_1_259' title='bbox 307 2454 380 2489; x_wconf 89' lang='grc' dir='ltr'>καθ’</span> <span class='ocrx_word' id='word_1_260' title='bbox 398 2452 538 2489; x_wconf 78' lang='grc' dir='ltr'>Ἑλλάδ’</span> <span class='ocrx_word' id='word_1_261' title='bbox 558 2454 665 2488; x_wconf 79' lang='grc' dir='ltr'>ἔσται·</span> <span class='ocrx_word' id='word_1_262' title='bbox 693 2451 752 2488; x_wconf 89' lang='grc' dir='ltr'>δύο</span> <span class='ocrx_word' id='word_1_263' title='bbox 769 2453 846 2500; x_wconf 83' lang='grc' dir='ltr'>γὰρ,</span> <span class='ocrx_word' id='word_1_264' title='bbox 866 2451 892 2486; x_wconf 83' lang='grc' dir='ltr'><em>ὦ</em></span> <span class='ocrx_word' id='word_1_265' title='bbox 911 2451 1030 2494; x_wconf 87' lang='grc' dir='ltr'>νεανία,</span> 
     </span>
    </p>

    <p class='ocr_par' dir='ltr' id='par_1_31' title="bbox 306 2503 1022 2554">
     <span class='ocr_line' id='line_1_52' title="bbox 306 2503 1022 2554; baseline -0.004 -13"><span class='ocrx_word' id='word_1_266' title='bbox 306 2507 348 2541; x_wconf 83' lang='grc' dir='ltr'>τὰ</span> <span class='ocrx_word' id='word_1_267' title='bbox 364 2509 467 2554; x_wconf 82' lang='grc' dir='ltr'>πρῶτ’</span> <span class='ocrx_word' id='word_1_268' title='bbox 485 2506 520 2540; x_wconf 87' lang='grc' dir='ltr'>ἐν</span> <span class='ocrx_word' id='word_1_269' title='bbox 537 2505 756 2553; x_wconf 83' lang='grc' dir='ltr'>ἀνθρώποισι,</span> <span class='ocrx_word' id='word_1_270' title='bbox 777 2503 933 2552; x_wconf 77' lang='grc' dir='ltr'>Δημήτηρ</span> <span class='ocrx_word' id='word_1_271' title='bbox 952 2503 1022 2545; x_wconf 84' lang='grc' dir='ltr'>θεὰ,</span> 
     </span>
    </p>

    <p class='ocr_par' dir='ltr' id='par_1_32' title="bbox 307 2555 1143 2657">
     <span class='ocr_line' id='line_1_53' title="bbox 307 2555 1143 2605; baseline -0.006 -11"><span class='ocrx_word' id='word_1_272' title='bbox 307 2560 353 2603; x_wconf 90' lang='grc' dir='ltr'>Γῆ</span> <span class='ocrx_word' id='word_1_273' title='bbox 372 2559 402 2594; x_wconf 89' lang='grc' dir='ltr'>δ’</span> <span class='ocrx_word' id='word_1_274' title='bbox 423 2558 526 2594; x_wconf 89' lang='grc' dir='ltr'>ἐστίν·</span> <span class='ocrx_word' id='word_1_275' title='bbox 555 2558 657 2602; x_wconf 76' lang='grc' dir='ltr'>ὄνομα</span> <span class='ocrx_word' id='word_1_276' title='bbox 675 2558 703 2592; x_wconf 73' lang='grc' dir='ltr'>δ’</span> <span class='ocrx_word' id='word_1_277' title='bbox 723 2559 884 2605; x_wconf 89' lang='grc' dir='ltr'>ὁπότερον</span> <span class='ocrx_word' id='word_1_278' title='bbox 901 2555 1022 2600; x_wconf 79' lang='grc' dir='ltr'>βούλει</span> <span class='ocrx_word' id='word_1_279' title='bbox 1039 2557 1143 2592; x_wconf 85' lang='grc' dir='ltr'>κάλει·</span> 
     </span>
     <span class='ocr_line' id='line_1_54' title="bbox 308 2607 1036 2657; baseline 0 -11"><span class='ocrx_word' id='word_1_280' title='bbox 308 2610 389 2655; x_wconf 78' lang='grc' dir='ltr'>αὕτη</span> <span class='ocrx_word' id='word_1_281' title='bbox 407 2613 467 2657; x_wconf 84' lang='grc' dir='ltr'>μὲν</span> <span class='ocrx_word' id='word_1_282' title='bbox 485 2612 520 2647; x_wconf 84' lang='grc' dir='ltr'>ἐν</span> <span class='ocrx_word' id='word_1_283' title='bbox 537 2611 691 2657; x_wconf 81' lang='grc' dir='ltr'>ξηροῖσιν</span> <span class='ocrx_word' id='word_1_284' title='bbox 709 2611 863 2657; x_wconf 83' lang='grc' dir='ltr'>ἐκτρέφει</span> <span class='ocrx_word' id='word_1_285' title='bbox 881 2607 1036 2657; x_wconf 79' lang='grc' dir='ltr'>βροτούς·</span> 
     </span>
    </p>

    <p class='ocr_par' dir='ltr' id='par_1_33' title="bbox 309 2662 1152 3024">
     <span class='ocr_line' id='line_1_55' title="bbox 309 2662 1152 2708; baseline -0.001 -10"><span class='ocrx_word' id='word_1_286' title='bbox 309 2662 346 2700; x_wconf 85' lang='grc' dir='ltr'>ὃς</span> <span class='ocrx_word' id='word_1_287' title='bbox 364 2663 392 2699; x_wconf 77' lang='grc' dir='ltr'>δ’</span> <span class='ocrx_word' id='word_1_288' title='bbox 411 2662 513 2708; x_wconf 83' lang='grc' dir='ltr'>ἦλθεν</span> <span class='ocrx_word' id='word_1_289' title='bbox 531 2664 585 2698; x_wconf 84' lang='grc' dir='ltr'>ἐπὶ</span> <span class='ocrx_word' id='word_1_290' title='bbox 603 2663 815 2704; x_wconf 88' lang='grc' dir='ltr'>τάντίπαλον,</span> <span class='ocrx_word' id='word_1_291' title='bbox 836 2664 855 2697; x_wconf 91' lang='grc' dir='ltr'>ὁ</span> <span class='ocrx_word' id='word_1_292' title='bbox 873 2662 1025 2708; x_wconf 86' lang='grc' dir='ltr'>Σεμέλης</span> <span class='ocrx_word' id='word_1_293' title='bbox 1042 2662 1152 2708; x_wconf 85' lang='grc' dir='ltr'>γόνος,</span> 
     </span>
     <span class='ocr_line' id='line_1_56' title="bbox 309 2714 1024 2764; baseline -0.003 -13"><span class='ocrx_word' id='word_1_294' title='bbox 309 2717 453 2763; x_wconf 87' lang='grc' dir='ltr'>βότρυος</span> <span class='ocrx_word' id='word_1_295' title='bbox 468 2716 571 2764; x_wconf 84' lang='grc' dir='ltr'>ὑγρὸν</span> <span class='ocrx_word' id='word_1_296' title='bbox 586 2714 672 2761; x_wconf 85' lang='grc' dir='ltr'>πῶμ’</span> <span class='ocrx_word' id='word_1_297' title='bbox 692 2714 771 2762; x_wconf 80' lang='grc' dir='ltr'>ηὗρε</span> <span class='ocrx_word' id='word_1_298' title='bbox 789 2714 1024 2762; x_wconf 82' lang='grc' dir='ltr'>κείσηνέγκατο</span> 
     </span>
     <span class='ocr_line' id='line_1_57' title="bbox 311 2765 1108 2814; baseline 0 -12"><span class='ocrx_word' id='word_1_299' title='bbox 311 2768 450 2813; x_wconf 84' lang='grc' dir='ltr'>θνητοῖς,</span> <span class='ocrx_word' id='word_1_300' title='bbox 471 2768 489 2802; x_wconf 87' lang='grc' dir='ltr'><strong><em>ὃ</em></strong></span> <span class='ocrx_word' id='word_1_301' title='bbox 506 2767 604 2804; x_wconf 87' lang='grc' dir='ltr'>παύει</span> <span class='ocrx_word' id='word_1_302' title='bbox 620 2768 698 2804; x_wconf 79' lang='grc' dir='ltr'>τοὺς</span> <span class='ocrx_word' id='word_1_303' title='bbox 715 2768 946 2814; x_wconf 86' lang='grc' dir='ltr'>ταλαιπώρους</span> <span class='ocrx_word' id='word_1_304' title='bbox 963 2765 1108 2814; x_wconf 81' lang='grc' dir='ltr'>βροτοὺς</span> 
     </span>
     <span class='ocr_line' id='line_1_58' title="bbox 309 2818 1027 2866; baseline 0.001 -12"><span class='ocrx_word' id='word_1_305' title='bbox 309 2820 429 2865; x_wconf 87' lang='grc' dir='ltr'>λύπης,</span> <span class='ocrx_word' id='word_1_306' title='bbox 448 2820 526 2855; x_wconf 85' lang='grc' dir='ltr'>ὅταν</span> <span class='ocrx_word' id='word_1_307' title='bbox 542 2820 747 2865; x_wconf 84' lang='grc' dir='ltr'>πλησθῶσιν</span> <span class='ocrx_word' id='word_1_308' title='bbox 764 2818 918 2865; x_wconf 81' lang='grc' dir='ltr'>ἀμπέλου</span> <span class='ocrx_word' id='word_1_309' title='bbox 935 2819 1027 2866; x_wconf 84' lang='grc' dir='ltr'>ῥοῆς,</span> 
     </span>
     <span class='ocr_line' id='line_1_59' title="bbox 309 2871 1053 2919; baseline -0.004 -11"><span class='ocrx_word' id='word_1_310' title='bbox 309 2872 414 2908; x_wconf 79' lang='grc' dir='ltr'>ὕπνον</span> <span class='ocrx_word' id='word_1_311' title='bbox 430 2887 478 2915; x_wconf 88' lang='grc' dir='ltr'>τε,</span> <span class='ocrx_word' id='word_1_312' title='bbox 497 2872 604 2918; x_wconf 80' lang='grc' dir='ltr'>λήθην</span> <span class='ocrx_word' id='word_1_313' title='bbox 621 2876 687 2908; x_wconf 89' lang='grc' dir='ltr'>τῶν</span> <span class='ocrx_word' id='word_1_314' title='bbox 704 2872 775 2908; x_wconf 70' lang='grc' dir='ltr'>καθ’</span> <span class='ocrx_word' id='word_1_315' title='bbox 795 2871 919 2919; x_wconf 85' lang='grc' dir='ltr'>ἡμέραν</span> <span class='ocrx_word' id='word_1_316' title='bbox 936 2875 1053 2910; x_wconf 84' lang='grc' dir='ltr'>κακῶν,</span> 
     </span>
     <span class='ocr_line' id='line_1_60' title="bbox 313 2924 1078 2972; baseline -0.004 -12"><span class='ocrx_word' id='word_1_317' title='bbox 313 2926 461 2966; x_wconf 87' lang='grc' dir='ltr'>δίδωσιν,</span> <span class='ocrx_word' id='word_1_318' title='bbox 480 2925 549 2960; x_wconf 81' lang='grc' dir='ltr'>οὐδ’</span> <span class='ocrx_word' id='word_1_319' title='bbox 568 2924 638 2960; x_wconf 83' lang='grc' dir='ltr'>ἔστ’</span> <span class='ocrx_word' id='word_1_320' title='bbox 658 2925 747 2960; x_wconf 74' lang='grc' dir='ltr'>ἷίλλο</span> <span class='ocrx_word' id='word_1_321' title='bbox 765 2926 942 2972; x_wconf 88' lang='grc' dir='ltr'>φάρμακον</span> <span class='ocrx_word' id='word_1_322' title='bbox 957 2924 1078 2959; x_wconf 88' lang='grc' dir='ltr'>πόνων.</span> 
     </span>
     <span class='ocr_line' id='line_1_61' title="bbox 312 2971 982 3024; baseline 0.001 -12"><span class='ocrx_word' id='word_1_323' title='bbox 312 2971 429 3024; x_wconf 81' lang='grc' dir='ltr'>[οὗτος</span> <span class='ocrx_word' id='word_1_324' title='bbox 446 2977 555 3012; x_wconf 89' lang='grc' dir='ltr'>θεοῖσι</span> <span class='ocrx_word' id='word_1_325' title='bbox 574 2977 750 3013; x_wconf 84' lang='grc' dir='ltr'>σπένδεται</span> <span class='ocrx_word' id='word_1_326' title='bbox 769 2977 844 3013; x_wconf 87' lang='grc' dir='ltr'>θεὸς</span> <span class='ocrx_word' id='word_1_327' title='bbox 861 2977 982 3024; x_wconf 88' lang='grc' dir='ltr'>γεγὼς,</span> 
     </span>
    </p>

    <p class='ocr_par' dir='ltr' id='par_1_34' title="bbox 313 3029 1071 3128">
     <span class='ocr_line' id='line_1_62' title="bbox 313 3029 1071 3077; baseline -0.003 -13"><span class='ocrx_word' id='word_1_328' title='bbox 313 3031 402 3065; x_wconf 82' lang='grc' dir='ltr'>ὥστε</span> <span class='ocrx_word' id='word_1_329' title='bbox 420 3030 475 3064; x_wconf 86' lang='grc' dir='ltr'>διὰ</span> <span class='ocrx_word' id='word_1_330' title='bbox 491 3032 609 3065; x_wconf 88' lang='grc' dir='ltr'>τοῦτον</span> <span class='ocrx_word' id='word_1_331' title='bbox 625 3029 741 3077; x_wconf 77' lang='grc' dir='ltr'>τάγάθ’</span> <span class='ocrx_word' id='word_1_332' title='bbox 760 3029 952 3076; x_wconf 85' lang='grc' dir='ltr'>ἀνθρώπους</span> <span class='ocrx_word' id='word_1_333' title='bbox 970 3029 1071 3074; x_wconf 80' lang='grc' dir='ltr'>ἔχειν.</span> 
     </span>
     <span class='ocr_line' id='line_1_63' title="bbox 314 3082 991 3128; baseline 0 -11"><span class='ocrx_word' id='word_1_334' title='bbox 314 3083 367 3117; x_wconf 83' lang='grc' dir='ltr'>καὶ</span> <span class='ocrx_word' id='word_1_335' title='bbox 386 3083 569 3128; x_wconf 81' lang='grc' dir='ltr'>καταγελᾷς</span> <span class='ocrx_word' id='word_1_336' title='bbox 586 3096 647 3125; x_wconf 88' lang='grc' dir='ltr'>νιν,</span> <span class='ocrx_word' id='word_1_337' title='bbox 666 3083 709 3118; x_wconf 83' lang='grc' dir='ltr'>ὡς</span> <span class='ocrx_word' id='word_1_338' title='bbox 728 3082 893 3128; x_wconf 82' lang='grc' dir='ltr'>ἐνερράφη</span> <span class='ocrx_word' id='word_1_339' title='bbox 913 3082 991 3117; x_wconf 89' lang='grc' dir='ltr'>Διὸς</span> 
     </span>
    </p>

    <p class='ocr_par' dir='ltr' id='par_1_35' title="bbox 313 3133 1016 3183">
     <span class='ocr_line' id='line_1_64' title="bbox 313 3133 1016 3183; baseline -0.001 -15"><span class='ocrx_word' id='word_1_340' title='bbox 313 3137 417 3183; x_wconf 81' lang='grc' dir='ltr'>μηρῷ.</span> <span class='ocrx_word' id='word_1_341' title='bbox 456 3134 578 3178; x_wconf 83' lang='grc' dir='ltr'>διδάξω</span> <span class='ocrx_word' id='word_1_342' title='bbox 598 3134 632 3170; x_wconf 89' lang='grc' dir='ltr'>σ’</span> <span class='ocrx_word' id='word_1_343' title='bbox 653 3136 697 3171; x_wconf 87' lang='grc' dir='ltr'>ὡς</span> <span class='ocrx_word' id='word_1_344' title='bbox 715 3135 823 3170; x_wconf 85' lang='grc' dir='ltr'>καλῶς</span> <span class='ocrx_word' id='word_1_345' title='bbox 840 3134 910 3179; x_wconf 81' lang='grc' dir='ltr'>ἔχει</span> <span class='ocrx_word' id='word_1_346' title='bbox 928 3133 1016 3168; x_wconf 89' lang='grc' dir='ltr'>τόδε.</span> 
     </span>
    </p>

    <p class='ocr_par' dir='ltr' id='par_1_36' title="bbox 315 3185 964 3233">
     <span class='ocr_line' id='line_1_65' title="bbox 315 3185 964 3233; baseline -0.003 -11"><span class='ocrx_word' id='word_1_347' title='bbox 315 3187 387 3222; x_wconf 90' lang='grc' dir='ltr'>ε’πεί</span> <span class='ocrx_word' id='word_1_348' title='bbox 405 3200 454 3221; x_wconf 89' lang='grc' dir='ltr'>νιν</span> <span class='ocrx_word' id='word_1_349' title='bbox 471 3185 596 3233; x_wconf 83' lang='grc' dir='ltr'>ἥρπασ’</span> <span class='ocrx_word' id='word_1_350' title='bbox 617 3187 653 3221; x_wconf 89' lang='grc' dir='ltr'>ἐκ</span> <span class='ocrx_word' id='word_1_351' title='bbox 670 3188 775 3233; x_wconf 86' lang='grc' dir='ltr'>πυρὸς</span> <span class='ocrx_word' id='word_1_352' title='bbox 793 3186 964 3232; x_wconf 91' lang='grc' dir='ltr'>κεραυνίου</span> 
     </span>
    </p>

    <p class='ocr_par' dir='ltr' id='par_1_37' title="bbox 309 3236 1133 3338">
     <span class='ocr_line' id='line_1_66' title="bbox 316 3236 1133 3284; baseline -0.005 -9"><span class='ocrx_word' id='word_1_353' title='bbox 316 3239 407 3279; x_wconf 84' lang='grc' dir='ltr'>Ζεὺς,</span> <span class='ocrx_word' id='word_1_354' title='bbox 428 3239 462 3274; x_wconf 87' lang='grc' dir='ltr'>ές</span> <span class='ocrx_word' id='word_1_355' title='bbox 479 3236 510 3273; x_wconf 87' lang='grc' dir='ltr'>δ’</span> <span class='ocrx_word' id='word_1_356' title='bbox 522 3238 703 3284; x_wconf 75' lang='grc' dir='ltr'>Ὄλυμπον</span> <span class='ocrx_word' id='word_1_357' title='bbox 719 3238 850 3284; x_wconf 87' lang='grc' dir='ltr'>βρέφος</span> <span class='ocrx_word' id='word_1_358' title='bbox 868 3237 1033 3284; x_wconf 78' lang='grc' dir='ltr'>ἀνήγαγεν</span> <span class='ocrx_word' id='word_1_359' title='bbox 1050 3237 1133 3278; x_wconf 88' lang='grc' dir='ltr'>νέον,</span> 
     </span>
     <span class='ocr_line' id='line_1_67' title="bbox 309 3288 1006 3338; baseline -0.004 -12"><span class='ocrx_word' id='word_1_360' title='bbox 309 3291 405 3338; x_wconf 73' lang='grc' dir='ltr'>Ἠρα</span> <span class='ocrx_word' id='word_1_361' title='bbox 422 3304 472 3325; x_wconf 92' lang='grc' dir='ltr'>νιν</span> <span class='ocrx_word' id='word_1_362' title='bbox 489 3289 584 3336; x_wconf 78' lang='grc' dir='ltr'>ἤθελ’</span> <span class='ocrx_word' id='word_1_363' title='bbox 605 3291 762 3332; x_wconf 84' lang='grc' dir='ltr'>ἐκβαλεῖν</span> <span class='ocrx_word' id='word_1_364' title='bbox 779 3288 835 3325; x_wconf 86' lang='grc' dir='ltr'>ἀπ’</span> <span class='ocrx_word' id='word_1_365' title='bbox 856 3289 1006 3336; x_wconf 80' lang='grc' dir='ltr'>ούρανοῦ·</span> 
     </span>
    </p>

    <p class='ocr_par' dir='ltr' id='par_1_38' title="bbox 316 3339 996 3390">
     <span class='ocr_line' id='line_1_68' title="bbox 316 3339 996 3390; baseline -0.004 -11"><span class='ocrx_word' id='word_1_366' title='bbox 316 3344 396 3380; x_wconf 83' lang='grc' dir='ltr'>Ζεὺς</span> <span class='ocrx_word' id='word_1_367' title='bbox 413 3342 441 3378; x_wconf 80' lang='grc' dir='ltr'>δ’</span> <span class='ocrx_word' id='word_1_368' title='bbox 460 3341 760 3390; x_wconf 85' lang='grc' dir='ltr'>ἀντεμηχανήσαθ’,</span> <span class='ocrx_word' id='word_1_369' title='bbox 779 3339 832 3377; x_wconf 83' lang='grc' dir='ltr'>οἶα</span> <span class='ocrx_word' id='word_1_370' title='bbox 850 3341 890 3387; x_wconf 86' lang='grc' dir='ltr'>δὴ</span> <span class='ocrx_word' id='word_1_371' title='bbox 909 3341 996 3378; x_wconf 90' lang='grc' dir='ltr'>θεός.</span> 
     </span>
    </p>

    <p class='ocr_par' dir='ltr' id='par_1_39' title="bbox 316 3393 1052 3599">
     <span class='ocr_line' id='line_1_69' title="bbox 316 3393 1052 3444; baseline -0.004 -14"><span class='ocrx_word' id='word_1_372' title='bbox 316 3396 418 3444; x_wconf 85' lang='grc' dir='ltr'>ρήξας</span> <span class='ocrx_word' id='word_1_373' title='bbox 435 3395 535 3443; x_wconf 87' lang='grc' dir='ltr'>μέρος</span> <span class='ocrx_word' id='word_1_374' title='bbox 551 3409 584 3430; x_wconf 92' lang='grc' dir='ltr'>τι</span> <span class='ocrx_word' id='word_1_375' title='bbox 601 3396 661 3430; x_wconf 88' lang='grc' dir='ltr'>τοῦ</span> <span class='ocrx_word' id='word_1_376' title='bbox 678 3393 770 3440; x_wconf 86' lang='grc' dir='ltr'>χθόν’</span> <span class='ocrx_word' id='word_1_377' title='bbox 791 3393 1052 3440; x_wconf 86' lang='grc' dir='ltr'>ἐγκυκλουμένου</span> 
     </span>
     <span class='ocr_line' id='line_1_70' title="bbox 317 3445 989 3495; baseline -0.001 -12"><span class='ocrx_word' id='word_1_378' title='bbox 317 3447 458 3495; x_wconf 83' lang='grc' dir='ltr'>αἰθέρος,</span> <span class='ocrx_word' id='word_1_379' title='bbox 478 3447 574 3492; x_wconf 81' lang='grc' dir='ltr'>ἔθηκε</span> <span class='ocrx_word' id='word_1_380' title='bbox 589 3445 679 3483; x_wconf 82' lang='grc' dir='ltr'>τόνδ’</span> <span class='ocrx_word' id='word_1_381' title='bbox 699 3445 823 3493; x_wconf 86' lang='grc' dir='ltr'>ὅμηρον</span> <span class='ocrx_word' id='word_1_382' title='bbox 841 3446 989 3482; x_wconf 83' lang='grc' dir='ltr'>ἐκδιδοὺς</span> 
     </span>
     <span class='ocr_line' id='line_1_71' title="bbox 318 3498 1024 3547; baseline -0.006 -11"><span class='ocrx_word' id='word_1_383' title='bbox 318 3502 482 3536; x_wconf 89' lang='grc' dir='ltr'>Διόνυσον</span> <span class='ocrx_word' id='word_1_384' title='bbox 493 3498 606 3547; x_wconf 86' lang='grc' dir='ltr'>Ἤρας</span> <span class='ocrx_word' id='word_1_385' title='bbox 623 3499 764 3534; x_wconf 88' lang='grc' dir='ltr'>νεικέων·</span> <span class='ocrx_word' id='word_1_386' title='bbox 791 3500 901 3545; x_wconf 82' lang='grc' dir='ltr'>χρόνῳ</span> <span class='ocrx_word' id='word_1_387' title='bbox 920 3498 956 3532; x_wconf 89' lang='grc' dir='ltr'>δέ</span> <span class='ocrx_word' id='word_1_388' title='bbox 974 3511 1024 3533; x_wconf 90' lang='grc' dir='ltr'>νιν</span> 
     </span>
     <span class='ocr_line' id='line_1_72' title="bbox 317 3550 1018 3599; baseline -0.004 -12"><span class='ocrx_word' id='word_1_389' title='bbox 317 3553 435 3599; x_wconf 82' lang='grc' dir='ltr'>βροτοὶ</span> <span class='ocrx_word' id='word_1_390' title='bbox 454 3551 621 3599; x_wconf 85' lang='grc' dir='ltr'>τραφῆναί</span> <span class='ocrx_word' id='word_1_391' title='bbox 637 3552 747 3599; x_wconf 86' lang='grc' dir='ltr'>φασιν</span> <span class='ocrx_word' id='word_1_392' title='bbox 765 3551 800 3585; x_wconf 87' lang='grc' dir='ltr'>ἐν</span> <span class='ocrx_word' id='word_1_393' title='bbox 817 3552 909 3598; x_wconf 78' lang='grc' dir='ltr'>μηρῷ</span> <span class='ocrx_word' id='word_1_394' title='bbox 929 3550 1018 3592; x_wconf 90' lang='grc' dir='ltr'>Διὸς,</span> 
     </span>
    </p>

    <p class='ocr_par' dir='ltr' id='par_1_40' title="bbox 300 3601 963 3651">
     <span class='ocr_line' id='line_1_73' title="bbox 300 3601 963 3651; baseline -0.006 -11"><span class='ocrx_word' id='word_1_395' title='bbox 300 3620 303 3623; x_wconf 44' lang='grc'>&gt;</span> <span class='ocrx_word' id='word_1_396' title='bbox 321 3604 424 3651; x_wconf 75' lang='grc' dir='ltr'>ὄνομα</span> <span class='ocrx_word' id='word_1_397' title='bbox 440 3603 721 3651; x_wconf 86' lang='grc' dir='ltr'>μεταστήσαντες,</span> <span class='ocrx_word' id='word_1_398' title='bbox 740 3602 791 3638; x_wconf 85' lang='grc' dir='ltr'>ὅτι</span> <span class='ocrx_word' id='word_1_399' title='bbox 810 3601 869 3648; x_wconf 78' lang='grc' dir='ltr'>θεᾷ</span> <span class='ocrx_word' id='word_1_400' title='bbox 889 3601 963 3639; x_wconf 88' lang='grc' dir='ltr'>θεὸς</span> 
     </span>
    </p>
   </div>
   <div class='ocr_carea' id='block_1_14' title="bbox 1185 2514 1243 2547">
    <p class='ocr_par' dir='ltr' id='par_1_41' title="bbox 1185 2514 1243 2547">
     <span class='ocr_line' id='line_1_74' title="bbox 1185 2514 1243 2547; baseline 0.017 -1"><span class='ocrx_word' id='word_1_401' title='bbox 1185 2514 1243 2547; x_wconf 88' lang='lat'>275</span> 
     </span>
    </p>
   </div>
   <div class='ocr_carea' id='block_1_15' title="bbox 1186 3030 1245 3070">
    <p class='ocr_par' dir='ltr' id='par_1_42' title="bbox 1186 3030 1245 3070">
     <span class='ocr_line' id='line_1_75' title="bbox 1186 3030 1245 3070; baseline -0.017 -8"><span class='ocrx_word' id='word_1_402' title='bbox 1186 3030 1245 3070; x_wconf 87' lang='lat'>285</span> 
     </span>
    </p>
   </div>
   <div class='ocr_carea' id='block_1_16' title="bbox 1191 3299 1252 3332">
    <p class='ocr_par' dir='ltr' id='par_1_43' title="bbox 1191 3299 1252 3332">
     <span class='ocr_line' id='line_1_76' title="bbox 1191 3299 1252 3332; baseline -0.016 -9"><span class='ocrx_word' id='word_1_403' title='bbox 1191 3299 1252 3332; x_wconf 89' lang='lat'>290</span> 
     </span>
    </p>
   </div>
   <div class='ocr_carea' id='block_1_17' title="bbox 1195 3560 1252 3594">
    <p class='ocr_par' dir='ltr' id='par_1_44' title="bbox 1195 3560 1252 3594">
     <span class='ocr_line' id='line_1_77' title="bbox 1195 3560 1252 3594; baseline -0.035 0"><span class='ocrx_word' id='word_1_404' title='bbox 1195 3560 1252 3594; x_wconf 86' lang='lat'>295</span> 
     </span>
    </p>
   </div>
   <div class='ocr_carea' id='block_1_18' title="bbox 1178 1981 1356 2067">
    <p class='ocr_par' dir='ltr' id='par_1_45' title="bbox 1178 1981 1356 2067">
     <span class='ocr_line' id='line_1_78' title="bbox 1178 1981 1264 2036; baseline 0 -23"><span class='ocrx_word' id='word_1_405' title='bbox 1178 1981 1238 2022; x_wconf 70' lang='lat'>205</span> <span class='ocrx_word' id='word_1_406' title='bbox 1257 2017 1264 2036; x_wconf 44' lang='grc' dir='ltr'>,Ι</span> 
     </span>
     <span class='ocr_line' id='line_1_79' title="bbox 1289 2036 1356 2067; baseline -0.015 0"><span class='ocrx_word' id='word_1_407' title='bbox 1289 2036 1356 2067; x_wconf 88' lang='grc' dir='ltr'>ΧΟ.</span> 
     </span>
    </p>
   </div>
   <div class='ocr_carea' id='block_1_19' title="bbox 1271 2127 1357 2173">
    <p class='ocr_par' dir='ltr' id='par_1_46' title="bbox 1271 2127 1357 2173">
     <span class='ocr_line' id='line_1_80' title="bbox 1271 2127 1357 2173; baseline 0 0"><span class='ocrx_word' id='word_1_408' title='bbox 1271 2127 1357 2173; x_wconf 75' lang='grc' dir='ltr'>“ΚΑ.</span> 
     </span>
    </p>
   </div>
   <div class='ocr_carea' id='block_1_20' title="bbox 1370 396 2207 1025">
    <p class='ocr_par' dir='ltr' id='par_1_47' title="bbox 1370 396 2207 1025">
     <span class='ocr_line' id='line_1_81' title="bbox 1370 396 2110 450; baseline 0.003 -15"><span class='ocrx_word' id='word_1_409' title='bbox 1370 400 1464 447; x_wconf 82' lang='grc' dir='ltr'>’Ἤρᾳ</span> <span class='ocrx_word' id='word_1_410' title='bbox 1481 397 1558 436; x_wconf 88' lang='grc' dir='ltr'>ποθ’</span> <span class='ocrx_word' id='word_1_411' title='bbox 1578 399 1763 448; x_wconf 85' lang='grc' dir='ltr'>ὡμήρευσε,</span> <span class='ocrx_word' id='word_1_412' title='bbox 1783 399 1959 439; x_wconf 80' lang='grc' dir='ltr'>συνθέντες</span> <span class='ocrx_word' id='word_1_413' title='bbox 1976 396 2110 450; x_wconf 89' lang='grc' dir='ltr'>λόγον.]</span> 
     </span>
     <span class='ocr_line' id='line_1_82' title="bbox 1377 451 2207 502; baseline 0.002 -14"><span class='ocrx_word' id='word_1_414' title='bbox 1377 454 1491 498; x_wconf 86' lang='grc' dir='ltr'>μάντις</span> <span class='ocrx_word' id='word_1_415' title='bbox 1509 452 1538 488; x_wconf 83' lang='grc' dir='ltr'>δ’</span> <span class='ocrx_word' id='word_1_416' title='bbox 1558 454 1577 487; x_wconf 85' lang='grc' dir='ltr'>ὁ</span> <span class='ocrx_word' id='word_1_417' title='bbox 1595 454 1722 499; x_wconf 88' lang='grc' dir='ltr'>δαίμων</span> <span class='ocrx_word' id='word_1_418' title='bbox 1739 453 1806 489; x_wconf 83' lang='grc' dir='ltr'>ὅδε·</span> <span class='ocrx_word' id='word_1_419' title='bbox 1833 455 1873 490; x_wconf 82' lang='grc' dir='ltr'>τὸ</span> <span class='ocrx_word' id='word_1_420' title='bbox 1915 454 1957 502; x_wconf 85' lang='grc' dir='ltr'>ὰρ</span> <span class='ocrx_word' id='word_1_421' title='bbox 1973 451 2207 501; x_wconf 80' lang='grc' dir='ltr'>βακχεύσιμον</span> 
     </span>
     <span class='ocr_line' id='line_1_83' title="bbox 1379 504 2090 553; baseline 0.001 -13"><span class='ocrx_word' id='word_1_422' title='bbox 1379 506 1432 540; x_wconf 85' lang='grc' dir='ltr'>καὶ</span> <span class='ocrx_word' id='word_1_423' title='bbox 1449 506 1488 540; x_wconf 86' lang='grc' dir='ltr'>τὸ</span> <span class='ocrx_word' id='word_1_424' title='bbox 1505 506 1666 550; x_wconf 85' lang='grc' dir='ltr'>μανιῶδες</span> <span class='ocrx_word' id='word_1_425' title='bbox 1683 504 1841 551; x_wconf 78' lang='grc' dir='ltr'>μαντικὴν</span> <span class='ocrx_word' id='word_1_426' title='bbox 1856 521 1902 543; x_wconf 91' lang='grc' dir='ltr'>πο</span> <span class='ocrx_word' id='word_1_427' title='bbox 1926 507 1991 553; x_wconf 86' lang='grc' dir='ltr'>λὴν</span> <span class='ocrx_word' id='word_1_428' title='bbox 2007 506 2090 553; x_wconf 74' lang='grc' dir='ltr'>ἔχει·</span> 
     </span>
     <span class='ocr_line' id='line_1_84' title="bbox 1379 557 2127 605; baseline 0.005 -13"><span class='ocrx_word' id='word_1_429' title='bbox 1379 558 1458 592; x_wconf 86' lang='grc' dir='ltr'>ὅταν</span> <span class='ocrx_word' id='word_1_430' title='bbox 1474 558 1539 605; x_wconf 87' lang='grc' dir='ltr'>γὰρ</span> <span class='ocrx_word' id='word_1_431' title='bbox 1557 560 1576 593; x_wconf 83' lang='grc' dir='ltr'>ὁ</span> <span class='ocrx_word' id='word_1_432' title='bbox 1595 557 1671 595; x_wconf 86' lang='grc' dir='ltr'>θεὸς</span> <span class='ocrx_word' id='word_1_433' title='bbox 1689 559 1723 594; x_wconf 85' lang='grc' dir='ltr'>ἐς</span> <span class='ocrx_word' id='word_1_434' title='bbox 1739 559 1778 594; x_wconf 83' lang='grc' dir='ltr'>τὸ</span> <span class='ocrx_word' id='word_1_435' title='bbox 1797 557 1884 604; x_wconf 80' lang='grc' dir='ltr'>σῶμ’</span> <span class='ocrx_word' id='word_1_436' title='bbox 1904 558 1989 605; x_wconf 78' lang='grc' dir='ltr'>ἔλθῃ</span> <span class='ocrx_word' id='word_1_437' title='bbox 2007 559 2127 599; x_wconf 80' lang='grc' dir='ltr'>πολύς,</span> 
     </span>
     <span class='ocr_line' id='line_1_85' title="bbox 1378 610 2111 657; baseline 0.003 -13"><span class='ocrx_word' id='word_1_438' title='bbox 1378 610 1491 657; x_wconf 90' lang='grc' dir='ltr'>λέγειν</span> <span class='ocrx_word' id='word_1_439' title='bbox 1508 611 1547 645; x_wconf 88' lang='grc' dir='ltr'>τὸ</span> <span class='ocrx_word' id='word_1_440' title='bbox 1564 611 1700 655; x_wconf 91' lang='grc' dir='ltr'>μέλλον</span> <span class='ocrx_word' id='word_1_441' title='bbox 1716 610 1793 648; x_wconf 73' lang='grc' dir='ltr'>τοὺς</span> <span class='ocrx_word' id='word_1_442' title='bbox 1810 613 1996 657; x_wconf 86' lang='grc' dir='ltr'>μεμηνότας</span> <span class='ocrx_word' id='word_1_443' title='bbox 2012 613 2111 647; x_wconf 87' lang='grc' dir='ltr'>ποιεῖ.</span> 
     </span>
     <span class='ocr_line' id='line_1_86' title="bbox 1372 662 2098 711; baseline 0.001 -13"><span class='ocrx_word' id='word_1_444' title='bbox 1372 662 1502 708; x_wconf 73' lang='grc' dir='ltr'>’Ἄρεώς</span> <span class='ocrx_word' id='word_1_445' title='bbox 1519 677 1556 698; x_wconf 92' lang='grc' dir='ltr'>τε</span> <span class='ocrx_word' id='word_1_446' title='bbox 1573 665 1692 710; x_wconf 88' lang='grc' dir='ltr'>μοῖραν</span> <span class='ocrx_word' id='word_1_447' title='bbox 1709 664 1909 709; x_wconf 83' lang='grc' dir='ltr'>μεταλαβὼν</span> <span class='ocrx_word' id='word_1_448' title='bbox 1926 664 1998 711; x_wconf 81' lang='grc' dir='ltr'>ἕχει</span> <span class='ocrx_word' id='word_1_449' title='bbox 2015 664 2098 699; x_wconf 90' lang='grc' dir='ltr'>τινά·</span> 
     </span>
     <span class='ocr_line' id='line_1_87' title="bbox 1382 714 2131 762; baseline 0.001 -12"><span class='ocrx_word' id='word_1_450' title='bbox 1382 716 1528 762; x_wconf 87' lang='grc' dir='ltr'>στρατὸν</span> <span class='ocrx_word' id='word_1_451' title='bbox 1544 716 1609 762; x_wconf 82' lang='grc' dir='ltr'>γὰρ</span> <span class='ocrx_word' id='word_1_452' title='bbox 1629 716 1664 751; x_wconf 82' lang='grc' dir='ltr'>ἐν</span> <span class='ocrx_word' id='word_1_453' title='bbox 1681 714 1800 752; x_wconf 86' lang='grc' dir='ltr'>ὅπλοις</span> <span class='ocrx_word' id='word_1_454' title='bbox 1817 715 1896 751; x_wconf 81' lang='grc' dir='ltr'>ὅντα</span> <span class='ocrx_word' id='word_1_455' title='bbox 1913 716 1992 752; x_wconf 83' lang='grc' dir='ltr'>κάπὶ</span> <span class='ocrx_word' id='word_1_456' title='bbox 2009 716 2131 760; x_wconf 79' lang='grc' dir='ltr'>τάξεσι</span> 
     </span>
     <span class='ocr_line' id='line_1_88' title="bbox 1381 767 2080 816; baseline 0.001 -14"><span class='ocrx_word' id='word_1_457' title='bbox 1381 768 1495 814; x_wconf 87' lang='grc' dir='ltr'>φόβος</span> <span class='ocrx_word' id='word_1_458' title='bbox 1514 768 1703 813; x_wconf 85' lang='grc' dir='ltr'>διεπτόησε,</span> <span class='ocrx_word' id='word_1_459' title='bbox 1721 768 1800 815; x_wconf 83' lang='grc' dir='ltr'>πρὶν</span> <span class='ocrx_word' id='word_1_460' title='bbox 1816 770 1945 816; x_wconf 83' lang='grc' dir='ltr'>λόγχης</span> <span class='ocrx_word' id='word_1_461' title='bbox 1963 767 2080 816; x_wconf 83' lang='grc' dir='ltr'>θιγεῖν·</span> 
     </span>
     <span class='ocr_line' id='line_1_89' title="bbox 1379 819 2109 869; baseline 0.003 -15"><span class='ocrx_word' id='word_1_462' title='bbox 1379 820 1479 865; x_wconf 89' lang='grc' dir='ltr'>μανία</span> <span class='ocrx_word' id='word_1_463' title='bbox 1497 819 1532 854; x_wconf 83' lang='grc' dir='ltr'>δὲ</span> <span class='ocrx_word' id='word_1_464' title='bbox 1551 821 1605 855; x_wconf 83' lang='grc' dir='ltr'>καὶ</span> <span class='ocrx_word' id='word_1_465' title='bbox 1621 819 1711 856; x_wconf 78' lang='grc' dir='ltr'>τοῦτ’</span> <span class='ocrx_word' id='word_1_466' title='bbox 1732 820 1806 856; x_wconf 87' lang='grc' dir='ltr'>ἐστὶ</span> <span class='ocrx_word' id='word_1_467' title='bbox 1825 819 1992 857; x_wconf 86' lang='grc' dir='ltr'>Διονύσου</span> <span class='ocrx_word' id='word_1_468' title='bbox 2008 822 2109 869; x_wconf 90' lang='grc' dir='ltr'>πάρα.</span> 
     </span>
     <span class='ocr_line' id='line_1_90' title="bbox 1382 871 2092 921; baseline 0.006 -15"><span class='ocrx_word' id='word_1_469' title='bbox 1382 871 1428 906; x_wconf 80' lang='grc' dir='ltr'>ἔτ’</span> <span class='ocrx_word' id='word_1_470' title='bbox 1447 873 1548 907; x_wconf 81' lang='grc' dir='ltr'>αὐτὸν</span> <span class='ocrx_word' id='word_1_471' title='bbox 1566 871 1649 919; x_wconf 82' lang='grc' dir='ltr'>ὄψει</span> <span class='ocrx_word' id='word_1_472' title='bbox 1668 873 1748 908; x_wconf 82' lang='grc' dir='ltr'>κάπὶ</span> <span class='ocrx_word' id='word_1_473' title='bbox 1768 874 1941 920; x_wconf 92' lang='grc' dir='ltr'>Δελφίσιν</span> <span class='ocrx_word' id='word_1_474' title='bbox 1957 873 2092 921; x_wconf 84' lang='grc' dir='ltr'>πέτραις</span> 
     </span>
     <span class='ocr_line' id='line_1_91' title="bbox 1381 924 2138 974; baseline 0.001 -15"><span class='ocrx_word' id='word_1_475' title='bbox 1381 925 1538 969; x_wconf 83' lang='grc' dir='ltr'>πηδῶντα</span> <span class='ocrx_word' id='word_1_476' title='bbox 1557 925 1621 960; x_wconf 80' lang='grc' dir='ltr'>σύν</span> <span class='ocrx_word' id='word_1_477' title='bbox 1637 924 1796 961; x_wconf 87' lang='grc' dir='ltr'>πεύκαισι</span> <span class='ocrx_word' id='word_1_478' title='bbox 1814 926 1997 974; x_wconf 82' lang='grc' dir='ltr'>δικόρυφον</span> <span class='ocrx_word' id='word_1_479' title='bbox 2013 926 2138 971; x_wconf 86' lang='grc' dir='ltr'>πλάκα,</span> 
     </span>
     <span class='ocr_line' id='line_1_92' title="bbox 1385 977 2113 1025; baseline 0 -13"><span class='ocrx_word' id='word_1_480' title='bbox 1385 977 1561 1013; x_wconf 90' lang='grc' dir='ltr'>πάλλοντα</span> <span class='ocrx_word' id='word_1_481' title='bbox 1578 978 1631 1012; x_wconf 82' lang='grc' dir='ltr'>καὶ</span> <span class='ocrx_word' id='word_1_482' title='bbox 1650 977 1785 1013; x_wconf 92' lang='grc' dir='ltr'>σείοντα</span> <span class='ocrx_word' id='word_1_483' title='bbox 1801 981 1962 1025; x_wconf 88' lang='grc' dir='ltr'>βακχεῖον</span> <span class='ocrx_word' id='word_1_484' title='bbox 1980 978 2113 1020; x_wconf 87' lang='grc' dir='ltr'>κλάδον,</span> 
     </span>
    </p>
   </div>
   <div class='ocr_carea' id='block_1_21' title="bbox 2257 572 2321 604">
    <p class='ocr_par' dir='ltr' id='par_1_48' title="bbox 2257 572 2321 604">
     <span class='ocr_line' id='line_1_93' title="bbox 2257 572 2321 604; baseline 0 -7"><span class='ocrx_word' id='word_1_485' title='bbox 2257 572 2321 604; x_wconf 81' lang='lat'>300</span> 
     </span>
    </p>
   </div>
   <div class='ocr_carea' id='block_1_22' title="bbox 2258 834 2318 868">
    <p class='ocr_par' dir='ltr' id='par_1_49' title="bbox 2258 834 2318 868">
     <span class='ocr_line' id='line_1_94' title="bbox 2258 834 2318 868; baseline 0.033 -2"><span class='ocrx_word' id='word_1_486' title='bbox 2258 834 2318 868; x_wconf 88' lang='grc'>305</span> 
     </span>
    </p>
   </div>
   <div class='ocr_carea' id='block_1_23' title="bbox 1382 1027 2288 1077">
    <p class='ocr_par' dir='ltr' id='par_1_50' title="bbox 1382 1027 2288 1077">
     <span class='ocr_line' id='line_1_95' title="bbox 1382 1027 2288 1077; baseline 0.003 -13"><span class='ocrx_word' id='word_1_487' title='bbox 1382 1029 1489 1077; x_wconf 87' lang='grc' dir='ltr'>μέγαν</span> <span class='ocrx_word' id='word_1_488' title='bbox 1505 1027 1536 1064; x_wconf 89' lang='grc' dir='ltr'>τ’</span> <span class='ocrx_word' id='word_1_489' title='bbox 1557 1029 1606 1064; x_wconf 88' lang='grc' dir='ltr'>ἀν’</span> <span class='ocrx_word' id='word_1_490' title='bbox 1623 1028 1776 1066; x_wconf 80' lang='grc' dir='ltr'>Ἑλλάδ’.</span> <span class='ocrx_word' id='word_1_491' title='bbox 1813 1030 1892 1065; x_wconf 86' lang='grc' dir='ltr'>ἀλλ’</span> <span class='ocrx_word' id='word_1_492' title='bbox 1914 1031 1998 1076; x_wconf 81' lang='grc' dir='ltr'>ἐμοὶ,</span> <span class='ocrx_word' id='word_1_493' title='bbox 2018 1029 2157 1072; x_wconf 81' lang='grc' dir='ltr'>Πενθεῦ,</span> <span class='ocrx_word' id='word_1_494' title='bbox 2175 1031 2288 1076; x_wconf 85' lang='grc' dir='ltr'>πιθοῦ,</span> 
     </span>
    </p>
   </div>
   <div class='ocr_carea' id='block_1_24' title="bbox 1382 1081 2237 2025">
    <p class='ocr_par' dir='ltr' id='par_1_51' title="bbox 1382 1081 2207 1445">
     <span class='ocr_line' id='line_1_96' title="bbox 1382 1081 2207 1130; baseline 0.001 -12"><span class='ocrx_word' id='word_1_495' title='bbox 1382 1083 1426 1128; x_wconf 90' lang='grc' dir='ltr'>μὴ</span> <span class='ocrx_word' id='word_1_496' title='bbox 1444 1085 1483 1118; x_wconf 84' lang='grc' dir='ltr'>τὸ</span> <span class='ocrx_word' id='word_1_497' title='bbox 1502 1083 1620 1128; x_wconf 90' lang='grc' dir='ltr'>κράτος</span> <span class='ocrx_word' id='word_1_498' title='bbox 1637 1085 1732 1128; x_wconf 80' lang='grc' dir='ltr'>αὔχει</span> <span class='ocrx_word' id='word_1_499' title='bbox 1751 1081 1887 1129; x_wconf 87' lang='grc' dir='ltr'>δύναμιν</span> <span class='ocrx_word' id='word_1_500' title='bbox 1904 1082 2091 1129; x_wconf 90' lang='grc' dir='ltr'>ἀνθρώποις</span> <span class='ocrx_word' id='word_1_501' title='bbox 2107 1082 2207 1130; x_wconf 80' lang='grc' dir='ltr'>ἔχειν,</span> 
     </span>
     <span class='ocr_line' id='line_1_97' title="bbox 1384 1134 2135 1182; baseline 0 -12"><span class='ocrx_word' id='word_1_502' title='bbox 1384 1135 1471 1182; x_wconf 82' lang='grc' dir='ltr'>μηδ’,</span> <span class='ocrx_word' id='word_1_503' title='bbox 1491 1134 1531 1179; x_wconf 87' lang='grc' dir='ltr'>ἢν</span> <span class='ocrx_word' id='word_1_504' title='bbox 1549 1135 1647 1179; x_wconf 87' lang='grc' dir='ltr'>δοκῇς</span> <span class='ocrx_word' id='word_1_505' title='bbox 1663 1136 1734 1181; x_wconf 84' lang='grc' dir='ltr'>μὲν,</span> <span class='ocrx_word' id='word_1_506' title='bbox 1753 1134 1773 1180; x_wconf 86' lang='grc' dir='ltr'>ἡ</span> <span class='ocrx_word' id='word_1_507' title='bbox 1792 1136 1829 1171; x_wconf 84' lang='grc' dir='ltr'>δὲ</span> <span class='ocrx_word' id='word_1_508' title='bbox 1847 1135 1930 1180; x_wconf 87' lang='grc' dir='ltr'>δόξα</span> <span class='ocrx_word' id='word_1_509' title='bbox 1948 1149 2013 1170; x_wconf 90' lang='grc' dir='ltr'>σου</span> <span class='ocrx_word' id='word_1_510' title='bbox 2031 1136 2135 1178; x_wconf 81' lang='grc' dir='ltr'>νοσεῖ,</span> 
     </span>
     <span class='ocr_line' id='line_1_98' title="bbox 1383 1187 2178 1235; baseline 0.004 -14"><span class='ocrx_word' id='word_1_511' title='bbox 1383 1189 1522 1234; x_wconf 88' lang='grc' dir='ltr'>φρονεῖν</span> <span class='ocrx_word' id='word_1_512' title='bbox 1539 1187 1628 1222; x_wconf 89' lang='grc' dir='ltr'>δόκει</span> <span class='ocrx_word' id='word_1_513' title='bbox 1645 1202 1688 1223; x_wconf 90' lang='grc' dir='ltr'>τι·</span> <span class='ocrx_word' id='word_1_514' title='bbox 1715 1189 1774 1222; x_wconf 90' lang='grc' dir='ltr'>τὸν</span> <span class='ocrx_word' id='word_1_515' title='bbox 1792 1188 1867 1224; x_wconf 85' lang='grc' dir='ltr'>θεὸν</span> <span class='ocrx_word' id='word_1_516' title='bbox 1885 1187 1915 1223; x_wconf 87' lang='grc' dir='ltr'>δ’</span> <span class='ocrx_word' id='word_1_517' title='bbox 1936 1188 1969 1224; x_wconf 86' lang='grc' dir='ltr'>ἐς</span> <span class='ocrx_word' id='word_1_518' title='bbox 1985 1188 2049 1235; x_wconf 86' lang='grc' dir='ltr'>γῆν</span> <span class='ocrx_word' id='word_1_519' title='bbox 2066 1187 2178 1234; x_wconf 80' lang='grc' dir='ltr'>δέχου,</span> 
     </span>
     <span class='ocr_line' id='line_1_99' title="bbox 1384 1239 2150 1288; baseline 0.003 -14"><span class='ocrx_word' id='word_1_520' title='bbox 1384 1241 1438 1275; x_wconf 84' lang='grc' dir='ltr'>καὶ</span> <span class='ocrx_word' id='word_1_521' title='bbox 1456 1239 1580 1276; x_wconf 88' lang='grc' dir='ltr'>σπένδε</span> <span class='ocrx_word' id='word_1_522' title='bbox 1598 1242 1652 1276; x_wconf 85' lang='grc' dir='ltr'>καὶ</span> <span class='ocrx_word' id='word_1_523' title='bbox 1669 1241 1816 1286; x_wconf 88' lang='grc' dir='ltr'>βάκχευε</span> <span class='ocrx_word' id='word_1_524' title='bbox 1834 1241 1888 1276; x_wconf 74' lang='grc' dir='ltr'>καὶ</span> <span class='ocrx_word' id='word_1_525' title='bbox 1906 1239 2038 1286; x_wconf 89' lang='grc' dir='ltr'>στέφου</span> <span class='ocrx_word' id='word_1_526' title='bbox 2057 1240 2150 1288; x_wconf 85' lang='grc' dir='ltr'>κάρα.</span> 
     </span>
     <span class='ocr_line' id='line_1_100' title="bbox 1386 1293 2081 1341; baseline 0 -14"><span class='ocrx_word' id='word_1_527' title='bbox 1386 1293 1450 1338; x_wconf 82' lang='grc' dir='ltr'>οὐχ</span> <span class='ocrx_word' id='word_1_528' title='bbox 1470 1294 1488 1327; x_wconf 87' lang='grc' dir='ltr'>ὁ</span> <span class='ocrx_word' id='word_1_529' title='bbox 1507 1295 1672 1330; x_wconf 90' lang='grc' dir='ltr'>Διόνυσος</span> <span class='ocrx_word' id='word_1_530' title='bbox 1690 1293 1881 1341; x_wconf 90' lang='grc' dir='ltr'>σωφρονεῖν</span> <span class='ocrx_word' id='word_1_531' title='bbox 1899 1293 2081 1339; x_wconf 82' lang='grc' dir='ltr'>ἀναγκάσει</span> 
     </span>
     <span class='ocr_line' id='line_1_101' title="bbox 1386 1343 2167 1393; baseline 0 -13"><span class='ocrx_word' id='word_1_532' title='bbox 1386 1347 1543 1392; x_wconf 84' lang='grc' dir='ltr'>γυναῖκας</span> <span class='ocrx_word' id='word_1_533' title='bbox 1563 1346 1596 1382; x_wconf 86' lang='grc' dir='ltr'>ἐς</span> <span class='ocrx_word' id='word_1_534' title='bbox 1613 1346 1673 1391; x_wconf 89' lang='grc' dir='ltr'>τὴν</span> <span class='ocrx_word' id='word_1_535' title='bbox 1691 1344 1831 1393; x_wconf 79' lang='grc' dir='ltr'>Κύπριν,</span> <span class='ocrx_word' id='word_1_536' title='bbox 1851 1345 1930 1381; x_wconf 84' lang='grc' dir='ltr'>ἀλλ’</span> <span class='ocrx_word' id='word_1_537' title='bbox 1951 1345 1986 1380; x_wconf 86' lang='grc' dir='ltr'>ἐν</span> <span class='ocrx_word' id='word_1_538' title='bbox 2002 1348 2042 1391; x_wconf 83' lang='grc' dir='ltr'>τῇ</span> <span class='ocrx_word' id='word_1_539' title='bbox 2061 1343 2167 1392; x_wconf 89' lang='grc' dir='ltr'>φύσει</span> 
     </span>
     <span class='ocr_line' id='line_1_102' title="bbox 1384 1397 2090 1445; baseline 0 -13"><span class='ocrx_word' id='word_1_540' title='bbox 1384 1400 1423 1433; x_wconf 88' lang='grc' dir='ltr'>τὸ</span> <span class='ocrx_word' id='word_1_541' title='bbox 1445 1399 1639 1445; x_wconf 91' lang='grc' dir='ltr'>σωφρονεῖν</span> <span class='ocrx_word' id='word_1_542' title='bbox 1657 1399 1786 1434; x_wconf 82' lang='grc' dir='ltr'>ἔνεστιν</span> <span class='ocrx_word' id='word_1_543' title='bbox 1804 1399 1838 1436; x_wconf 86' lang='grc' dir='ltr'>ἐς</span> <span class='ocrx_word' id='word_1_544' title='bbox 1854 1399 1896 1433; x_wconf 84' lang='grc' dir='ltr'>τὰ</span> <span class='ocrx_word' id='word_1_545' title='bbox 1912 1397 2007 1434; x_wconf 90' lang='grc' dir='ltr'>πάντ’</span> <span class='ocrx_word' id='word_1_546' title='bbox 2028 1397 2090 1433; x_wconf 87' lang='grc' dir='ltr'>ἀεί.</span> 
     </span>
    </p>

    <p class='ocr_par' dir='ltr' id='par_1_52' title="bbox 1385 1449 2211 1551">
     <span class='ocr_line' id='line_1_103' title="bbox 1385 1449 2211 1499; baseline -0.001 -13"><span class='ocrx_word' id='word_1_547' title='bbox 1385 1453 1485 1487; x_wconf 85' lang='grc' dir='ltr'>τοῦτο</span> <span class='ocrx_word' id='word_1_548' title='bbox 1505 1453 1644 1486; x_wconf 89' lang='grc' dir='ltr'>σκοπεῖν</span> <span class='ocrx_word' id='word_1_549' title='bbox 1661 1451 1738 1499; x_wconf 89' lang='grc' dir='ltr'>χρή·</span> <span class='ocrx_word' id='word_1_550' title='bbox 1769 1452 1822 1486; x_wconf 82' lang='grc' dir='ltr'>καὶ</span> <span class='ocrx_word' id='word_1_551' title='bbox 1839 1451 1906 1498; x_wconf 85' lang='grc' dir='ltr'>γὰρ</span> <span class='ocrx_word' id='word_1_552' title='bbox 1925 1452 1960 1486; x_wconf 88' lang='grc' dir='ltr'>ἐν</span> <span class='ocrx_word' id='word_1_553' title='bbox 1976 1449 2211 1497; x_wconf 80' lang='grc' dir='ltr'>βακχεύμασιν</span> 
     </span>
     <span class='ocr_line' id='line_1_104' title="bbox 1386 1502 2086 1551; baseline 0 -13"><span class='ocrx_word' id='word_1_554' title='bbox 1386 1503 1460 1539; x_wconf 77' lang='grc' dir='ltr'>οῧσ’</span> <span class='ocrx_word' id='word_1_555' title='bbox 1480 1503 1503 1549; x_wconf 84' lang='grc' dir='ltr'><em>ἥ</em></span> <span class='ocrx_word' id='word_1_556' title='bbox 1519 1518 1559 1551; x_wconf 90' lang='grc' dir='ltr'>γε</span> <span class='ocrx_word' id='word_1_557' title='bbox 1579 1504 1729 1551; x_wconf 89' lang='grc' dir='ltr'>σώφρων</span> <span class='ocrx_word' id='word_1_558' title='bbox 1747 1505 1786 1539; x_wconf 83' lang='grc' dir='ltr'>οὐ</span> <span class='ocrx_word' id='word_1_559' title='bbox 1805 1502 2086 1551; x_wconf 85' lang='grc' dir='ltr'>διαφθαρήσεται.</span> 
     </span>
    </p>

    <p class='ocr_par' dir='ltr' id='par_1_53' title="bbox 1386 1553 2237 1709">
     <span class='ocr_line' id='line_1_105' title="bbox 1388 1553 2173 1604; baseline 0.001 -13"><span class='ocrx_word' id='word_1_560' title='bbox 1388 1559 1488 1604; x_wconf 81' lang='grc' dir='ltr'>ὁρᾷς,·</span> <span class='ocrx_word' id='word_1_561' title='bbox 1517 1556 1562 1592; x_wconf 83' lang='grc' dir='ltr'>σὺ</span> <span class='ocrx_word' id='word_1_562' title='bbox 1578 1557 1718 1604; x_wconf 88' lang='grc' dir='ltr'>χαίρεις,</span> <span class='ocrx_word' id='word_1_563' title='bbox 1737 1556 1816 1592; x_wconf 86' lang='grc' dir='ltr'>ὅταν</span> <span class='ocrx_word' id='word_1_564' title='bbox 1835 1556 2029 1602; x_wconf 85' lang='grc' dir='ltr'>ἐφεστῶσιν</span> <span class='ocrx_word' id='word_1_565' title='bbox 2049 1553 2173 1592; x_wconf 83' lang='grc' dir='ltr'>πύλαις</span> 
     </span>
     <span class='ocr_line' id='line_1_106' title="bbox 1386 1607 2237 1656; baseline 0.001 -12"><span class='ocrx_word' id='word_1_566' title='bbox 1386 1611 1523 1651; x_wconf 83' lang='grc' dir='ltr'>πολλοὶ,</span> <span class='ocrx_word' id='word_1_567' title='bbox 1542 1610 1580 1644; x_wconf 88' lang='grc' dir='ltr'>τὸ</span> <span class='ocrx_word' id='word_1_568' title='bbox 1600 1609 1753 1646; x_wconf 89' lang='grc' dir='ltr'>Πενθέως</span> <span class='ocrx_word' id='word_1_569' title='bbox 1770 1609 1800 1644; x_wconf 90' lang='grc' dir='ltr'>δ’</span> <span class='ocrx_word' id='word_1_570' title='bbox 1820 1607 1923 1655; x_wconf 79' lang='grc' dir='ltr'>ὄνομα</span> <span class='ocrx_word' id='word_1_571' title='bbox 1939 1607 2109 1656; x_wconf 81' lang='grc' dir='ltr'>μεγαλύνῃ</span> <span class='ocrx_word' id='word_1_572' title='bbox 2127 1610 2237 1646; x_wconf 85' lang='grc' dir='ltr'>πόλις·</span> 
     </span>
     <span class='ocr_line' id='line_1_107' title="bbox 1388 1658 2053 1709; baseline -0.003 -11"><span class='ocrx_word' id='word_1_573' title='bbox 1388 1662 1545 1704; x_wconf 88' lang='grc' dir='ltr'>κάκεῖνος,</span> <span class='ocrx_word' id='word_1_574' title='bbox 1565 1658 1667 1708; x_wconf 81' lang='grc' dir='ltr'>οἶμαι,</span> <span class='ocrx_word' id='word_1_575' title='bbox 1687 1663 1842 1709; x_wconf 88' lang='grc' dir='ltr'>τέρπεται</span> <span class='ocrx_word' id='word_1_576' title='bbox 1859 1663 2053 1708; x_wconf 84' lang='grc' dir='ltr'>τιμώμενος.</span> 
     </span>
    </p>

    <p class='ocr_par' dir='ltr' id='par_1_54' title="bbox 1388 1713 2153 1867">
     <span class='ocr_line' id='line_1_108' title="bbox 1388 1713 2153 1762; baseline 0 -12"><span class='ocrx_word' id='word_1_577' title='bbox 1388 1716 1455 1762; x_wconf 86' lang='grc' dir='ltr'>ἐγὼ</span> <span class='ocrx_word' id='word_1_578' title='bbox 1473 1716 1533 1760; x_wconf 78' lang='grc' dir='ltr'>μὲν</span> <span class='ocrx_word' id='word_1_579' title='bbox 1550 1713 1610 1750; x_wconf 76' lang='grc' dir='ltr'>οὖν</span> <span class='ocrx_word' id='word_1_580' title='bbox 1628 1716 1683 1750; x_wconf 84' lang='grc' dir='ltr'>καὶ</span> <span class='ocrx_word' id='word_1_581' title='bbox 1699 1715 1844 1761; x_wconf 86' lang='grc' dir='ltr'>Κάδμος,</span> <span class='ocrx_word' id='word_1_582' title='bbox 1864 1713 1902 1750; x_wconf 80' lang='grc' dir='ltr'>ὃν</span> <span class='ocrx_word' id='word_1_583' title='bbox 1920 1713 1966 1751; x_wconf 85' lang='grc' dir='ltr'>σὺ</span> <span class='ocrx_word' id='word_1_584' title='bbox 1985 1713 2153 1760; x_wconf 79' lang='grc' dir='ltr'>διαγελᾷς,</span> 
     </span>
     <span class='ocr_line' id='line_1_109' title="bbox 1389 1765 2099 1816; baseline -0.001 -13"><span class='ocrx_word' id='word_1_585' title='bbox 1389 1771 1500 1816; x_wconf 79' lang='grc' dir='ltr'>κισσῷ</span> <span class='ocrx_word' id='word_1_586' title='bbox 1519 1768 1547 1802; x_wconf 84' lang='grc' dir='ltr'>τ’</span> <span class='ocrx_word' id='word_1_587' title='bbox 1567 1767 1787 1815; x_wconf 79' lang='grc' dir='ltr'>ἐρεψόμεσθα</span> <span class='ocrx_word' id='word_1_588' title='bbox 1806 1768 1859 1803; x_wconf 86' lang='grc' dir='ltr'>καὶ</span> <span class='ocrx_word' id='word_1_589' title='bbox 1877 1765 2099 1814; x_wconf 87' lang='grc' dir='ltr'>χορεύσομεν,</span> 
     </span>
     <span class='ocr_line' id='line_1_110' title="bbox 1388 1817 2076 1867; baseline -0.006 -10"><span class='ocrx_word' id='word_1_590' title='bbox 1388 1823 1493 1857; x_wconf 85' lang='grc' dir='ltr'>πολιὰ</span> <span class='ocrx_word' id='word_1_591' title='bbox 1511 1820 1662 1867; x_wconf 83' lang='grc' dir='ltr'>ξυνωρὶς,</span> <span class='ocrx_word' id='word_1_592' title='bbox 1681 1820 1760 1856; x_wconf 86' lang='grc' dir='ltr'>ἀλλ’</span> <span class='ocrx_word' id='word_1_593' title='bbox 1780 1819 1869 1866; x_wconf 80' lang='grc' dir='ltr'>ὅμως</span> <span class='ocrx_word' id='word_1_594' title='bbox 1886 1817 2076 1867; x_wconf 86' lang='grc' dir='ltr'>χορευτέον,</span> 
     </span>
    </p>

    <p class='ocr_par' dir='ltr' id='par_1_55' title="bbox 1388 1869 2162 2025">
     <span class='ocr_line' id='line_1_111' title="bbox 1388 1869 2162 1920; baseline -0.004 -11"><span class='ocrx_word' id='word_1_595' title='bbox 1388 1875 1446 1909; x_wconf 80' lang='grc' dir='ltr'><strong>κοῦ</strong></span> <span class='ocrx_word' id='word_1_596' title='bbox 1466 1873 1680 1920; x_wconf 90' lang='grc' dir='ltr'>θεομαχήσω,</span> <span class='ocrx_word' id='word_1_597' title='bbox 1701 1876 1772 1908; x_wconf 87' lang='grc' dir='ltr'>σῶν</span> <span class='ocrx_word' id='word_1_598' title='bbox 1788 1874 1901 1919; x_wconf 90' lang='grc' dir='ltr'>λόγων</span> <span class='ocrx_word' id='word_1_599' title='bbox 1917 1871 2068 1915; x_wconf 78' lang='grc' dir='ltr'>πεισθεὶς</span> <span class='ocrx_word' id='word_1_600' title='bbox 2085 1869 2162 1907; x_wconf 60' lang='lat' dir='ltr'>{ln-o.</span> 
     </span>
     <span class='ocr_line' id='line_1_112' title="bbox 1389 1924 2141 1973; baseline -0.003 -11"><span class='ocrx_word' id='word_1_601' title='bbox 1389 1927 1495 1972; x_wconf 86' lang='grc' dir='ltr'>μαίνει</span> <span class='ocrx_word' id='word_1_602' title='bbox 1513 1927 1578 1973; x_wconf 88' lang='grc' dir='ltr'>γὰρ</span> <span class='ocrx_word' id='word_1_603' title='bbox 1597 1927 1640 1962; x_wconf 86' lang='grc' dir='ltr'>ὧς</span> <span class='ocrx_word' id='word_1_604' title='bbox 1658 1927 1818 1973; x_wconf 73' lang='grc' dir='ltr'>ἄλγιστα,</span> <span class='ocrx_word' id='word_1_605' title='bbox 1838 1927 1934 1961; x_wconf 79' lang='grc' dir='ltr'>κοῦτε</span> <span class='ocrx_word' id='word_1_606' title='bbox 1952 1924 2141 1971; x_wconf 86' lang='grc' dir='ltr'>φαρμάκοις</span> 
     </span>
     <span class='ocr_line' id='line_1_113' title="bbox 1389 1975 2116 2025; baseline -0.004 -11"><span class='ocrx_word' id='word_1_607' title='bbox 1389 1980 1450 2025; x_wconf 77' lang='grc' dir='ltr'>ἄκη</span> <span class='ocrx_word' id='word_1_608' title='bbox 1468 1981 1590 2022; x_wconf 89' lang='grc' dir='ltr'>λάβοις</span> <span class='ocrx_word' id='word_1_609' title='bbox 1608 1979 1649 2015; x_wconf 81' lang='grc' dir='ltr'>ἂν</span> <span class='ocrx_word' id='word_1_610' title='bbox 1666 1977 1735 2013; x_wconf 81' lang='grc' dir='ltr'>οὔτ’</span> <span class='ocrx_word' id='word_1_611' title='bbox 1756 1978 1832 2014; x_wconf 75' lang='grc' dir='ltr'>ἄνευ</span> <span class='ocrx_word' id='word_1_612' title='bbox 1850 1975 1976 2013; x_wconf 90' lang='grc' dir='ltr'>τούτων</span> <span class='ocrx_word' id='word_1_613' title='bbox 1993 1978 2116 2013; x_wconf 86' lang='grc' dir='ltr'>νοσεῖς.</span> 
     </span>
    </p>
   </div>
   <div class='ocr_carea' id='block_1_25' title="bbox 1299 2079 2216 3648">
    <p class='ocr_par' dir='ltr' id='par_1_56' title="bbox 1389 2079 2156 2235">
     <span class='ocr_line' id='line_1_114' title="bbox 1389 2079 2156 2131; baseline -0.004 -12"><span class='ocrx_word' id='word_1_614' title='bbox 1389 2089 1492 2129; x_wconf 89' lang='grc' dir='ltr'>τιμῶν</span> <span class='ocrx_word' id='word_1_615' title='bbox 1509 2099 1547 2119; x_wconf 90' lang='grc' dir='ltr'>τε</span> <span class='ocrx_word' id='word_1_616' title='bbox 1565 2086 1708 2131; x_wconf 89' lang='grc' dir='ltr'>Βρόμιον</span> <span class='ocrx_word' id='word_1_617' title='bbox 1726 2085 1926 2131; x_wconf 85' lang='grc' dir='ltr'>σωφρονεῖς,</span> <span class='ocrx_word' id='word_1_618' title='bbox 1945 2083 2051 2130; x_wconf 87' lang='grc' dir='ltr'>μέγαν</span> <span class='ocrx_word' id='word_1_619' title='bbox 2069 2079 2156 2116; x_wconf 88' lang='grc' dir='ltr'>θεόν.</span> 
     </span>
     <span class='ocr_line' id='line_1_115' title="bbox 1390 2133 2111 2183; baseline -0.006 -11"><span class='ocrx_word' id='word_1_620' title='bbox 1390 2138 1416 2172; x_wconf 79' lang='grc' dir='ltr'><strong>ὦ</strong></span> <span class='ocrx_word' id='word_1_621' title='bbox 1433 2139 1503 2178; x_wconf 80' lang='grc' dir='ltr'>παῖ,</span> <span class='ocrx_word' id='word_1_622' title='bbox 1524 2139 1633 2173; x_wconf 87' lang='grc' dir='ltr'>καλῶς</span> <span class='ocrx_word' id='word_1_623' title='bbox 1651 2151 1708 2172; x_wconf 91' lang='grc' dir='ltr'>σοι</span> <span class='ocrx_word' id='word_1_624' title='bbox 1726 2135 1899 2183; x_wconf 88' lang='grc' dir='ltr'>Τειρεσίας</span> <span class='ocrx_word' id='word_1_625' title='bbox 1914 2133 2111 2181; x_wconf 87' lang='grc' dir='ltr'>παρῄνεσεν·</span> 
     </span>
     <span class='ocr_line' id='line_1_116' title="bbox 1392 2187 2112 2235; baseline -0.006 -11"><span class='ocrx_word' id='word_1_626' title='bbox 1392 2189 1474 2225; x_wconf 81' lang='grc' dir='ltr'>οἵκει</span> <span class='ocrx_word' id='word_1_627' title='bbox 1491 2189 1567 2234; x_wconf 90' lang='grc' dir='ltr'>μεθ’</span> <span class='ocrx_word' id='word_1_628' title='bbox 1587 2189 1688 2234; x_wconf 84' lang='grc' dir='ltr'>ἡμῶν,</span> <span class='ocrx_word' id='word_1_629' title='bbox 1707 2188 1751 2235; x_wconf 84' lang='grc' dir='ltr'>μὴ</span> <span class='ocrx_word' id='word_1_630' title='bbox 1771 2187 1891 2235; x_wconf 77' lang='grc' dir='ltr'>θύραζε</span> <span class='ocrx_word' id='word_1_631' title='bbox 1909 2190 1974 2221; x_wconf 87' lang='grc' dir='ltr'>τῶν</span> <span class='ocrx_word' id='word_1_632' title='bbox 1992 2189 2112 2231; x_wconf 92' lang='grc' dir='ltr'>νόμων.</span> 
     </span>
    </p>

    <p class='ocr_par' dir='ltr' id='par_1_57' title="bbox 1392 2238 2202 2498">
     <span class='ocr_line' id='line_1_117' title="bbox 1396 2238 2202 2288; baseline -0.005 -11"><span class='ocrx_word' id='word_1_633' title='bbox 1396 2246 1453 2277; x_wconf 83' lang='grc' dir='ltr'>νῦν</span> <span class='ocrx_word' id='word_1_634' title='bbox 1470 2243 1536 2288; x_wconf 83' lang='grc' dir='ltr'>γὰρ</span> <span class='ocrx_word' id='word_1_635' title='bbox 1553 2242 1646 2277; x_wconf 90' lang='grc' dir='ltr'>πέτει</span> <span class='ocrx_word' id='word_1_636' title='bbox 1663 2256 1700 2276; x_wconf 90' lang='grc' dir='ltr'>τε</span> <span class='ocrx_word' id='word_1_637' title='bbox 1718 2242 1771 2276; x_wconf 79' lang='grc' dir='ltr'>καὶ</span> <span class='ocrx_word' id='word_1_638' title='bbox 1789 2241 1925 2287; x_wconf 88' lang='grc' dir='ltr'>φρονῶν</span> <span class='ocrx_word' id='word_1_639' title='bbox 1943 2238 2038 2274; x_wconf 78' lang='grc' dir='ltr'>οὐδὲν</span> <span class='ocrx_word' id='word_1_640' title='bbox 2055 2239 2202 2286; x_wconf 85' lang='grc' dir='ltr'>φρονεῖς.</span> 
     </span>
     <span class='ocr_line' id='line_1_118' title="bbox 1395 2290 2181 2341; baseline -0.004 -11"><span class='ocrx_word' id='word_1_641' title='bbox 1395 2295 1444 2330; x_wconf 85' lang='grc' dir='ltr'>κεῖ</span> <span class='ocrx_word' id='word_1_642' title='bbox 1462 2295 1506 2340; x_wconf 89' lang='grc' dir='ltr'>μὴ</span> <span class='ocrx_word' id='word_1_643' title='bbox 1524 2296 1590 2341; x_wconf 85' lang='grc' dir='ltr'>γὰρ</span> <span class='ocrx_word' id='word_1_644' title='bbox 1608 2295 1703 2330; x_wconf 79' lang='grc' dir='ltr'>ἔστιν</span> <span class='ocrx_word' id='word_1_645' title='bbox 1720 2297 1738 2329; x_wconf 88' lang='grc' dir='ltr'>ὁ</span> <span class='ocrx_word' id='word_1_646' title='bbox 1758 2293 1833 2330; x_wconf 90' lang='grc' dir='ltr'>θεὸς</span> <span class='ocrx_word' id='word_1_647' title='bbox 1851 2291 1957 2332; x_wconf 78' lang='grc' dir='ltr'>οὗτος,</span> <span class='ocrx_word' id='word_1_648' title='bbox 1977 2291 2021 2327; x_wconf 83' lang='grc' dir='ltr'>ὡς</span> <span class='ocrx_word' id='word_1_649' title='bbox 2040 2290 2084 2326; x_wconf 77' lang='grc' dir='ltr'>σὺ</span> <span class='ocrx_word' id='word_1_650' title='bbox 2102 2290 2181 2336; x_wconf 78' lang='grc' dir='ltr'>φῇς,</span> 
     </span>
     <span class='ocr_line' id='line_1_119' title="bbox 1392 2342 2188 2394; baseline -0.006 -12"><span class='ocrx_word' id='word_1_651' title='bbox 1392 2347 1483 2394; x_wconf 89' lang='grc' dir='ltr'>παρὰ</span> <span class='ocrx_word' id='word_1_652' title='bbox 1502 2348 1560 2382; x_wconf 82' lang='grc' dir='ltr'>σοὶ</span> <span class='ocrx_word' id='word_1_653' title='bbox 1579 2346 1746 2393; x_wconf 89' lang='grc' dir='ltr'>λεγέσθω·</span> <span class='ocrx_word' id='word_1_654' title='bbox 1775 2346 1828 2381; x_wconf 87' lang='grc' dir='ltr'>καὶ</span> <span class='ocrx_word' id='word_1_655' title='bbox 1847 2342 2060 2390; x_wconf 78' lang='grc' dir='ltr'>καταψεύδου</span> <span class='ocrx_word' id='word_1_656' title='bbox 2078 2344 2188 2381; x_wconf 82' lang='grc' dir='ltr'>καλῶς</span> 
     </span>
     <span class='ocr_line' id='line_1_120' title="bbox 1395 2395 2136 2444; baseline -0.007 -10"><span class='ocrx_word' id='word_1_657' title='bbox 1395 2401 1439 2436; x_wconf 84' lang='grc' dir='ltr'>ὡς</span> <span class='ocrx_word' id='word_1_658' title='bbox 1456 2400 1541 2444; x_wconf 81' lang='grc' dir='ltr'>ἔστι,</span> <span class='ocrx_word' id='word_1_659' title='bbox 1561 2398 1688 2444; x_wconf 89' lang='grc' dir='ltr'>Σεμέλη</span> <span class='ocrx_word' id='word_1_660' title='bbox 1708 2398 1739 2434; x_wconf 89' lang='grc' dir='ltr'>θ’</span> <span class='ocrx_word' id='word_1_661' title='bbox 1758 2397 1812 2433; x_wconf 81' lang='grc' dir='ltr'>ἵνα</span> <span class='ocrx_word' id='word_1_662' title='bbox 1830 2397 1909 2441; x_wconf 86' lang='grc' dir='ltr'>δοκῇ</span> <span class='ocrx_word' id='word_1_663' title='bbox 1928 2395 2004 2430; x_wconf 90' lang='grc' dir='ltr'>θεὸν</span> <span class='ocrx_word' id='word_1_664' title='bbox 2021 2398 2136 2441; x_wconf 81' lang='grc' dir='ltr'>τεκεῖν,</span> 
     </span>
     <span class='ocr_line' id='line_1_121' title="bbox 1394 2450 2051 2498; baseline -0.006 -11"><span class='ocrx_word' id='word_1_665' title='bbox 1394 2452 1471 2497; x_wconf 87' lang='grc' dir='ltr'>ἡμῖν</span> <span class='ocrx_word' id='word_1_666' title='bbox 1488 2466 1525 2486; x_wconf 88' lang='grc' dir='ltr'>τε</span> <span class='ocrx_word' id='word_1_667' title='bbox 1543 2451 1620 2497; x_wconf 88' lang='grc' dir='ltr'>τιμὴ</span> <span class='ocrx_word' id='word_1_668' title='bbox 1638 2452 1736 2487; x_wconf 80' lang='grc' dir='ltr'>παντὶ</span> <span class='ocrx_word' id='word_1_669' title='bbox 1753 2451 1800 2498; x_wconf 76' lang='grc' dir='ltr'>τῷ</span> <span class='ocrx_word' id='word_1_670' title='bbox 1817 2450 1906 2496; x_wconf 92' lang='grc' dir='ltr'>γένει</span> <span class='ocrx_word' id='word_1_671' title='bbox 1923 2451 2051 2495; x_wconf 89' lang='grc' dir='ltr'>προσῇ.</span> 
     </span>
    </p>

    <p class='ocr_par' dir='ltr' id='par_1_58' title="bbox 1393 2501 2021 2551">
     <span class='ocr_line' id='line_1_122' title="bbox 1393 2501 2021 2551; baseline -0.006 -13"><span class='ocrx_word' id='word_1_672' title='bbox 1393 2507 1472 2551; x_wconf 81' lang='grc' dir='ltr'>ὁρᾷς</span> <span class='ocrx_word' id='word_1_673' title='bbox 1490 2505 1549 2540; x_wconf 87' lang='grc' dir='ltr'>τὸν</span> <span class='ocrx_word' id='word_1_674' title='bbox 1566 2504 1745 2539; x_wconf 88' lang='grc' dir='ltr'>Ἀκτέωνος</span> <span class='ocrx_word' id='word_1_675' title='bbox 1763 2501 1881 2538; x_wconf 77' lang='grc' dir='ltr'>ἄθλιον</span> <span class='ocrx_word' id='word_1_676' title='bbox 1899 2503 2021 2548; x_wconf 87' lang='grc' dir='ltr'>μόρον,·</span> 
     </span>
    </p>

    <p class='ocr_par' dir='ltr' id='par_1_59' title="bbox 1394 2553 2149 2708">
     <span class='ocr_line' id='line_1_123' title="bbox 1394 2553 2040 2602; baseline -0.006 -12"><span class='ocrx_word' id='word_1_677' title='bbox 1394 2556 1432 2591; x_wconf 85' lang='grc' dir='ltr'>ὃν</span> <span class='ocrx_word' id='word_1_678' title='bbox 1449 2557 1610 2602; x_wconf 85' lang='grc' dir='ltr'>ὠμόσιτοι</span> <span class='ocrx_word' id='word_1_679' title='bbox 1629 2555 1795 2593; x_wconf 86' lang='grc' dir='ltr'>σκύλακες</span> <span class='ocrx_word' id='word_1_680' title='bbox 1813 2554 1852 2593; x_wconf 82' lang='grc' dir='ltr'>ἃς</span> <span class='ocrx_word' id='word_1_681' title='bbox 1870 2553 2040 2600; x_wconf 80' lang='grc' dir='ltr'>ἐθρέψατο</span> 
     </span>
     <span class='ocr_line' id='line_1_124' title="bbox 1394 2605 2063 2655; baseline -0.001 -12"><span class='ocrx_word' id='word_1_682' title='bbox 1394 2610 1633 2650; x_wconf 87' lang='grc' dir='ltr'>διεσπάσαντο,</span> <span class='ocrx_word' id='word_1_683' title='bbox 1653 2605 1823 2655; x_wconf 88' lang='grc' dir='ltr'>κρείσσον’</span> <span class='ocrx_word' id='word_1_684' title='bbox 1843 2607 1878 2641; x_wconf 89' lang='grc' dir='ltr'>ἐν</span> <span class='ocrx_word' id='word_1_685' title='bbox 1895 2605 2063 2652; x_wconf 87' lang='grc' dir='ltr'>κυναγίαις</span> 
     </span>
     <span class='ocr_line' id='line_1_125' title="bbox 1396 2657 2149 2708; baseline -0.003 -12"><span class='ocrx_word' id='word_1_686' title='bbox 1396 2660 1590 2708; x_wconf 85' lang='grc' dir='ltr'>Ἀρτέμιδος</span> <span class='ocrx_word' id='word_1_687' title='bbox 1607 2658 1689 2696; x_wconf 77' lang='grc' dir='ltr'>εἶναι</span> <span class='ocrx_word' id='word_1_688' title='bbox 1708 2660 1924 2707; x_wconf 84' lang='grc' dir='ltr'>κομπάσαντ’,</span> <span class='ocrx_word' id='word_1_689' title='bbox 1945 2658 1979 2692; x_wconf 83' lang='grc' dir='ltr'>ἐν</span> <span class='ocrx_word' id='word_1_690' title='bbox 1995 2657 2149 2705; x_wconf 77' lang='grc' dir='ltr'>ὀργάσιν.</span> 
     </span>
    </p>

    <p class='ocr_par' dir='ltr' id='par_1_60' title="bbox 1395 2710 2131 2815">
     <span class='ocr_line' id='line_1_126' title="bbox 1395 2710 2131 2760; baseline -0.003 -12"><span class='ocrx_word' id='word_1_691' title='bbox 1395 2713 1413 2748; x_wconf 83' lang='grc' dir='ltr'><strong>ὃ</strong></span> <span class='ocrx_word' id='word_1_692' title='bbox 1431 2714 1476 2759; x_wconf 90' lang='grc' dir='ltr'>μὴ</span> <span class='ocrx_word' id='word_1_693' title='bbox 1494 2712 1603 2758; x_wconf 86' lang='grc' dir='ltr'>πάθῃς</span> <span class='ocrx_word' id='word_1_694' title='bbox 1622 2712 1677 2749; x_wconf 87' lang='grc' dir='ltr'>σύ·</span> <span class='ocrx_word' id='word_1_695' title='bbox 1705 2714 1803 2760; x_wconf 84' lang='grc' dir='ltr'>δεῦρό</span> <span class='ocrx_word' id='word_1_696' title='bbox 1822 2726 1887 2747; x_wconf 92' lang='grc' dir='ltr'>σου</span> <span class='ocrx_word' id='word_1_697' title='bbox 1905 2710 2028 2758; x_wconf 85' lang='grc' dir='ltr'>στέψω</span> <span class='ocrx_word' id='word_1_698' title='bbox 2047 2710 2131 2758; x_wconf 85' lang='grc' dir='ltr'>κάρα</span> 
     </span>
     <span class='ocr_line' id='line_1_127' title="bbox 1395 2762 2114 2815; baseline -0.007 -13"><span class='ocrx_word' id='word_1_699' title='bbox 1395 2768 1516 2815; x_wconf 78' lang='grc' dir='ltr'>κισσῷ·</span> <span class='ocrx_word' id='word_1_700' title='bbox 1544 2764 1619 2811; x_wconf 86' lang='grc' dir='ltr'>μεθ’</span> <span class='ocrx_word' id='word_1_701' title='bbox 1639 2765 1730 2811; x_wconf 84' lang='grc' dir='ltr'>ἡμῶν</span> <span class='ocrx_word' id='word_1_702' title='bbox 1746 2768 1793 2813; x_wconf 81' lang='grc' dir='ltr'>τῷ</span> <span class='ocrx_word' id='word_1_703' title='bbox 1813 2763 1878 2812; x_wconf 74' lang='grc' dir='ltr'>θεῷ</span> <span class='ocrx_word' id='word_1_704' title='bbox 1895 2762 1992 2808; x_wconf 89' lang='grc' dir='ltr'>τιμὴν</span> <span class='ocrx_word' id='word_1_705' title='bbox 2010 2763 2114 2798; x_wconf 88' lang='grc' dir='ltr'>δίδου.</span> 
     </span>
    </p>

    <p class='ocr_par' dir='ltr' id='par_1_61' title="bbox 1394 2814 2203 2916">
     <span class='ocr_line' id='line_1_128' title="bbox 1396 2814 2203 2866; baseline -0.002 -13"><span class='ocrx_word' id='word_1_706' title='bbox 1396 2819 1434 2853; x_wconf 82' lang='grc' dir='ltr'>οὐ</span> <span class='ocrx_word' id='word_1_707' title='bbox 1452 2819 1497 2864; x_wconf 87' lang='grc' dir='ltr'>μὴ</span> <span class='ocrx_word' id='word_1_708' title='bbox 1515 2819 1715 2866; x_wconf 88' lang='grc' dir='ltr'>προσοίσεις</span> <span class='ocrx_word' id='word_1_709' title='bbox 1731 2820 1840 2864; x_wconf 86' lang='grc' dir='ltr'>χεῖρα,</span> <span class='ocrx_word' id='word_1_710' title='bbox 1859 2815 2064 2860; x_wconf 87' lang='grc' dir='ltr'>βακχεύσεις</span> <span class='ocrx_word' id='word_1_711' title='bbox 2082 2815 2110 2851; x_wconf 86' lang='grc' dir='ltr'>δ’</span> <span class='ocrx_word' id='word_1_712' title='bbox 2132 2814 2203 2855; x_wconf 77' lang='grc' dir='ltr'>ἰὼν,</span> 
     </span>
     <span class='ocr_line' id='line_1_129' title="bbox 1394 2867 2080 2916; baseline -0.006 -10"><span class='ocrx_word' id='word_1_713' title='bbox 1394 2871 1468 2916; x_wconf 84' lang='grc' dir='ltr'>μηδ’</span> <span class='ocrx_word' id='word_1_714' title='bbox 1489 2871 1663 2916; x_wconf 86' lang='grc' dir='ltr'>ἐξομόρξει</span> <span class='ocrx_word' id='word_1_715' title='bbox 1682 2870 1808 2916; x_wconf 90' lang='grc' dir='ltr'>μωρίαν</span> <span class='ocrx_word' id='word_1_716' title='bbox 1825 2868 1885 2913; x_wconf 90' lang='grc' dir='ltr'>τὴν</span> <span class='ocrx_word' id='word_1_717' title='bbox 1903 2868 1968 2912; x_wconf 87' lang='grc' dir='ltr'>σὴν</span> <span class='ocrx_word' id='word_1_718' title='bbox 1986 2867 2060 2913; x_wconf 89' lang='grc' dir='ltr'>ἐμοί</span> <span class='ocrx_word' id='word_1_719' title='bbox 2069 2882 2080 2908; x_wconf 83' lang='grc'>,-</span> 
     </span>
    </p>

    <p class='ocr_par' dir='ltr' id='par_1_62' title="bbox 1393 2919 2127 3127">
     <span class='ocr_line' id='line_1_130' title="bbox 1393 2919 2118 2969; baseline -0.003 -11"><span class='ocrx_word' id='word_1_720' title='bbox 1393 2926 1452 2969; x_wconf 84' lang='grc' dir='ltr'>τῆς</span> <span class='ocrx_word' id='word_1_721' title='bbox 1470 2925 1533 2968; x_wconf 87' lang='grc' dir='ltr'>σῆς</span> <span class='ocrx_word' id='word_1_722' title='bbox 1551 2922 1579 2958; x_wconf 81' lang='grc' dir='ltr'>δ’</span> <span class='ocrx_word' id='word_1_723' title='bbox 1598 2923 1709 2959; x_wconf 85' lang='grc' dir='ltr'>ἀνοίας</span> <span class='ocrx_word' id='word_1_724' title='bbox 1725 2921 1821 2957; x_wconf 88' lang='grc' dir='ltr'>τόνδε</span> <span class='ocrx_word' id='word_1_725' title='bbox 1838 2923 1897 2957; x_wconf 89' lang='grc' dir='ltr'>τὸν</span> <span class='ocrx_word' id='word_1_726' title='bbox 1913 2919 2118 2956; x_wconf 87' lang='grc' dir='ltr'>διδάσκαλον</span> 
     </span>
     <span class='ocr_line' id='line_1_131' title="bbox 1398 2973 2104 3021; baseline -0.001 -11"><span class='ocrx_word' id='word_1_727' title='bbox 1398 2977 1490 3020; x_wconf 86' lang='grc' dir='ltr'>δίκην</span> <span class='ocrx_word' id='word_1_728' title='bbox 1507 2975 1645 3021; x_wconf 86' lang='grc' dir='ltr'>μέτειμι.</span> <span class='ocrx_word' id='word_1_729' title='bbox 1683 2974 1845 3021; x_wconf 89' lang='grc' dir='ltr'>στειχέτω</span> <span class='ocrx_word' id='word_1_730' title='bbox 1862 2987 1913 3010; x_wconf 86' lang='grc' dir='ltr'>τις</span> <span class='ocrx_word' id='word_1_731' title='bbox 1930 2973 1974 3009; x_wconf 80' lang='grc' dir='ltr'>ὡς</span> <span class='ocrx_word' id='word_1_732' title='bbox 1990 2973 2104 3018; x_wconf 80' lang='grc' dir='ltr'>τάχος,</span> 
     </span>
     <span class='ocr_line' id='line_1_132' title="bbox 1395 3024 2127 3067; baseline -0.004 -5"><span class='ocrx_word' id='word_1_733' title='bbox 1395 3028 1505 3062; x_wconf 85' lang='grc' dir='ltr'>ἐλθὼν</span> <span class='ocrx_word' id='word_1_734' title='bbox 1523 3027 1558 3063; x_wconf 81' lang='grc' dir='ltr'>δὲ</span> <span class='ocrx_word' id='word_1_735' title='bbox 1578 3028 1699 3064; x_wconf 90' lang='grc' dir='ltr'>θάκους</span> <span class='ocrx_word' id='word_1_736' title='bbox 1714 3025 1817 3067; x_wconf 79' lang='grc' dir='ltr'>τοῦδ’,</span> <span class='ocrx_word' id='word_1_737' title='bbox 1836 3024 1877 3061; x_wconf 77' lang='grc' dir='ltr'>’ἶν’</span> <span class='ocrx_word' id='word_1_738' title='bbox 1897 3024 2127 3064; x_wconf 78' lang='grc' dir='ltr'>οἰωνοσκοπεῖ,</span> 
     </span>
     <span class='ocr_line' id='line_1_133' title="bbox 1395 3076 2104 3127; baseline -0.004 -13"><span class='ocrx_word' id='word_1_739' title='bbox 1395 3082 1538 3125; x_wconf 87' lang='grc' dir='ltr'>μοχλοῖς</span> <span class='ocrx_word' id='word_1_740' title='bbox 1557 3081 1704 3127; x_wconf 86' lang='grc' dir='ltr'>τριαίνου</span> <span class='ocrx_word' id='word_1_741' title='bbox 1722 3076 1935 3126; x_wconf 82' lang='grc' dir='ltr'>κάνάτρεψον</span> <span class='ocrx_word' id='word_1_742' title='bbox 1952 3077 2104 3122; x_wconf 77' lang='grc' dir='ltr'>ἔμπαλιν,</span> 
     </span>
    </p>

    <p class='ocr_par' dir='ltr' id='par_1_63' title="bbox 1398 3130 2031 3178">
     <span class='ocr_line' id='line_1_134' title="bbox 1398 3130 2031 3178; baseline -0.005 -12"><span class='ocrx_word' id='word_1_743' title='bbox 1398 3133 1464 3167; x_wconf 84' lang='grc' dir='ltr'>ἅνω</span> <span class='ocrx_word' id='word_1_744' title='bbox 1483 3134 1570 3167; x_wconf 89' lang='grc' dir='ltr'>κάτω</span> <span class='ocrx_word' id='word_1_745' title='bbox 1588 3133 1629 3167; x_wconf 87' lang='grc' dir='ltr'>τὰ</span> <span class='ocrx_word' id='word_1_746' title='bbox 1645 3133 1753 3167; x_wconf 89' lang='grc' dir='ltr'>πάντα</span> <span class='ocrx_word' id='word_1_747' title='bbox 1771 3130 1919 3178; x_wconf 84' lang='grc' dir='ltr'>συγχέας</span> <span class='ocrx_word' id='word_1_748' title='bbox 1937 3130 2031 3172; x_wconf 85' lang='grc' dir='ltr'>ὁμοῦ,</span> 
     </span>
    </p>

    <p class='ocr_par' dir='ltr' id='par_1_64' title="bbox 1397 3178 2200 3283">
     <span class='ocr_line' id='line_1_135' title="bbox 1397 3178 2200 3230; baseline -0.002 -11"><span class='ocrx_word' id='word_1_749' title='bbox 1397 3185 1450 3219; x_wconf 80' lang='grc' dir='ltr'>καὶ</span> <span class='ocrx_word' id='word_1_750' title='bbox 1469 3183 1631 3230; x_wconf 79' lang='grc' dir='ltr'>στέμματ’</span> <span class='ocrx_word' id='word_1_751' title='bbox 1651 3183 1781 3229; x_wconf 85' lang='grc' dir='ltr'>ἀνέμοις</span> <span class='ocrx_word' id='word_1_752' title='bbox 1799 3183 1852 3218; x_wconf 81' lang='grc' dir='ltr'>καὶ</span> <span class='ocrx_word' id='word_1_753' title='bbox 1871 3179 2074 3216; x_wconf 76' lang='grc' dir='ltr'>θυέλλαισιν</span> <span class='ocrx_word' id='word_1_754' title='bbox 2090 3178 2200 3226; x_wconf 78' lang='grc' dir='ltr'>μέθες.</span> 
     </span>
     <span class='ocr_line' id='line_1_136' title="bbox 1397 3233 2108 3283; baseline -0.003 -13"><span class='ocrx_word' id='word_1_755' title='bbox 1397 3237 1547 3281; x_wconf 89' lang='grc' dir='ltr'>μάλιστα</span> <span class='ocrx_word' id='word_1_756' title='bbox 1564 3238 1629 3283; x_wconf 85' lang='grc' dir='ltr'>γάρ</span> <span class='ocrx_word' id='word_1_757' title='bbox 1648 3250 1698 3271; x_wconf 86' lang='grc' dir='ltr'>νιν</span> <span class='ocrx_word' id='word_1_758' title='bbox 1715 3234 1857 3282; x_wconf 82' lang='grc' dir='ltr'>δήξομαι</span> <span class='ocrx_word' id='word_1_759' title='bbox 1874 3233 2002 3281; x_wconf 86' lang='grc' dir='ltr'>δράσας</span> <span class='ocrx_word' id='word_1_760' title='bbox 2018 3233 2108 3268; x_wconf 89' lang='grc' dir='ltr'>τάδε.</span> 
     </span>
    </p>

    <p class='ocr_par' dir='ltr' id='par_1_65' title="bbox 1399 3284 2119 3333">
     <span class='ocr_line' id='line_1_137' title="bbox 1399 3284 2119 3333; baseline -0.004 -11"><span class='ocrx_word' id='word_1_761' title='bbox 1399 3290 1430 3322; x_wconf 83' lang='grc' dir='ltr'>οἶ</span> <span class='ocrx_word' id='word_1_762' title='bbox 1449 3288 1478 3323; x_wconf 87' lang='grc' dir='ltr'>δ’</span> <span class='ocrx_word' id='word_1_763' title='bbox 1497 3289 1558 3323; x_wconf 84' lang='grc' dir='ltr'>ἀνὰ</span> <span class='ocrx_word' id='word_1_764' title='bbox 1575 3289 1677 3324; x_wconf 89' lang='grc' dir='ltr'>πόλιν</span> <span class='ocrx_word' id='word_1_765' title='bbox 1693 3287 1886 3333; x_wconf 84' lang='grc' dir='ltr'>στείχοντες</span> <span class='ocrx_word' id='word_1_766' title='bbox 1903 3284 2119 3331; x_wconf 76' lang='grc' dir='ltr'>ἐξιχνεύσατε</span> 
     </span>
    </p>

    <p class='ocr_par' dir='ltr' id='par_1_66' title="bbox 1398 3336 2154 3439">
     <span class='ocr_line' id='line_1_138' title="bbox 1398 3336 2154 3387; baseline -0.001 -13"><span class='ocrx_word' id='word_1_767' title='bbox 1398 3342 1457 3376; x_wconf 89' lang='grc' dir='ltr'>τὸν</span> <span class='ocrx_word' id='word_1_768' title='bbox 1477 3340 1697 3387; x_wconf 88' lang='grc' dir='ltr'>θηλύμορφον</span> <span class='ocrx_word' id='word_1_769' title='bbox 1715 3339 1820 3384; x_wconf 78' lang='grc' dir='ltr'>ξένον,</span> <span class='ocrx_word' id='word_1_770' title='bbox 1840 3337 1876 3377; x_wconf 85' lang='grc' dir='ltr'>ὃς</span> <span class='ocrx_word' id='word_1_771' title='bbox 1894 3336 2034 3384; x_wconf 81' lang='grc' dir='ltr'>ἐσφέρει</span> <span class='ocrx_word' id='word_1_772' title='bbox 2051 3339 2154 3373; x_wconf 84' lang='grc' dir='ltr'>νόσον</span> 
     </span>
     <span class='ocr_line' id='line_1_139' title="bbox 1400 3390 2056 3439; baseline -0.003 -12"><span class='ocrx_word' id='word_1_773' title='bbox 1400 3393 1512 3437; x_wconf 89' lang='grc' dir='ltr'>καινὴν</span> <span class='ocrx_word' id='word_1_774' title='bbox 1528 3391 1660 3439; x_wconf 78' lang='grc' dir='ltr'>γυναιξὶ</span> <span class='ocrx_word' id='word_1_775' title='bbox 1677 3392 1731 3428; x_wconf 83' lang='grc' dir='ltr'>καὶ</span> <span class='ocrx_word' id='word_1_776' title='bbox 1747 3391 1833 3437; x_wconf 86' lang='grc' dir='ltr'>λέχη</span> <span class='ocrx_word' id='word_1_777' title='bbox 1850 3390 2056 3436; x_wconf 85' lang='grc' dir='ltr'>λυμαίνεται.</span> 
     </span>
    </p>

    <p class='ocr_par' dir='ltr' id='par_1_67' title="bbox 1401 3440 2043 3491">
     <span class='ocr_line' id='line_1_140' title="bbox 1401 3440 2043 3491; baseline -0.005 -12"><span class='ocrx_word' id='word_1_778' title='bbox 1401 3445 1523 3491; x_wconf 77' lang='grc' dir='ltr'>κᾶνπερ</span> <span class='ocrx_word' id='word_1_779' title='bbox 1540 3445 1680 3489; x_wconf 89' lang='grc' dir='ltr'>λάβητε,</span> <span class='ocrx_word' id='word_1_780' title='bbox 1700 3443 1838 3490; x_wconf 89' lang='grc' dir='ltr'>δέσμιον</span> <span class='ocrx_word' id='word_1_781' title='bbox 1855 3440 2043 3488; x_wconf 87' lang='grc' dir='ltr'>πορεύσατε</span> 
     </span>
    </p>

    <p class='ocr_par' dir='ltr' id='par_1_68' title="bbox 1299 3493 2216 3648">
     <span class='ocr_line' id='line_1_141' title="bbox 1401 3493 2158 3542; baseline -0.005 -11"><span class='ocrx_word' id='word_1_782' title='bbox 1401 3496 1488 3542; x_wconf 85' lang='grc' dir='ltr'>δεῦρ’</span> <span class='ocrx_word' id='word_1_783' title='bbox 1508 3498 1618 3536; x_wconf 75' lang='grc' dir='ltr'>αὐτὸν,</span> <span class='ocrx_word' id='word_1_784' title='bbox 1639 3497 1682 3533; x_wconf 84' lang='grc' dir='ltr'>ὣς</span> <span class='ocrx_word' id='word_1_785' title='bbox 1699 3495 1740 3530; x_wconf 81' lang='grc' dir='ltr'>ἂν</span> <span class='ocrx_word' id='word_1_786' title='bbox 1755 3495 1921 3541; x_wconf 89' lang='grc' dir='ltr'>λευσίμου</span> <span class='ocrx_word' id='word_1_787' title='bbox 1940 3493 2030 3539; x_wconf 88' lang='grc' dir='ltr'>δίκης</span> <span class='ocrx_word' id='word_1_788' title='bbox 2047 3493 2158 3539; x_wconf 80' lang='grc' dir='ltr'>τυχὼν</span> 
     </span>
     <span class='ocr_line' id='line_1_142' title="bbox 1402 3545 2144 3594; baseline -0.001 -11"><span class='ocrx_word' id='word_1_789' title='bbox 1402 3549 1494 3592; x_wconf 85' lang='grc' dir='ltr'>θάνῃ,</span> <span class='ocrx_word' id='word_1_790' title='bbox 1513 3549 1634 3594; x_wconf 81' lang='grc' dir='ltr'>πικρὰν</span> <span class='ocrx_word' id='word_1_791' title='bbox 1651 3549 1838 3594; x_wconf 87' lang='grc' dir='ltr'>βάκχευσιν</span> <span class='ocrx_word' id='word_1_792' title='bbox 1856 3546 2038 3592; x_wconf 79' lang='grc' dir='ltr'>ἐνθήβαίς</span> <span class='ocrx_word' id='word_1_793' title='bbox 2055 3545 2144 3585; x_wconf 73' lang='grc' dir='ltr'>ἰδών,</span> 
     </span>
     <span class='ocr_line' id='line_1_143' title="bbox 1299 3594 2216 3648; baseline -0.002 -11"><span class='ocrx_word' id='word_1_794' title='bbox 1299 3606 1362 3638; x_wconf 85' lang='grc' dir='ltr'>ΤΕ.</span> <span class='ocrx_word' id='word_1_795' title='bbox 1401 3600 1427 3636; x_wconf 84' lang='grc' dir='ltr'><strong>ὦ</strong></span> <span class='ocrx_word' id='word_1_796' title='bbox 1446 3601 1591 3648; x_wconf 85' lang='grc' dir='ltr'>σχέτλι’,</span> <span class='ocrx_word' id='word_1_797' title='bbox 1612 3600 1656 3637; x_wconf 82' lang='grc' dir='ltr'>ὡς</span> <span class='ocrx_word' id='word_1_798' title='bbox 1673 3600 1732 3635; x_wconf 83' lang='grc' dir='ltr'>οὐκ</span> <span class='ocrx_word' id='word_1_799' title='bbox 1750 3597 1852 3635; x_wconf 80' lang='grc' dir='ltr'>οἶσθα</span> <span class='ocrx_word' id='word_1_800' title='bbox 1867 3601 1933 3635; x_wconf 86' lang='grc' dir='ltr'>ποῦ</span> <span class='ocrx_word' id='word_1_801' title='bbox 1950 3597 2025 3635; x_wconf 81' lang='grc' dir='ltr'>ποτ’</span> <span class='ocrx_word' id='word_1_802' title='bbox 2046 3594 2078 3634; x_wconf 84' lang='grc' dir='ltr'>εἶ</span> <span class='ocrx_word' id='word_1_803' title='bbox 2093 3599 2216 3646; x_wconf 92' lang='grc' dir='ltr'>λόγων.</span> 
     </span>
    </p>
   </div>
   <div class='ocr_carea' id='block_1_26' title="bbox 1292 2825 1362 2855">
    <p class='ocr_par' dir='ltr' id='par_1_69' title="bbox 1292 2825 1362 2855">
     <span class='ocr_line' id='line_1_144' title="bbox 1292 2825 1362 2855; baseline 0.014 -1"><span class='ocrx_word' id='word_1_804' title='bbox 1292 2825 1362 2855; x_wconf 89' lang='grc' dir='ltr'>ΠΕ.</span> 
     </span>
    </p>
   </div>
   <div class='ocr_carea' id='block_1_27' title="bbox 1395 2028 2222 2078">
    <p class='ocr_par' dir='ltr' id='par_1_70' title="bbox 1395 2028 2222 2078">
     <span class='ocr_line' id='line_1_145' title="bbox 1395 2028 2222 2078; baseline -0.005 -12"><span class='ocrx_word' id='word_1_805' title='bbox 1395 2031 1420 2066; x_wconf 80' lang='grc' dir='ltr'><em>ὦ</em></span> <span class='ocrx_word' id='word_1_806' title='bbox 1438 2032 1586 2078; x_wconf 88' lang='grc' dir='ltr'>πρέσβυ,</span> <span class='ocrx_word' id='word_1_807' title='bbox 1606 2033 1732 2073; x_wconf 84' lang='grc' dir='ltr'>Φοῖβόν</span> <span class='ocrx_word' id='word_1_808' title='bbox 1749 2030 1779 2066; x_wconf 87' lang='grc' dir='ltr'>τ’</span> <span class='ocrx_word' id='word_1_809' title='bbox 1800 2031 1838 2066; x_wconf 79' lang='grc' dir='ltr'>οὗ</span> <span class='ocrx_word' id='word_1_810' title='bbox 1857 2028 2089 2076; x_wconf 85' lang='grc' dir='ltr'>καταισχύνεις</span> <span class='ocrx_word' id='word_1_811' title='bbox 2105 2028 2222 2076; x_wconf 85' lang='grc' dir='ltr'>λόγοις</span> 
     </span>
    </p>
   </div>
   <div class='ocr_carea' id='block_1_28' title="bbox 2260 1098 2324 1130">
    <p class='ocr_par' dir='ltr' id='par_1_71' title="bbox 2260 1098 2324 1130">
     <span class='ocr_line' id='line_1_146' title="bbox 2260 1098 2324 1130; baseline 0 -9"><span class='ocrx_word' id='word_1_812' title='bbox 2260 1098 2324 1130; x_wconf 80' lang='lat'>3¹0</span> 
     </span>
    </p>
   </div>
   <div class='ocr_carea' id='block_1_29' title="bbox 2263 1359 2323 1392">
    <p class='ocr_par' dir='ltr' id='par_1_72' title="bbox 2263 1359 2323 1392">
     <span class='ocr_line' id='line_1_147' title="bbox 2263 1359 2323 1392; baseline 0.033 -2"><span class='ocrx_word' id='word_1_813' title='bbox 2263 1359 2323 1392; x_wconf 79' lang='lat'>3¹3</span> 
     </span>
    </p>
   </div>
   <div class='ocr_carea' id='block_1_30' title="bbox 2262 1622 2378 1654">
    <p class='ocr_par' dir='ltr' id='par_1_73' title="bbox 2262 1622 2378 1654">
     <span class='ocr_line' id='line_1_148' title="bbox 2262 1622 2378 1654; baseline 0 -8"><span class='ocrx_word' id='word_1_814' title='bbox 2262 1622 2326 1654; x_wconf 81' lang='lat'>320</span> <span class='ocrx_word' id='word_1_815' title='bbox 2376 1633 2378 1636; x_wconf 92' lang='lat'><em>-</em></span> 
     </span>
    </p>
   </div>
   <div class='ocr_carea' id='block_1_31' title="bbox 2266 1885 2326 1918">
    <p class='ocr_par' dir='ltr' id='par_1_74' title="bbox 2266 1885 2326 1918">
     <span class='ocr_line' id='line_1_149' title="bbox 2266 1885 2326 1918; baseline 0.017 -1"><span class='ocrx_word' id='word_1_816' title='bbox 2266 1885 2326 1918; x_wconf 82' lang='lat'>325</span> 
     </span>
    </p>
   </div>
   <div class='ocr_carea' id='block_1_32' title="bbox 2267 2146 2332 2178">
    <p class='ocr_par' dir='ltr' id='par_1_75' title="bbox 2267 2146 2332 2178">
     <span class='ocr_line' id='line_1_150' title="bbox 2267 2146 2332 2178; baseline 0 0"><span class='ocrx_word' id='word_1_817' title='bbox 2267 2146 2332 2178; x_wconf 86' lang='grc'>330</span> 
     </span>
    </p>
   </div>
   <div class='ocr_carea' id='block_1_33' title="bbox 2270 2409 2330 2441">
    <p class='ocr_par' dir='ltr' id='par_1_76' title="bbox 2270 2409 2330 2441">
     <span class='ocr_line' id='line_1_151' title="bbox 2270 2409 2330 2441; baseline 0.017 -1"><span class='ocrx_word' id='word_1_818' title='bbox 2270 2409 2330 2441; x_wconf 85' lang='grc'>335</span> 
     </span>
    </p>
   </div>
   <div class='ocr_carea' id='block_1_34' title="bbox 2271 2669 2334 2701">
    <p class='ocr_par' dir='ltr' id='par_1_77' title="bbox 2271 2669 2334 2701">
     <span class='ocr_line' id='line_1_152' title="bbox 2271 2669 2334 2701; baseline -0.016 0"><span class='ocrx_word' id='word_1_819' title='bbox 2271 2669 2334 2701; x_wconf 89' lang='grc'>340</span> 
     </span>
    </p>
   </div>
   <div class='ocr_carea' id='block_1_35' title="bbox 2272 3194 2335 3225">
    <p class='ocr_par' dir='ltr' id='par_1_78' title="bbox 2272 3194 2335 3225">
     <span class='ocr_line' id='line_1_153' title="bbox 2272 3194 2335 3225; baseline 0 0"><span class='ocrx_word' id='word_1_820' title='bbox 2272 3194 2335 3225; x_wconf 80' lang='lat'>³5⁰</span> 
     </span>
    </p>
   </div>
   <div class='ocr_carea' id='block_1_36' title="bbox 2273 3455 2333 3488">
    <p class='ocr_par' dir='ltr' id='par_1_79' title="bbox 2273 3455 2333 3488">
     <span class='ocr_line' id='line_1_154' title="bbox 2273 3455 2333 3488; baseline 0 -1"><span class='ocrx_word' id='word_1_821' title='bbox 2273 3455 2333 3488; x_wconf 78' lang='lat'>355</span> 
     </span>
    </p>
   </div>
   <div class='ocr_carea' id='block_1_37' title="bbox 2450 0 2488 571">
    <p class='ocr_par' dir='ltr' id='par_1_80' title="bbox 2450 0 2488 571">
     <span class='ocr_line' id='line_1_155' title="bbox 2450 0 2488 571; baseline 0 3289"><span class='ocrx_word' id='word_1_822' title='bbox 2450 0 2488 571; x_wconf 95' lang='lat' dir='ltr'> </span> 
     </span>
    </p>
   </div>
  </div>
 </body>
</html>
