2488 3860
214 343 281 374 ΘΕ.

212 446 274 476 m.

211 498 284 528 ΘΕ.

211 549 273 579 ῙΠ.

212 601 282 631 ΘΕ.

211 704 280 734 ΘΕ.

210 755 273 785 ΙΠ.

211 807 283 838 ΘΕ.

211 859 274 889 ῙΠ.

212 911 282 941 ΘΕ.

210 964 274 994 ῙΠ.

211 1016 283 1046 ΘΕ.

210 1067 274 1097 m.

211 1119 282 1150 ΘΕ.

210 1172 273 1202 m,

211 1224 281 1253 ΘΕ.

210 1327 280 1357 ΘΕ.

211 1378 274 1409 m.

210 1691 281 1722 ΘΕ.

205 2049 275 2081 XO.

858 238 1193 280 ΕΥΡΙΠΙΔΟΥ
1243 237 1611 280 ΙΠΠΟΛΥΤΟΣ.
2230 237 2309 281 203

310 338 403 383 ἅναξ,
423 338 518 375 θεοὺς
535 339 600 386 γὰρ
618 340 783 378 δεσπότας
801 345 913 378 καλεῖν
929 344 1048 390 χρεὼν,

314 389 365 436 ἆρ’
383 390 424 425 ἄν
439 390 474 426 τί
489 405 554 436 μου
572 392 683 436 δέξαιο
701 393 951 435 βουλεύσαντος
968 395 1005 431 εὖ
1019 409 1028 436 3

294 477 298 480 ,
316 441 369 476 καὶ
386 443 489 489 κάρτα
505 442 550 488 γ’·
579 441 598 487 ἦ
616 444 682 491 γὰρ
699 445 739 480 οὗ
758 447 866 491 σοφοὶ
883 448 1072 493 φαινοίμεθ’
1091 448 1142 483 ι’ίν.

313 490 406 528 οἷσθ’
425 493 484 529 οὖν
499 495 677 541 βροτοῖσιν
695 495 731 533 ὃς
748 498 948 543 καθέστηκεν
961 502 1082 545 νόμος;

315 546 374 580 οὒκ
391 542 476 581 οἶδα·
505 549 565 582 τοῦ
583 547 620 582 δὲ
638 549 692 583 καί
708 548 742 594 μ’
760 550 948 597 ἀνιστορεῖς
964 552 1039 599 πέρι
1055 566 1063 593 ;

310 599 423 640 μισεῖν
438 599 477 632 τὸ
496 600 619 643 σεμνὸν
636 602 689 635 καὶ
706 602 744 636 τὸ
762 602 806 646 μὴ
824 605 929 638 πᾶσιν
946 605 1063 649 φίλον.

313 648 421 694 ὀρθῶς
436 658 488 693 γε·
517 650 567 687 τίς
585 650 614 685 δ’
632 652 672 686 οὗ
690 655 811 697 σεμνὸς
829 654 980 700 ἀχθεινὸς
997 658 1129 704 βροτῶν
1143 669 1152 697 ;

313 700 348 734 ἐν
366 701 394 735 δ’
414 701 716 749 εὖπροσηγόροισιν
733 705 808 739 ἔστι
826 720 876 742 τις
892 707 1011 753 χάρις;

311 753 456 796 πλείστη
473 767 525 799 γε,
545 755 597 788 καὶ
615 755 730 800 κέρδος
748 771 788 801 γε
807 759 870 792 σὺν
886 759 1002 807 μόχθῳ
1019 762 1153 807 βραχεῖ.

316 802 335 847 ἦ
356 805 414 839 κάν
432 804 541 840 θεοῖσι
558 807 678 841 ταυτὸν
695 808 842 851 ἐλπίζεις
858 811 933 845 τόδε
946 824 956 851 ;

311 853 404 902 εἴπερ
420 871 460 901 γε
479 856 590 901 θνητοὶ
609 857 693 893 θεῶν
710 862 843 903 νόμοισι
859 862 1027 908 χρώμεθα.

315 910 386 943 πῶς
403 906 461 944 οὖν
479 909 524 943 σὺ
542 910 666 954 σεμνὴν
684 911 808 956 δαίμον’
828 914 867 948 οὐ
884 915 1139 961 προσεννέπεις;

314 959 397 1000 τίν’;
426 960 574 1002 εὐλαβοῦ
592 962 628 996 δὲ
645 961 690 1006 μή
709 977 741 997 τι
760 965 823 999 σὸν
841 968 961 1011 σφαλῇ
980 968 1101 1012 στόμα.

318 1010 407 1055 τήνδ’
426 1010 446 1056 ἣ
463 1010 606 1047 πύλαισι
625 1016 701 1049 σαῖς
719 1015 904 1060 ἐφέστηκεν
922 1016 1061 1062 Κύπρις.

319 1063 498 1109 πρόσωθεν
514 1065 616 1109 αὐτὴν
633 1067 732 1112 ἁγνὸς
750 1067 794 1102 ὧν
811 1069 1014 1114 ἀσπάζομαι.

317 1114 420 1159 σεμνή
437 1130 478 1162 γε
494 1118 606 1160 μέντοι
624 1118 812 1164 κάπίσημος
830 1121 864 1155 ἐν
879 1123 1027 1168 βροτοῖς.

314 1167 474 1202 ἄλλοισιν
491 1168 597 1204 ἄλλος
614 1168 698 1204 θεῶν
715 1185 751 1206 τε
770 1172 970 1218 κάνθρώπων
985 1175 1097 1218 μέλει.

315 1219 550 1263 εὐδαιμονοίης,
570 1222 648 1255 νοῦν
665 1222 752 1268 ἔχων
769 1223 852 1259 ὅσον
870 1239 911 1259 σε
929 1226 990 1260 δεῖ.

314 1270 422 1307 οὐδείς
437 1271 471 1316 μ’
489 1271 624 1317 ἀρέσκει
642 1275 733 1308 νυκτὶ
751 1275 941 1320 θαυμαστὸς
959 1277 1052 1313 θεῶν.

314 1324 472 1367 τιμαῖσιν,
493 1323 519 1357 ὦ
535 1326 606 1363 παῖ,
626 1325 787 1370 δαιμόνων
803 1328 951 1373 χρῆσθαι
967 1331 1088 1375 χρεών.

314 1374 459 1420 χωρεῖτ’,
478 1375 609 1415 ὀπαδοὶ,
630 1378 683 1412 καὶ
699 1379 922 1425 παρελθόντες
940 1382 1061 1426 δόμους

314 1426 418 1461 σίτων
434 1427 600 1471 μέλεσθε·
627 1432 769 1475 τερπνὸν
787 1431 822 1465 ἐκ
841 1433 994 1479 κυναγίας

312 1479 458 1524 τράπεζα
474 1478 615 1526 πλήρης·
645 1483 698 1516 καὶ
716 1482 924 1529 καταψήχειν
940 1485 1049 1530 χρεὼν

313 1528 445 1570 ἵππους,
465 1530 554 1568 ὅπως
572 1532 611 1566 ἂν
628 1533 755 1578 ἅρμασι
776 1533 891 1578 ζεύξας
908 1534 973 1570 ὕπο

310 1583 417 1628 βορᾶς
434 1583 606 1629 κορεσθεὶς
621 1587 782 1631 γυμνάσω
800 1587 842 1621 τὰ
858 1589 1056 1635 πρόσφορα·

313 1634 372 1679 τὴν
390 1634 455 1679 σὴν
472 1636 508 1670 δὲ
527 1635 655 1683 Κύπριν
671 1638 774 1673 πόλλ’
794 1639 859 1685 ε’γὼ
876 1640 1005 1686 χαίρειν
1021 1641 1124 1688 λέγω.

314 1685 406 1731 ἡμεῖς
423 1687 472 1727 δὲ,
491 1687 569 1724 τοὺς
586 1688 678 1725 νέους
693 1691 759 1737 γὰρ
777 1691 816 1724 οὔ
833 1692 1001 1736 μιμητέον,

313 1739 515 1784 φρονοῦντες
532 1738 637 1777 οὕτως
655 1742 699 1777 ὡς
715 1743 834 1789 πρέπει
852 1742 986 1780 δούλοις
1002 1745 1126 1791 λέγειν,

311 1791 596 1836 προσευχόμεσθα
613 1796 704 1831 τοῖσι
723 1797 798 1830 σοῖς
815 1795 1000 1842 ἀγάλμασι,

312 1843 474 1878 δέσποινα
491 1843 613 1891 Κύπρι.
641 1846 707 1892 χρὴ
726 1847 763 1881 δὲ
782 1849 981 1894 συγγνώμην
999 1849 1098 1893 ἔχειν,

311 1892 343 1928 εἴ
357 1895 406 1931 τίς
425 1894 472 1935 σ’,
491 1896 551 1941 ὑφ’
569 1897 656 1942 ἥβης
672 1900 872 1945 σπλάγχνον
889 1900 1020 1935 ἔντονον
1037 1902 1161 1946 φέρων,

310 1944 432 1987 μάταια
448 1946 558 1988 βάζει·
585 1949 630 1990 μὴ
650 1947 738 1982 δόκει
756 1947 883 1982 τούτων
900 1948 1024 1983 κλύειν·

312 1996 532 2041 σοφωτέρους
548 1999 613 2045 γὰρ
620 1997 688 2045 χρὴ
696 2001 830 2046 βροτῶν
849 1997 931 2050 εἶναι
950 1999 1057 2037 θεούς.

314 2046 471 2082 Ὠκεανοῦ
488 2061 538 2084 τις
554 2045 649 2092 ὕδωρ
664 2049 835 2091 στάξουσα
851 2050 959 2095 πέτρα
976 2049 1111 2096 λέγεται

310 2094 450 2136 βαπτὰν-
460 2096 601 2131 κάλπισι
618 2096 722 2143 ῥυτὰν

310 2146 420 2192 παγὰν
435 2149 593 2193 προῖεῖσα
611 2153 773 2195 κρημνῶν,

311 2197 364 2232 ὅθι
381 2198 439 2243 μοί
455 2213 506 2235 τις
523 2198 563 2243 ἦν
580 2201 682 2246 φίλα,

311 2250 422 2296 φάρεα
438 2251 616 2299 πορφύρεα

310 2302 456 2348 ποταμίᾳ
473 2303 587 2352 δρόσῳ

310 2353 490 2400 τέγγουσα,
510 2355 632 2403 θερμᾶς
650 2357 679 2393 δ’
699 2359 754 2395 ε’πὶ
772 2363 858 2396 νῶτα
875 2361 998 2408 πέτρας

310 2405 447 2441 εὗαλίου
465 2409 660 2451 κατέβαλλ’·
688 2411 766 2447 ὅθεν
781 2427 839 2457 μοι

308 2458 424 2502 πρώτα
441 2460 543 2504 φάτις
558 2459 643 2505 ἦλθε
661 2463 843 2499 δέσποιναν

309 2508 500 2551 τειρομέναν
518 2511 642 2556 νοσερᾷ
658 2513 752 2558 κοίτᾳ
770 2514 869 2559 δέμας
887 2515 982 2553 ε’ντός
1000 2517 1090 2563 ἔχειν

308 2552 417 2595 οἴκων,
435 2557 545 2592 λεπτὰ
562 2559 598 2593 δὲ
616 2560 708 2606 φάρη

310 2606 433 2649 ξανθὰν
450 2609 603 2654 κεφαλὰν
621 2613 779 2656 σκιάζειν.

308 2659 463 2704 τριτάταν
481 2661 519 2695 δέ
535 2675 585 2697 νιν
602 2663 692 2698 κλύω

306 2711 404 2746 τάνδε
421 2711 491 2746 κατ’
509 2713 703 2761 ἀμβροσίου

309 2764 476 2807 στόματος
491 2765 615 2811 ἁμέραν

307 2814 484 2861 Δάματρος
501 2816 601 2854 ἀκτᾶς
619 2819 719 2864 δέμας
738 2822 839 2867 ἁγνὸν
855 2819 979 2868 ἴσχειν,

307 2868 440 2915 κρυπτῷ
456 2868 555 2903 πάθει
573 2870 715 2906 θανάτου
733 2872 905 2909 θέλουσαν

306 2918 431 2954 κέλσαι
447 2921 526 2955 ποτὶ
543 2921 646 2968 τέρμα
664 2922 839 2960 δύστανον.

306 2968 352 3004 σύ
369 2970 440 3017 τᾶρ’
459 2971 583 3013 ἔνθεος,
603 2973 629 3008 ὦ
647 2974 761 3021 κούρα,

306 3019 365 3056 εἴτ’
382 3023 419 3057 ἐκ
436 3025 547 3060 Πανὸς
565 3023 630 3060 εἴθ’
647 3025 798 3067 Ἑκάτας,

304 3072 325 3118 ἢ
344 3077 475 3119 σεμνῶν
492 3078 716 3122 Κορυβάντων

301 3122 435 3168 φοιτᾷς,
454 3122 474 3169 ἢ
491 3126 615 3171 ματρὸς
633 3125 762 3172 ὀρείας.

301 3171 347 3206 σὺ
364 3171 393 3207 δ’
412 3173 501 3219 ἆμφὶ
518 3174 578 3209 τὰν
593 3173 787 3222 πολύθηρον

301 3223 481 3259 Δίκτυνναν
497 3225 698 3269 ἀμπλακίαις

300 3274 430 3320 ἀνίερος
446 3274 577 3311 ἀθύτων
592 3278 746 3313 πελάνων
762 3276 890 3325 τρύχει.

301 3327 406 3373 φοιτᾷ
420 3328 487 3374 γὰρ
504 3328 558 3363 καὶ
575 3329 628 3364 διὰ
639 3329 765 3374 ,λίμνας

300 3376 430 3422 χέρσον
446 3378 481 3414 θ’
500 3380 584 3423 ὑπὲρ
601 3382 769 3424 πελάγους

301 3422 446 3459 δίναισιν
463 3427 572 3463 νοτίας
589 3429 708 3472 ἅλμας.

300 3471 321 3520 ἦ
338 3476 452 3518 πόσιν,
470 3478 528 3514 τὸν
544 3477 757 3526 Ἐρεχθειδᾶν

1204 462 1244 493 90

1203 721 1241 753 95

1187 1239 1242 1271 105
1270 1275 1271 1278 Ἴ

1186 1499 1243 1521 110

1183 1758 1238 1791 115

1186 2012 1244 2036 120

1166 2061 1243 2093 στρ.

1187 2112 1245 2142 123

1185 2218 1241 2252 125

1177 2480 1241 2525 ..130

1169 2533 1239 2553 αντ.

1183 2581 1240 2612 133

1181 2680 1238 2715 13⁵

1180 2942 1240 2974 140

1158 2992 1235 3024 στρ.

1175 3190 1230 3224 145

1166 3445 1228 3494 ‚¹⁵0

1268 1478 1270 1484 '
1287 1480 1350 1510 ΤΡ.

1280 2610 1349 2640 ΦΑ.

1278 2868 1340 2898 ΤΡ.

1277 3126 1346 3155 ΦΑ.

1274 3377 1336 3407 ΤΡ.

1383 343 1542 389 ἀρχαγὸν,
1562 345 1620 375 τὸν
1638 339 1845 385 εὐπατρίδαν,

1382 395 1548 439 ποιμαίνει
1565 407 1615 428 τις
1633 393 1667 426 ἐν
1685 391 1787 426 οἴκοις

1385 447 1512 493 κρυπτὰ
1530 445 1623 479 κοίτα
1639 444 1767 488 λεχέων
1786 447 1876 482 σῶν;

1384 498 1404 544 ἢ
1423 498 1586 540 ναυβάτας
1603 510 1653 531 τις
1671 496 1834 530 ἔπλευσεν
2256 505 2292 537 15
2297 503 2314 537 5

1386 549 1518 597 Κρήτας
1535 549 1676 594 ἔξορμος
1693 546 1774 592 ἀνὴρ
1883 595 1892 606 u

1386 602 1505 646 λιμένα
1522 602 1579 635 τὸν
1593 599 1818 642 εὐξεινότατον
1837 611 1977 637 ναυταις,

1387 653 1503 697 φάμαν
1519 653 1657 696 πέμπων
1673 649 1846 695 βασιλείᾳ,

1389 704 1481 750 λύπᾳ
1499 703 1526 739 δ’
1545 704 1630 749 ὑπὲρ
1647 702 1779 738 παθέων

1391 756 1502 792 εὖναία
1520 756 1647 791 δέδεται
1665 755 1783 800 ψυχάν
1799 766 1807 793 ;
2263 756 2319 786 ιῠο

1375 811 1488 855 ,φιλεῖ
1504 808 1540 842 δὲ
1557 808 1598 852 τᾷ
1615 807 1794 853 δυστρόπῳ
1811 807 1972 851 γυναικῶν
2179 806 2316 847 ἐπῳδάς.

1392 860 1531 907 ἁρμονίᾳ
1549 859 1630 893 κακὰ
1648 856 1811 893 δύστανος
1829 856 1993 902 ἀμαχανία
2012 856 2175 891 συνοικεῖν
2215 863 2282 897 162,
2304 873 2321 901 3

1393 912 1518 948 ὠδίνων
1534 926 1571 946 τε
1590 911 1642 945 καὶ
1660 908 1868 956 ἀφροσύνας.

1392 964 1432 1000 δι’
1453 964 1532 1008 ἐμᾶς
1548 960 1627 1008 ᾗξέν
1643 976 1725 998 ποτε
1743 960 1860 1004 νηδύος
1877 961 1927 996 ἅδ’
1947 962 2041 1008 αὔρα·
2268 964 2320 1003 165

1388 1016 1448 1049 τὰν
1470 1014 1499 1049 δ’
1526 1015 1668 1058 εὔλοχον
1694 1011 1848 1057 οὐρανίαν
1874 1011 1980 1055 τόξων
1997 1010 2184 1055 μεδέουσαν
2209 1009 2327 1045 ἀΰτευν

1444 1065 1615 1108 ''Ap-reum,
2234 1067 2304 1096 100-
2312 1067 2328 1094 :5

1389 1113 1443 1151 καί
1461 1129 1519 1158 μοι
1536 1113 1776 1158 πολυζήλωτος
1790 1114 1841 1148 ἀεὶ
1856 1113 1920 1148 σὺν
1934 1112 2043 1148 θεοῖσι
2062 1115 2178 1161 φοιτᾷ.
2206 1117 2273 1157 169,
2292 1126 2329 1157 2²¹³

1391 1161 1469 1196 ἀλλ’
1488 1161 1545 1206 ἥδε
1562 1163 1690 1207 τροφὸς
1702 1163 1818 1208 γεραιὰ
1834 1164 1900 1209 πρὸ
1919 1164 2027 1210 θυρῶν

1391 1213 1487 1258 τήνδε
1506 1213 1674 1258 κομίζουσ’
1694 1215 1759 1258 ἔξω
1776 1215 1964 1261 μελάθρων·

1394 1267 1538 1312 στυγνὸν
1555 1265 1583 1300 δ’
1603 1265 1740 1312 ὀφρύων
1758 1267 1862 1312 νέφος
1879 1268 2064 1311 αὐξάνεται.

1390 1318 1424 1352 τί
1440 1317 1513 1353 ποτ’
1533 1319 1608 1352 ἔστι
1624 1318 1740 1363 μαθεῖν
1757 1319 1869 1365 ἔραται
1886 1320 1997 1366 ψυχὰ,

1391 1370 1425 1404 τί
1443 1369 1619 1414 δεδήληται
2268 1390 2320 1422 ¹75

1392 1422 1491 1467 δέμας
1509 1423 1702 1468 ἀλλόχροον
1719 1424 1909 1465 βασιλείας.
2356 1435 2359 1437 ’

1392 1474 1417 1508 ὦ
1436 1476 1517 1508 κακὰ
1532 1474 1657 1517 θνητῶν
1674 1477 1835 1521 στυγεραί
1851 1491 1885 1510 τε
1906 1478 2014 1512 νόσοι.

1390 1527 1424 1561 τί
1442 1526 1475 1561 σ’
1495 1527 1560 1572 ἐγὼ
1578 1527 1714 1572 δράσω;
1735 1528 1768 1562 τί
1785 1529 1820 1562 δὲ
1838 1529 1882 1573 μὴ
1902 1529 2016 1574 δράσω
2033 1543 2041 1569 ;

1390 1579 1468 1613 τόδε
1486 1593 1543 1613 σοι
1562 1579 1691 1625 φέγγος
1708 1581 1873 1626 λαμπρὸν,
1894 1581 1942 1616 ὅδ’
1961 1580 2070 1628 αἶθήρ·

1391 1631 1455 1674 ἔξω
1474 1631 1510 1665 δὲ
1529 1631 1638 1672 δόμων
1654 1632 1715 1676 ἤδη
1735 1634 1875 1679 νοσερᾶς
2265 1643 2321 1673 180

1391 1682 1505 1726 δέμνια
1522 1682 1642 1726 κοίτης.

1391 1734 1488 1775 δεῦρο
1506 1734 1571 1778 γὰρ
1589 1734 1703 1769 ἐλθεῖν
1720 1737 1785 1770 πᾶν
1803 1736 1883 1772 ἔπος
1899 1735 1939 1780 ἦν
1957 1746 2026 1772 σοι·

1390 1780 1478 1825 τάχα
1495 1780 1524 1814 δ’
1543 1781 1577 1815 ἐς
1595 1780 1763 1825 θαλάμους
1781 1782 1942 1818 σπεύσεις
1959 1785 1997 1817 τὸ
2014 1784 2126 1819 πάλιν.

1391 1832 1476 1876 ταχὺ
1493 1833 1557 1878 γὰρ
1576 1834 1730 1877 σφάλλει
1748 1834 1875 1868 κούδενὶ
1892 1835 2031 1879 χαίρεις,

1390 1883 1469 1918 οὐδέ
1485 1883 1518 1918 α’
1536 1884 1671 1932 ἀρέσκει
1689 1886 1726 1919 τὸ
1744 1887 1860 1931 παρὸν,
1880 1897 1917 1920 το
1936 1886 1964 1921 δ’
1982 1887 2067 1922 ἀπὸν
2262 1893 2316 1932 185

1388 1931 1551 1978 φίλτερον
1569 1934 1652 1978 ἡγεῖ.

1389 1985 1549 2029 κρεῖσσον
1567 1986 1602 2019 δὲ
1622 1987 1733 2019 νοσεῖν
1750 1984 1768 2029 ἦ
1788 1985 1988 2030 θεραπεύειν·

1387 2037 1426 2070 τὸ
1443 2037 1503 2080 μέν
1521 2037 1614 2071 ἐστιν
1632 2039 1771 2076 ἁπλοῦν,
1791 2038 1838 2085 τῷ
1856 2038 1891 2071 δὲ
1911 2038 2070 2072 συνάπτει

1386 2086 1476 2132 λύπη
1494 2103 1530 2123 τε
1548 2090 1680 2134 φρενῶν
1696 2090 1817 2134 χερσίν
1834 2104 1870 2123 τε
1887 2092 1999 2125 πόνος.

1386 2141 1450 2175 πᾶς
1468 2139 1495 2174 δ’
1515 2140 1671 2186 ὀδυνηρὸς
1687 2142 1763 2182 βίος
1781 2141 1971 2187 ἀνθρώπων,
2258 2157 2314 2186 ¹9³

1388 2192 1466 2225 κούκ
1484 2193 1558 2226 ἔστι
1575 2195 1684 2226 πόνων
1701 2193 1897 2228 ἀνάπαυσις·

1385 2243 1463 2278 ἀλλ’
1482 2243 1501 2278 ὅ
1518 2258 1550 2277 τι
1568 2246 1627 2278 τοῦ
1646 2245 1706 2287 ζῆν
1723 2244 1886 2290 φίλτερον
1903 2245 1990 2279 ἄλλο

1385 2296 1505 2331 σκότος
1523 2295 1704 2341 ἀμπίσχων
1721 2295 1856 2341 κρύπτει
1874 2298 2043 2342 νεφέλαις.

1385 2347 1571 2393 δυσέρωτες
1588 2348 1627 2391 δὴ
1645 2347 1824 2393 φαινόμεθ’
1843 2347 1935 2384 ὅντες

1384 2399 1485 2439 τοῦδ’,
1505 2399 1556 2433 ὅτι
1573 2402 1671 2434 τοῦτο
1689 2399 1826 2440 στίλβει
1844 2400 1925 2434 κατὰ
1940 2401 2014 2446 γῆν,
2256 2415 2309 2445 195

1384 2449 1426 2483 δι’
1446 2448 1670 2495 ἀπειροσύνην
1684 2450 1794 2485 ἄλλου
1810 2452 1929 2493 βιότου

1383 2502 1461 2536 κούκ
1478 2502 1647 2545 ἀπόδειξιν
1663 2505 1729 2536 τῶν
1745 2502 1810 2537 ὑπὸ
1826 2502 1933 2549 γαίας·

1381 2553 1499 2597 μύθοις
1516 2553 1543 2588 δ’
1563 2553 1676 2589 ἄλλως
1693 2554 1902 2600 φερόμεσθα.

1382 2603 1491 2651 αἵρετέ
1506 2619 1570 2650 μου
1588 2605 1699 2649 δέμας,
1718 2605 1857 2651 ὀρθοῦτε
1875 2607 1968 2652 κάρα·

1382 2657 1527 2701 λέλυμαι
1542 2657 1670 2701 μελέων
1687 2655 1869 2702 σύνδεσμα,
1889 2659 2000 2703 φίλαι.

1379 2708 1496 2750 λάβετ’
1516 2707 1670 2754 εὐπήχεις
1685 2710 1811 2755 χεῖρας,
1829 2711 2008 2755 πρόπολοι.
2252 2723 2309 2746 203

1380 2758 1468 2806 βαρύ
1485 2774 1542 2804 μοι
1559 2761 1708 2805 κεφαλᾶς
1725 2760 1898 2807 ἐπίκρανον
1915 2761 2016 2807 ἔχειν·

1379 2810 1493 2856 ὄφελ’,
1513 2811 1706 2856 ἀμπέτασον
1721 2813 1918 2858 βόστρυχον
1935 2812 2046 2858 ὤμοις.

1379 2863 1509 2909 θάρσει,
1528 2863 1651 2902 τέκνον,
1670 2863 1723 2898 καὶ
1739 2863 1783 2908 μὴ
1801 2866 1956 2909 χαλεπῶς

1379 2916 1573 2959 μετάβαλλε
1591 2914 1702 2959 δέμας.

1378 2965 1459 3012 ῥᾷον
1476 2966 1512 3001 δὲ
1529 2968 1631 3001 νόσον
1646 2967 1729 3011 μετά
1746 2966 1780 3002 θ’
1798 2966 1940 3013 ἡσυχίας
2249 2982 2304 3014 205

1379 3018 1432 3052 καὶ
1448 3018 1599 3064 γενναίου
1614 3017 1763 3063 λήματος
1780 3018 1897 3055 οἴσεις·

1378 3068 1516 3114 μοχθεῖν
1532 3070 1568 3104 δὲ
1584 3071 1760 3116 βροτοῖσιν
1776 3070 1911 3118 ἀνάγκη.

1378 3120 1459 3155 αἷαῖ·

1378 3175 1448 3208 πῶς
1465 3172 1506 3207 ἂν
1522 3172 1684 3219 δροσερᾶς
1701 3173 1766 3208 ἀπὸ
1785 3175 1934 3219 κρηνῖδος

1378 3223 1527 3269 καθαρῶν
1542 3224 1670 3259 ὑδάτων
1686 3224 1771 3269 πῶμ’
1791 3226 1988 3272 ἀρυσαίμαν,
2243 3241 2301 3263 2¹0

1379 3275 1442 3309 ὑπό
1459 3274 1488 3309 τ’
1506 3274 1664 3322 αῖγείροις
1680 3277 1715 3310 ἕν
1731 3291 1767 3311 τε
1786 3276 1908 3323 κομήτῃ

1376 3326 1511 3370 λειμῶνι
1529 3326 1670 3362 κλιθεῖσ’
1687 3327 1948 3373 ἀναπαυσαίμαν.

1376 3370 1402 3405 ῶ
1419 3372 1490 3410 παῖ,
1509 3372 1543 3405 τί
1559 3371 1688 3417 θροεῖς;

1376 3422 1415 3456 οὔ
1431 3421 1476 3466 μὴ
1493 3422 1568 3468 παρ’
1588 3422 1682 3471 ὄχλῳ
1699 3424 1777 3458 τάδε
1794 3423 1945 3470 γηρύσει,

1375 3473 1491 3517 μανίας
1507 3473 1632 3520 ἔποχον
1647 3474 1816 3522 ῥίπτουσα
1829 3477 1955 3525 λόγον,
