2488 3860
965 303 1471 352 ΑΠΟΣΠΑΣΜΑΤῘΑ.

159 409 284 461 naris),
304 409 390 449 mihi
407 425 474 449 non
499 413 607 458 labat,
625 414 796 464 scriptum
823 413 888 451 hoc
905 418 959 451 est
979 414 1016 451 in
1035 414 1202 451 comoedia

2207 304 2289 350 723

1300 395 1384 449 152.
1407 409 1497 461 (18.)
1518 409 1651 448 Pollux
1668 410 1764 455 VII,
1786 411 1847 447 64.
1886 408 2163 458 Ἀναχύρωτον
2180 410 2217 446 δὲ
2234 411 2292 445 τὸν

157 465 421 515 Aristophanis,
440 467 496 503 cui
513 479 634 504 nomen
652 473 705 505 est
718 467 876 505 ἅκαλές.”
905 466 1106 506 Fluctuant
1119 467 1200 504 libri
1244 468 1354 512 πηλὸν
1369 465 1619 514 Ἀριστοφάνης
1637 466 1673 501 ἐν
1689 464 1861 513 Ἀναγύρῳ
1879 464 1985 512 λέγει.

156 514 254 555 inter
271 520 403 565 ἀκαλὲς,
423 521 558 568 ἀκλαὴς,
578 522 728 568 ἀκλαιὴς,
747 522 897 560 ἀκλανές.

561 766 798 822 ΛΝᾸΓΥΡΟΣ.

209 886 296 922 135.
320 883 390 934 (1.)
411 886 628 939 Etymolog.
656 889 709 931 M,
734 903 772 939 p.
794 890 884 933 207,
911 893 974 932 53,
995 890 1033 927 in
1055 903 1090 927 v.
1117 894 1200 935 βου-

153 938 304 985 κέφαλος
324 938 500 984 (Gudian.
521 954 556 990 p.
582 942 666 986 113,
685 944 769 987 47.)

257 991 314 1037 Μὴ
333 992 422 1030 κλιῗ.
459 995 526 1043 ἐγώ
544 1010 602 1032 σοι
619 997 838 1044 βουκέφαλον
856 997 1036 1044 ὠνήσομαι.

151 1045 206 1080 καὶ
222 1045 327 1081 πάλιν

254 1097 363 1144 Ψῆχει
381 1097 487 1146 ἠρέμα
503 1102 562 1136 τὸν
578 1102 798 1148 βουκέφαλον
816 1105 869 1139 καὶ
887 1104 1084 1140 κοππατίαν.

208 1148 292 1186 136.
323 1148 392 1198 (2.)
423 1151 577 1189 Photius
603 1166 640 1202 p.
671 1156 759 1196 346,
792 1156 851 1197 16,
881 1161 918 1191 et
947 1155 1080 1192 Suidas
1103 1156 1142 1192 in
1166 1169 1200 1193 v.

151 1203 339 1250 ὄρθοπλὴξ,

255 1256 314 1293 Ὠς
333 1257 361 1292 δ’
382 1257 568 1305 ὀρθοπλὴξ·
595 1259 728 1307 πέφυκε
744 1261 811 1309 γὰρ
830 1262 1074 1310 δυσγάργαλις.

209 1307 294 1345 137.
325 1307 396 1357 (3.)
426 1310 561 1349 Pollux
595 1311 646 1355 X,
677 1313 737 1350 74.
794 1316 856 1350 Καὶ
892 1307 951 1350 τὸν
976 1315 1120 1363 πνιγέα
1147 1316 1201 1351 ε’πὶ

151 1361 256 1399 ἵππου
275 1362 526 1410 Ἀριστοφάνης
543 1365 579 1400 ε’ν
594 1363 766 1416 Ἀναγύρῳ
783 1367 888 1415 λέγει.
943 1366 1202 1416 Aristophanis

151 1414 264 1451 verba
287 1414 366 1450 sine
390 1416 539 1453 nomine
564 1418 723 1454 auctoris
747 1418 913 1467 apposita
937 1424 1022 1455 sunt
1046 1419 1086 1456 in
1110 1419 1201 1468 Ety-

151 1467 290 1517 molog.
312 1467 368 1508 M,
389 1481 424 1516 p.
448 1469 536 1511 677,
557 1473 621 1507 40.

256 1521 402 1568 Περίθες
420 1526 554 1572 σεαυτῷ
573 1525 632 1559 τὸν
647 1526 776 1573 πνιγέα.

206 1576 293 1611 138.
327 1572 397 1621 (4)
427 1574 557 1612 Pollux
585 1576 634 1618 X,
669 1578 731 1613 55.
787 1578 853 1624 Τὴν
880 1578 915 1613 δέ
947 1577 1134 1626 ψήκτραν
1149 1598 1203 1603 -

151 1626 405 1676 Ἀριστοφάνης
424 1629 459 1663 ἐν
475 1628 648 1678 Ἀναγύρῳ
667 1629 807 1678 εἴρηκεν.

207 1679 294 1716 139.
318 1678 389 1728 (5.)
412 1679 548 1717 Pollux
571 1681 621 1726 X,
647 1683 707 1719 56.
763 1685 912 1730 Στόμια
938 1684 973 1720 δέ
999 1684 1202 1732 πριονωτὰ

152 1734 220 1780 ἔφη
239 1733 276 1768 ἐν
292 1732 465 1783 Ἀναγύρῳ
483 1733 742 1782 Ἀριστοφάνης·

210 1784 294 1821 140.
319 1783 389 1834 (6.)
410 1785 616 1824 Athenaeus
635 1787 748 1832 VIII,
769 1801 804 1836 p.
828 1789 900 1823 385
921 1787 947 1825 f.

248 1839 296 1874 -Εἷ
313 1839 358 1885 μὴ
377 1840 566 1887 παραμυθεῖ
580 1842 613 1888 μ’
634 1842 794 1889 ὀψαρίοις
809 1843 979 1877 ἑκάστοτε.

208 1892 298 1928 141.
329 1889 402 1942 (7.)
434 1891 634 1929 Athenaeus
657 1892 763 1935 XIV,
787 1907 824 1942 p.
852 1897 928 1930 650
951 1906 983 1929 e.
1042 1899 1114 1931 Τῶν
1136 1896 1201 1943 γὰρ

153 1944 330 1992 ἀπυρήνων
350 1944 473 1992 (ῥοῶν)
495 1946 746 1994 Ἀριστοφάνης
763 1948 958 1994 μνημονεύει
977 1948 1013 1982 ἐν
1030 1947 1202 1997 Ἀναγύρῳ

153 2000 177 2016 “
197 1997 311 2042 Πλὴν
341 1996 508 2044 ἀλεύρου
540 2000 603 2035 καὶ
630 1999 757 2047 fidas-3⁷

206 2052 294 2086 142.
331 2051 400 2098 (8.)
440 2050 597 2088 Photius
632 2064 668 2100 p.
709 2053 796 2098 311,
834 2055 891 2088 15.
931 2056 968 2087 et
1001 2050 1133 2088 Suidas
1164 2051 1202 2087 in

153 2103 338 2150 ξυννένοφε

258 2157 321 2192 Καὶ
339 2155 523 2204 ξυννένοφε
540 2158 594 2192 καὶ
611 2159 764 2204 χειμέρια
780 2159 907 2205 βροντᾷ
924 2157 1004 2203 μάλ’
1023 2157 1070 2194 εὖ.

207 2209 294 2245 143.
316 2205 385 2257 (9.)
405 2208 562 2246 Photius
580 2221 616 2257 p.
639 2211 726 2255 315,
754 2210 815 2246 22.
836 2215 874 2246 et
900 2209 1033 2246 Suidas
1057 2210 1096 2246 in
1120 2212 1202 2247 ὁδοῦ

154 2261 328 2310 παρούσης

251 2314 384 2362 Ὀρμου
401 2316 566 2361 παρόντος
583 2315 643 2362 τὴν
661 2315 810 2363 ἀτραπὸν
827 2314 1020 2363 κατερρύην.

207 2367 293 2403 144.
316 2366 406 2413 (ιο.)
427 2365 563 2403 Pollux
582 2367 654 2409 IX,
676 2370 737 2404 64.

259 2417 320 2456 Ἐν
337 2423 384 2469 τῷ
403 2421 547 2466 στόματι
564 2423 827 2469 τριημιωβόλιον
844 2423 942 2467 ἔχων.

208 2473 298 2509 145.
320 2469 410 2521 (ιι.)
431 2471 567 2509 Pollux
588 2472 659 2514 IX,
683 2471 743 2510 72.

257 2542 288 2561 α.
327 2524 424 2560 Τοῦτ’
442 2526 524 2561 αὐτὸ
541 2530 687 2574 πράττω,
708 2525 759 2562 δύ’
779 2526 894 2569 ὀβολὼ
913 2526 966 2561 καὶ
987 2523 1164 2572 σύμβολον

257 2579 323 2614 ὑπὸ
341 2579 582 2628 τῶπικλίντρῳ.
619 2581 656 2622 β.
677 2583 748 2624 μῶν
765 2594 815 2616 τις
832 2578 903 2614 αὕτ’
921 2578 1072 2614 ἀνείλετο
1086 2594 1097 2619 ,-

207 2632 291 2667 146.
311 2628 404 2678 (12.)
423 2629 630 2667 Athenaeus
652 2630 721 2672 IV,
740 2643 776 2679 p.
801 2631 873 2666 133
892 2629 930 2666 b.

256 2684 350 2730 Πρὸς
369 2685 465 2727 θεῶν,
485 2685 604 2731 ἔραμαι
621 2687 756 2732 τέττιγα
774 2685 899 2732 φαγεῖν

257 2737 311 2772 καὶ
330 2737 503 2783 κερκώπην
521 2737 750 2784 θηρευσαμένη

260 2790 399 2838 καλάμῳ
417 2790 542 2838 λεπτῷ.

207 2839 292 2877 147.
317 2839 407 2889 (13.)
431 2839 639 2877 Athenaeus
657 2839 746 2883 VII,
767 2853 803 2890 p.
824 2841 894 2877 301
917 2852 950 2877 a.

261 2894 334 2939 Οὐχ
355 2895 493 2941 ἑψητῶν
509 2896 618 2931 λοπάς
636 2895 742 2930 ἐστιν.

210 2946 296 2982 148.
321 2944 414 2994 (14.)
434 2945 643 2983 Scholiasta
659 2945 794 2982 Avium
817 2958 850 2983 v.
876 2944 986 2982 1292.

262 3000 326 3035 Καὶ
344 3000 410 3045 μὴν
427 2999 508 3044 χθές
524 2999 558 3048 γ’
577 2998 618 3044 ἢν
635 2999 762 3046 Πέρδιξ
779 3002 903 3047 χωλός.

209 3049 295 3087 149.
318 3051 408 3100 (15.)
429 3049 563 3087 Suidas
585 3051 623 3086 in
645 3063 680 3087 v.
703 3053 868 3099 ἁπλήγιος
887 3056 923 3087 et
942 3049 1204 3099 grammaticus

155 3101 318 3139 Bekkeri
336 3116 372 3151 p.
394 3106 483 3145 425,
504 3103 566 3140 20.

260 3156 320 3192 Ἐκ
339 3157 376 3192 δέ
393 3159 453 3202 τῆς
471 3158 551 3202 ε’μῆς
567 3158 730 3204 χλανίδος
747 3160 836 3205 τρεῖς
853 3157 1041 3204 ἁπληγίδας
1063 3159 1176 3193 ποιῶν.

211 3208 296 3246 150.
322 3206 410 3258 (16.)
431 3208 585 3246 Photius
607 3221 643 3258 p.
665 3208 752 3251 387,
775 3207 808 3245 7.
831 3213 868 3245 et
887 3207 1019 3245 Suidas
1043 3207 1080 3244 in
1096 3223 1203 3255 παρα·

156 3261 281 3307 λοΰμαι

259 3313 372 3350 Ἀλλὰ
388 3315 514 3352 πάντας
530 3315 597 3362 χρὴ
610 3314 847 3362 παραλοῦσθαι
865 3315 919 3350 καὶ
936 3314 1013 3351 τοὺς
1032 3316 1204 3360 σπόγγους

315 3382 380 3403 (αν.

211 3417 298 3454 151.
329 3416 421 3468 (17.)
450 3418 597 3461 Suidas,
626 3418 999 3466 Ἀμφιανακτίζεινὲ
1029 3417 1121 3465 ᾅδειν
1146 3418 1204 3453 τὸν

157 3473 374 3519 Τερπάνδρου
392 3474 492 3519 νόμον
508 3474 567 3509 τὸν
579 3471 784 3519 καλούμενον
801 3471 915 3520 ὄρθιον
926 3490 989 3509 -.
1009 3473 1084 3508 ἔστι
1102 3470 1138 3507 δὲ
1150 3489 1204 3496 —

156 3525 208 3562 καὶ
225 3525 261 3561 ἐν
279 3522 466 3575 Ἀναγύρῳ.

1301 519 1385 554 153.
1416 515 1506 566 (19.)
1545 516 1689 562 Suidas‚
1726 517 1903 565 Ἀργεῖοι
1938 519 2096 564 φῶρεςῑ
2137 517 2191 552 ε’πὶ
2226 519 2293 551 τῶν

1244 571 1422 619 προδήλως
1447 575 1609 618 πονηρῶν.
1648 573 1679 606 οἱ
1705 571 1771 618 γὰρ
1798 570 1944 617 Ἀργεῖοι
1967 571 2019 606 ἐπὶ
2044 571 2151 614 κλοπῇ
2175 583 2290 617 κωμῳ-

1247 626 1391 660 δοῦνται.
1428 625 1679 671 Ἀριστοφάνης
1699 623 1881 670 Ἀναγύρῳ.

1301 677 1386 714 154.
1406 674 1496 726 (ιο.)
1518 675 1652 712 Pollux
1677 674 1727 717 X,
1750 674 1808 711 76.
1822 674 1967 718 Ἔξεστι
1992 676 2027 710 δὲ
2046 675 2126 710 αὐτὸ
2146 670 2292 722 (vascu-

1245 728 1322 766 lum
1335 728 1528 766 vomituris
1542 726 1823 776 porrigendum)
1833 730 1886 763 καὶ
1899 729 2059 774 λεβήτιον
2070 729 2224 769 καλέσαι,
2240 727 2293 761 καὶ

1247 785 1413 831 σκάφην
1431 781 1523 819 εἶπεν
1541 783 1576 817 ἐν
1598 785 1645 829 τῷ
1665 780 1837 828 Ἀναγύρῳ
1860 780 2122 828 Ἀριστοφανης.
2178 778 2294 814 Addit

1246 835 1365 872 codex
1391 833 1756 881 Falckenburgianus
1782 835 1836 869 καὶ
1863 833 2059 880 ἦμισκάφης
2090 832 2119 868 δ’
2147 834 2191 869 ὡς
2226 833 2293 867 ἐντι

1247 890 1484 925 ε’νποδιλονίων
1502 890 1647 932 ἐκοῦμεν.

1301 942 1386 978 155.
1408 939 1500 990 (ιι.)
1521 939 1657 977 Pollux
1674 937 1725 981 X,
1749 938 1832 974 114.
1878 940 1923 975 Τὸ
1937 939 2091 985 ὑπόθημα
2108 940 2168 974 τοῦ
2186 937 2293 984 ὅλμου

1246 995 1466 1042 ὗφόλμιον,
1487 995 1531 1030 ὡς
1550 992 1801 1039 Ἀριστοφάνης
1819 993 1854 1028 ἐν
1873 989 2047 1041 Ἀναγύρῳ
2065 992 2170 1040 λέγει.

1693 1143 1852 1152 ..ι-

1671 1265 1867 1296 ΓΕΩΡΓΟᾙ

1302 1366 1388 1402 156.
1411 1362 1478 1414 (ι.)
1496 1364 1717 1402 Plutarchus
1735 1363 1860 1400 invita
1878 1362 1997 1400 Niciae
2017 1376 2049 1400 e.
2069 1365 2103 1406 8,
2117 1377 2152 1412 p.
2170 1364 2243 1400 528
2259 1376 2290 1400 a.

1350 1435 1382 1455 a.
1417 1419 1551 1455 Ἐθέλω
1568 1420 1739 1466 γεωργεῖν.
1776 1419 1813 1460 β.
1830 1415 1901 1453 εἶτα
1918 1419 1967 1454 τίς
1986 1433 2028 1454 σε
2047 1418 2167 1454 κωλύει
2178 1433 2189 1459 ,·

1348 1487 1379 1508 α.
1416 1473 1520 1519 ὑμεῖς·
1549 1473 1620 1508 ἐπεὶ
1639 1472 1758 1515 δίδωμι
1775 1471 1890 1516 χιλίας
1908 1471 2070 1517 δραχμὰς,

1350 1525 1407 1560 ἐάν
1423 1541 1466 1571 με
1483 1528 1550 1560 τῶν
1567 1524 1681 1571 ἀρχῶν
1699 1522 1818 1569 ἀφῆτε.
1848 1525 1883 1563 β.
1914 1523 2091 1570 δεχόμεθα·

1351 1578 1520 1624 δισχίλιαι
1538 1579 1603 1624 γάρ
1622 1578 1691 1612 εἶσι
1710 1575 1775 1611 σὺν
1791 1578 1863 1612 ταῖς
1882 1578 2008 1611 Νικίου.

1302 1628 1387 1666 157.
1410 1627 1480 1678 (2.)
1501 1627 1708 1664 Scholiasta
1727 1627 1905 1674 Equitum
1923 1640 1957 1663 v.
1979 1629 2066 1664 959.

1346 1681 1438 1732 Ὅτῳ
1459 1684 1550 1719 δοκεῖ
1568 1697 1626 1718 σοι
1645 1683 1714 1718 δεῖν
1730 1683 1883 1727 μάλιστα
1898 1684 1938 1727 τῇ
1956 1682 2078 1722 πόλει,·

1351 1737 1424 1782 ἐμοὶ
1441 1736 1503 1782 μὲν
1520 1735 1576 1771 ἐπὶ
1594 1736 1652 1770 τὸν
1668 1735 1800 1780 μολγὸν
1818 1731 1900 1769 εἶναι
1918 1734 1977 1769 οὐκ
1994 1733 2158 1779 ἀκήκοας,-

1246 1787 1295 1831 V,
1326 1790 1360 1824 1.
1391 1788 1470 1824 ὅτου
1488 1807 1541 1813 —-
1557 1789 1681 1828 πόλεις
1709 1784 1928 1829 Brunckius‚
1959 1798 2031 1833 quo
2059 1788 2208 1832 recepto
2238 1800 2295 1821 σοι

1246 1841 1401 1878 fortasse
1419 1840 1456 1876 in
1477 1855 1536 1887 μοι
1560 1837 1792 1875 mutandum.
1848 1837 1897 1881 V,
1923 1838 1959 1875 2.
1982 1841 2055 1884 ἐμοὶ
2078 1840 2140 1884 μὲν
2161 1839 2216 1874 ἐπὶ
2237 1839 2295 1874 τὸν

1247 1896 1388 1942 μολγόν·
1417 1895 1478 1929 οὐκ
1497 1892 1660 1938 ἅκὴκοας;
1688 1890 1886 1927 Porsonus.
1942 1890 2004 1927 Ad
2018 1891 2114 1927 hanc
2132 1889 2294 1926 fabulam

1247 1945 1455 1982 Brunckius
1482 1944 1607 1981 retulit
1634 1955 1781 1980 versum
1809 1943 1854 1979 ab
1882 1942 2035 1980 Polluce
2063 1942 2214 1979 allatum
2243 1942 2294 1986 X,

1250 2000 1337 2040 187.
1357 2018 1410 2025 -—-
1427 1999 1524 2034 οὐδὲν
1538 1997 1660 2034 κωλύει
1682 1997 1736 2032 καὶ
1758 1997 1890 2044 μολγὸν
1913 1997 2030 2037 εἰπεῖν,
2057 1997 2093 2034 ὅς
2116 1998 2191 2032 ἐστι
2213 1997 2294 2031 κατὰ

1246 2053 1307 2099 τὴν
1323 2056 1390 2088 τῶν
1408 2051 1614 2099 Ταραντίνων
1630 2053 1786 2098 γλῶτταν
1801 2052 1915 2092 βόειος
1932 2050 2047 2087 ἀσκός·
2065 2067 2118 2075 -
2135 2051 2189 2085 καὶ
2203 2050 2294 2097 Ἀρι-

1246 2107 1420 2153 στοφάνης
1438 2106 1474 2139 δέ
1492 2106 1650 2151 χρησμόν
1667 2117 1740 2138 τινα
1756 2103 1877 2146 παίζει,

1350 2156 1406 2202 Μή
1425 2171 1481 2203 μοι
1499 2156 1693 2202 Ἀθηναίους
1711 2153 1804 2196 αἴνει,
1815 2156 1877 2204 ’τοὶ
1894 2155 2019 2203 μολγοὶ
2036 2154 2182 2190 ἔσονται·

1245 2212 1284 2247 τὸ
1303 2211 1481 2256 ἄπληστον
1498 2211 1606 2245 αὐτῶν
1624 2208 1901 2253 ὑπαινιττόμενος.
2178 2208 2181 2211 ’

1301 2264 1389 2299 158.
1411 2258 1481 2310 (3.)
1501 2261 1706 2297 Athenaeus
1725 2259 1805 2303 III,
1823 2271 1860 2307 p.
1886 2259 1954 2295 111
1976 2258 2012 2295 b.

1351 2314 1421 2351 Εἶτ’
1442 2314 1543 2362 ἄρτον
1560 2315 1671 2351 ὀπτῶν
1688 2315 1846 2360 τυγχάνει
1866 2327 1917 2349 τις
1934 2312 2085 2356 ὀβελίαν.

1246 2367 1311 2405 Ex
1342 2365 1512 2414 Pelargis
1548 2367 1728 2410 ὀβολίας
1759 2365 1916 2412 ἄρτους,
1948 2365 2026 2401 τοὺς
2062 2365 2191 2407 ὀβολοῦ
2221 2379 2290 2401 πω.

1245 2422 1427 2467 λουμένους
1445 2423 1628 2455 memorat
1641 2415 1894 2454 Antiatticista
1913 2415 2073 2453 Bekkeri
2091 2429 2127 2465 p.
2149 2416 2233 2458 111,
2255 2417 2290 2453 7.

1247 2472 1355 2510 Conf.
1377 2470 1534 2508 Photius
1552 2484 1589 2519 p.
1611 2469 1698 2512 313,
1720 2471 1782 2506 20.
1802 2482 1838 2518 p.
1862 2471 1950 2512 314,
1975 2469 2006 2504 l.

1302 2526 1386 2562 159.
1409 2521 1476 2574 (4.)
1497 2523 1699 2560 Athenaeus
1716 2521 1790 2564 XI,
1811 2534 1847 2570 p.
1869 2523 1943 2557 460
1964 2520 1999 2557 d.

1345 2577 1482 2625 Ὠσπερ
1500 2577 1668 2613 κυλικείου
1685 2576 1857 2612 τούθόνιον
1873 2576 2113 2623 προπέπταται.

1302 2631 1388 2667 160.
1411 2627 1480 2679 (5.)
1500 2627 1714 2677 Etymolog.
1734 2626 1792 2671 M,
1811 2639 1847 2674 p.
1869 2628 1956 2667 234,
1978 2627 2039 2661 35.

1296 2682 1305 2688 ”
1352 2684 1392 2718 Τί
1410 2684 1493 2728 δῆτα
1510 2681 1638 2717 τούτων
1654 2686 1721 2716 τῶν
1739 2683 1855 2721 κακῶν,
1876 2679 1901 2714 ὦ
1919 2681 1990 2722 παῖ,
2010 2680 2125 2726 γλίχει
2139 2695 2149 2721 ‚-

1303 2736 1386 2772 161.
1408 2732 1475 2783 (6.)
1497 2732 1706 2770 Priscianus
1736 2730 1884 2772 XVIII,
1904 2731 1976 2767 vol.
1999 2731 2055 2774 II,
2074 2744 2110 2780 p.
2139 2732 2212 2766 269
2233 2730 2290 2768 ed.

1249 2786 1379 2824 Krehl.
1406 2784 1525 2834 (1212
1554 2783 1724 2834 Putsch.)
1755 2785 1840 2820 Φαθὶ
1866 2785 1987 2832 λέγων.
2043 2785 2294 2832 Ἀριστοφάνης

1248 2843 1413 2889 Γεωργοῖς
1433 2843 1454 2857 “
1474 2838 1555 2887 Εἴγε
1574 2839 1715 2874 κιλικίας
1736 2835 1817 2883 αἷμα
1840 2837 2018 2883 ἐξολοίμην
2041 2838 2128 2884 φαθὶ
2150 2837 2292 2884 λέγων.”

1247 2893 1478 2930 Inveniuntur
1495 2896 1530 2926 et
1546 2889 1660 2926 nostri
1677 2888 1891 2926 abundantia
1909 2893 2042 2925 utentes
2060 2894 2109 2934 ut,
2130 2889 2294 2939 loquere

1249 2946 1396 2982 dicens
1430 2948 1470 2979 et
1504 2942 1624 2979 stude
1651 2952 1892 2991 properans
1926 2947 1961 2978 et
1995 2941 2126 2978 similia
2164 2942 2294 2980 Codex

1247 2995 1486 3034 Monacensis
1526 3002 1632 3032 ‹1>A01
1673 3002 1815 3032 ΛΕΓωΝ
1858 3001 2148 3032 ΑΡΕΤΟΦΑΝΝΣ
2188 3003 2293 3045 ΓΕωρ

1247 3049 1422 3087 Iseirelcia
1440 3054 1769 3086 ΜΑΕΞοΛοιΜΕΝ
1789 3053 2022 3084 ΦΑΕΙΑΤΟΝ.

1305 3101 1388 3138 162.
1411 3098 1479 3150 (7.)
1500 3099 1719 3149 Hephaestio
1736 3113 1772 3149 p.
1795 3100 1857 3141 73.
2140 3147 2143 3150 η

1344 3152 1391 3189 Ὠ
1409 3155 1491 3189 πόλι
1509 3155 1596 3200 φιλη
1617 3154 1797 3201 Κέκροπος,
1816 3153 1983 3200 αὐτοφυὲς
1999 3152 2144 3199 Ἀττικὴ,

1350 3209 1449 3253 χαῖρε
1466 3207 1612 3254 λιπαρὸν
1629 3207 1784 3246 δάπεδον,
1804 3206 1908 3253 οὖθαρ
1927 3205 2053 3253 ἀγαθῆς
2069 3205 2203 3252 χθονός.

1248 3264 1286 3296 et
1303 3257 1427 3308 paullo
1445 3263 1530 3306 post

1349 3311 1409 3347 Ἐν
1427 3311 1534 3360 ἀγορᾷ
1553 3309 1583 3347 δ’
1603 3310 1645 3347 αὖ
1662 3312 1831 3348 πλάτανον
1849 3310 1886 3346 εὖ
1904 3309 2182 3357 διαφυτεύσομεν.

1248 3364 1398 3400 Marcus
1423 3362 1635 3399 Antoninus
1656 3362 1726 3408 IV,
1747 3366 1810 3400 23.
1832 3363 1980 3399 Ἐκεῖνος
1996 3364 2058 3408 μέν
2080 3363 2182 3409 φησι,
2202 3365 2290 3401 Πόλι

1247 3418 1334 3464 φίλη
1355 3416 1537 3463 Κέκροπος,
1557 3417 1603 3452 σὺ
1621 3416 1657 3452 δὲ
1675 3417 1735 3451 οὐκ
1753 3416 1848 3465 ἐρεῖς,
1861 3413 1908 3450 Ὠ
1925 3416 2010 3450 πόλι
2027 3415 2115 3461 φίλη
2128 3416 2240 3457 Διός,-

1302 3469 1385 3504 163.
1408 3466 1476 3517 (8.)
1497 3466 1668 3505 Stobaeus
1684 3470 1762 3516 περὶ
1780 3468 1908 3516 εἰρήνης
1926 3465 2011 3510 LV,
2032 3468 2068 3502 2.

1350 3521 1472 3571 Εἰρήνη
1489 3521 1707 3566 βαθύπλουτε
1724 3522 1778 3559 καὶ
1797 3521 1970 3570 ζευγάριον
1985 3521 2129 3564 βοεικὸν,
2149 3534 2178 3559 ει
