2488 3860
177 278 262 325 146

171 433 241 467 AN.

185 1125 257 1158 ΧΟ.

190 1338 262 1369 ΑΝ.

190 1648 259 1681 KP.

192 2073 264 2105 AN.

1039 275 1441 316 ΣΟΦΟΚΛΕΟΥΣ

271 375 428 424 πατρῷον
446 371 474 409 δ’
495 371 633 410 ἐκτίνεις
650 369 711 408 τιν’
731 369 849 407 ἆθλον.
913 419 915 421 ¹

273 427 433 476 ἔψαυσας
450 426 692 474 ἀλγεινοτάτας
709 425 783 471 ἐμοὶ
800 422 971 471 μερίμνας,

272 482 400 529 πατρὸς
417 481 620 528 τριπόλητον
637 475 742 519 οἶτον,

275 538 337 571 τοῦ
355 550 392 570 τε
410 535 604 581 πρόπαντος

277 587 442 635 ἁμετέρου
459 588 591 632 πότμου

278 643 424 678 κλεινοῖς
442 639 721 684 Λαβδακίδαισιν.

281 694 320 730 ich
338 697 490 743 ματρῷαι
506 692 658 740 λέκτρων
676 690 752 727 ἆται

282 746 471 794 κοιμήματά
487 745 516 782 τ’
535 743 747 794 αὐτογέννητ’

278 800 351 851 ‹huf›
368 800 473 848 πατρὶ
490 800 665 847 δυσμόρου
682 798 820 845 ματρὸς,

283 853 362 891 οἵων
379 855 449 903 ἐγώ
464 851 547 890 ποθ’
568 855 590 888 ἁ
606 851 808 898 ταλαίφρων
826 850 926 896 ἔφυν·

279 907 366 954 πρὸς
383 906 441 942 οὓς
458 904 574 952 ἀραῖος
592 904 721 952 ἄγαμος
740 904 792 940 ἅδ’
813 903 879 952 ἐγὼ
898 903 1053 949 μέτοικος
1073 902 1225 950 ἔρχομαι.

289 959 328 995 ἰὼ
346 959 553 1003 δυσπότμων

286 1012 468 1060 κασίγνητε
485 1011 604 1058 γάμων
622 1007 783 1057 κυρήσας,

288 1064 396 1101 θανὼν
413 1063 459 1100 ἔτ’
480 1063 589 1100 οὖσαν
607 1061 789 1109 κατήναρές
807 1075 862 1106 με.

288 1118 406 1162 σέβειν
422 1118 484 1164 μὲν
502 1116 662 1160 εὐσέβειά
679 1130 742 1156 τις,

291 1172 412 1218 κράτος
430 1170 459 1207 δ’
479 1169 546 1219 ὅτῳ
566 1169 686 1217 κράτος
704 1167 803 1213 μέλει

289 1225 487 1272 παραβατὸν
505 1223 632 1268 οὐδαμῆ
651 1221 769 1260 πέλει,

293 1278 334 1314 σὲ
354 1275 382 1313 δ’
402 1277 613 1323 αὐτόγνωτος
631 1274 736 1310 ὤλεσ’
754 1273 852 1317 ὀργά.

291 1331 456 1367 ἄκλαυτος
477 1327 605 1374 ἄφιλος
623 1324 819 1369 ἀνυμέναιος
837 1323 991 1368 ἔρχομαι.

293 1382 355 1418 τὰν
371 1380 527 1426 πυμάταν
545 1378 637 1414 ὁδόν.
656 1377 728 1414 ὀὐκ
746 1377 795 1414 ἔτι
813 1389 869 1421 μοι
888 1373 963 1410 τόδε

293 1433 471 1478 λαμπάδος
490 1432 562 1478 ἱρὸν
580 1430 671 1476 ὄμμα

293 1485 388 1531 θέμις
405 1487 488 1532 ὁρᾶν
505 1484 659 1529 ταλαίνᾳ·
1179 1481 1240 1514 880

293 1540 352 1574 τὸν
370 1536 399 1574 δ’
419 1538 499 1580 ἐμὸν
521 1539 652 1583 πότμον
676 1535 864 1582 ἀδάκρυτον
887 1533 997 1571 οὐδεὶς
1021 1531 1137 1579 φίλων
1163 1545 1241 1566 στε-

349 1592 450 1637 νάζει.

294 1641 345 1689 ἆρ’
365 1640 447 1682 ἴστ’,
468 1640 584 1677 ἀοιδὰς
602 1640 656 1675 καὶ
673 1641 776 1687 γόους
793 1639 860 1686 πρὸ
879 1641 941 1674 τοῦ
960 1637 1082 1679 θανεῖν,

295 1696 340 1733 ὡς
357 1694 427 1730 οὐδ’
448 1693 489 1729 ἂν
506 1690 554 1730 εἷς
571 1691 730 1730 παύσαιτ’
750 1691 803 1736 ἂν,
823 1691 853 1727 εἶ
869 1691 967 1739 χρείη
985 1690 1112 1738 λέγειν·

294 1749 355 1785 οὐκ
373 1747 469 1792 ἄξεθ’
490 1747 535 1783 ὡς
552 1747 712 1793 τάχιστα,
733 1746 788 1781 καὶ
806 1745 992 1792 κατηρεφεῖ

294 1800 414 1849 τύμβῳ
431 1798 709 1848 περιπτύξαντες,
731 1799 776 1834 ὡς
794 1795 895 1846 εἴρηκ’
916 1797 996 1845 ἐγὼ,

297 1854 404 1901 ἄφετε
421 1855 527 1899 μόνην
544 1853 681 1901 ἔρημον,
702 1850 770 1887 εἴτε
787 1852 855 1898 χρῇ
875 1850 986 1886 θανεῖν

295 1906 354 1945 εἴτ’
375 1907 410 1943 ἐν
428 1904 565 1951 τοιαύτῃ
587 1907 681 1951 ζῶσα
698 1902 878 1950 τυμβεύειν
897 1903 1018 1951 στέγῃ·

295 1960 389 2006 ἡμεῖς
405 1961 472 2007 γὰρ
491 1960 587 2007 ἁγνοὶ
605 1958 705 1994 τούπὶ
723 1956 822 2003 τήνδε
840 1956 901 2002 τὴν
919 1958 1032 2003 κόρην·

293 2014 463 2060 μετοικίας
482 2013 510 2049 δ’
531 2012 591 2050 οὖν
608 2013 668 2057 τῆς
686 2011 753 2046 ἄνω
774 2009 993 2058 στερήσεται.

296 2067 322 2102 ὦ
340 2066 482 2113 τύμβος,
503 2066 530 2101 ὦ
548 2066 725 2112 νυμφεῖον,
747 2063 773 2099 ὦ
791 2061 1015 2110 κατασκαφὴς

295 2118 427 2166 οἴκησις
442 2119 663 2167 ἀείφρουρος,
683 2114 720 2152 οἷ
733 2115 920 2165 πορεύομαι

294 2175 380 2221 πρὸς
398 2173 477 2210 τοὺς
496 2173 651 2218 ἐμαυτῆς,
671 2171 717 2206 ὧν
734 2169 878 2218 ἀριθμὸν
896 2170 932 2205 ἐν
950 2170 1079 2218 νεκροῖς

294 2229 463 2264 πλεῖστον
480 2226 631 2262 δέδεκται
650 2223 877 2271 Φερσέφασσ’
898 2223 1094 2258 ὀλωλότων·

297 2281 342 2316 ὧν
358 2279 501 2316 λοισθία
517 2278 578 2327 ’γὼ
597 2278 652 2313 καὶ
670 2278 814 2312 κάκιστα
832 2276 872 2322 δὴ
890 2278 1007 2325 μακρῷ

298 2335 439 2379 κάτειμι,
459 2332 540 2380 πρίν
557 2346 615 2377 μοι
633 2333 754 2377 μοῖραν
772 2328 903 2375 ἐξήκειν
919 2329 1014 2372 βίου.

298 2387 456 2423 ἐλθοῦσα
473 2385 587 2431 μέντοι
606 2383 696 2432 κάρτ’
718 2384 754 2419 ἐν
772 2383 916 2419 ἐλπίσιν
934 2382 1051 2430 τρέφω

298 2440 387 2487 φίλη
405 2440 466 2486 μὲν
484 2439 577 2484 ἥξειν
594 2438 709 2484 πατρὶ,
728 2436 931 2485 προσφιλὴς
949 2436 986 2471 δὲ
1006 2436 1077 2479 σοὶ,

296 2494 413 2540 μῆτερ,
433 2492 521 2538 φίλη
542 2491 578 2527 δὲ
598 2492 667 2530 σοὶ,
689 2490 894 2537 κασίγνητον
912 2490 1010 2536 κάρα·

298 2546 371 2582 ἐπεὶ
389 2545 550 2580 θανόντας
567 2544 727 2591 αὐτόχειρ
745 2543 831 2589 ὑμᾶς
850 2543 916 2590 ἐγὼ

295 2600 429 2634 ἔλουσα
447 2598 650 2643 κάκόσμησα
668 2596 914 2641 κάπιτυμβίους

296 2652 383 2699 χοὰς
401 2652 520 2686 ἔδωκα·
551 2652 609 2686 νῦν
628 2650 676 2690 δέ,
697 2647 916 2689 Πολύνεικες,
935 2648 975 2683 τὸ
996 2648 1060 2683 σὸν

298 2705 399 2751 δέμας
416 2703 699 2751 περιστέλλουσα
717 2701 822 2738 τοιάδ’
841 2701 997 2750 ἄρνυμαι.

298 2758 407 2793 καίτοι
426 2756 459 2792 σ’
479 2757 546 2803 ἐγὼ
563 2755 701 2801 ’τίμησα
718 2757 791 2792 τοῖς
809 2755 1001 2803 φρονοῦσιν
1019 2751 1069 2789 εὖ.

297 2812 337 2846 οὐ
354 2811 421 2859 γάρ
438 2808 514 2846 ποτ’
534 2808 602 2844 οὔτ’
622 2808 663 2843 ἂν
681 2808 710 2843 εἷ
728 2810 852 2844 τέκνων
869 2807 978 2855 μήτηρ
996 2807 1095 2854 ἔφυν,

299 2863 369 2899 οὔτ’
389 2863 419 2898 εἷ
435 2864 539 2898 πόσις
556 2876 614 2907 μοι
633 2861 805 2897 κατθανὼν
823 2860 971 2906 ἐτήκετο,

297 2917 360 2963 βίᾳ
376 2917 528 2952 πολιτῶν
546 2913 634 2950 τόνδ’
654 2914 695 2950 ἂν
711 2914 840 2961 ᾐρόμην
856 2916 973 2950 πόνον.

297 2970 389 3006 τίνος
407 2970 510 3013 νόμου
529 2967 569 3013 δὴ
588 2969 693 3002 ταῦτα
710 2968 796 3014 πρὸς
813 2968 915 3014 χάριν
931 2967 1047 3014 λέγω;

295 3019 401 3054 πόσις
417 3017 479 3061 μὲν
497 3016 538 3051 ἄν
555 3031 613 3061 μοι
633 3016 856 3053 κατθανόντος
874 3017 984 3054 ἄλλος
1002 3016 1054 3062 ἦν,

294 3070 350 3105 καὶ
362 3071 442 3106 παῖς
456 3069 514 3104 ἀπ’
527 3069 640 3104 ἄλλου
654 3070 783 3115 φωτὸς,
800 3069 830 3104 εἰ
843 3069 936 3105 τοῦδ’
952 3072 1143 3116 ἤμπλακον,

293 3123 420 3170 μητρὸς
439 3121 468 3157 δ’
488 3122 524 3157 ἐν
535 3121 657 3157 θἈιδου
676 3122 730 3156 καὶ
747 3123 876 3169 πατρὸς
895 3123 1109 3160 κεκευθότοιν

294 3176 356 3211 οὐκ
375 3176 450 3210 ἔστ’
468 3175 623 3221 ἀδελφὸς
641 3174 739 3211 ὅστις
757 3175 798 3210 ἂν
815 3176 973 3218 βλάστοι
991 3177 1088 3212 ποτέ.

293 3229 415 3277 τοιῷδε
432 3227 547 3273 μέντοι
567 3226 600 3262 σ’
622 3227 891 3274 ἐκπροτιμήσασ’
912 3228 982 3275 ἐγὼ

293 3284 397 3329 νόμῳ,
418 3281 560 3327 Κρέοντι
578 3279 671 3315 ταῦτ’
691 3280 781 3325 ἔδοξ’
801 3282 1004 3328 ἁμαρτάνειν

294 3335 348 3370 καὶ
366 3334 459 3369 δεινὰ
477 3335 620 3379 τολμᾶν,
641 3332 667 3367 ὦ
686 3333 891 3380 κασίγνητον
909 3335 1007 3382 κάρα.

295 3387 350 3422 καὶ
368 3389 427 3422 νῦν
444 3385 519 3433 ἄγει
537 3401 579 3432 με
598 3386 653 3421 διὰ
670 3390 782 3433 χερῶν
800 3384 889 3422 οὕτω
907 3388 1040 3430 λαβὼν,

294 3440 472 3487 ἄλεκτρον,
492 3438 701 3485 ἀνυμέναιον,
722 3441 800 3474 οὕτε
818 3454 880 3474 του
897 3441 1010 3487 γάμου

294 3493 398 3540 μέρος
414 3493 596 3538 λαχοῦσαν
614 3493 692 3527 οὔτε
709 3492 865 3528 παιδείου
883 3494 1027 3540 τροφῆς,

294 3544 375 3581 ἀλλ’
396 3544 453 3581 ὧδ’
473 3546 595 3592 ἕρημος
612 3545 698 3592 πρὸς
716 3545 833 3592 φίλων
850 3545 870 3591 ἡ
890 3544 1063 3594 δύσμορος
1271 3565 1273 3581 a

297 3597 378 3646 ζῶσ’
406 3597 439 3636 ἐς
457 3597 625 3635 θανόντων
642 3598 785 3647 ἔρχομαι
817 3601 1051 3647 κατασκαφάς·
1191 3615 1252 3648 920
1271 3604 1273 3635 j

1078 419 1151 456 ἀντ.
1171 416 1216 467 γ’.
1242 462 1244 472 Α

1160 582 1224 614 860

1164 794 1225 836 865
1245 819 1252 838 s,

1274 916 1341 947 ΚΡ.

1178 1273 1239 1313 875

1182 1749 1244 1789 885

1182 2015 1245 2055 890

1185 2555 1247 2588 900

1186 2821 1245 2852 005

1190 3085 1253 3118 9¹0

1190 3349 1250 3383 9¹5

1273 809 1344 841 XO.

1171 1008 1234 1048 8⁷0
1256 1022 1348 1056 AN.

1256 1076 1347 1178 lxo.

1280 1602 1352 1632 XO.

1296 3491 1364 3523 TE.

1370 378 1472 415 ποίαν
1489 374 1756 423 παρεξελθοῦσα
1773 374 1938 422 δαιμόνων
1955 374 2072 422 δίκην;

1370 432 1405 467 τί
1421 429 1488 478 χρή
1507 444 1550 475 με
1567 428 1629 474 τὴν
1647 427 1815 473 δύστηνον
1835 429 1869 467 ἐς
1886 429 1983 466 θεοὺς
1999 430 2051 466 ἔτι

1370 484 1515 528 βλέπειν
1529 495 1539 523 ;
1569 480 1631 517 τίν’
1650 482 1756 517 αὐδᾶν
1773 481 1980 529 ξυμμάχωνς
2010 482 2085 518 ἐπεί
2101 496 2142 530 γε
2160 478 2200 527 δὴ

1370 537 1431 582 τὴν
1450 534 1660 578 δυσσέβειαν
1677 532 1863 578 εὐσεβοῦσ”
1882 535 2087 581 ἐκτησάμην.

1372 589 1451 626 ἀλλ’
1473 589 1503 624 εἷ
1519 588 1582 633 μὲν
1600 586 1660 624 οὐν
1677 586 1751 624 τάδ’
1771 587 1867 623 ἐστὶν
1885 587 1921 624 ἐν
1939 588 2029 626 θεοῖς
2047 588 2148 629 καλὰ,

1373 642 1539 679 παθόντες
1558 641 1598 676 ἂν
1616 641 1820 689 ξυγγνοῖμεν
1836 639 2077 688 ἡμαρτηκότες·

1375 696 1404 731 εἶ
1423 695 1452 731 δ’
1472 693 1534 731 οἵδ’
1554 695 1799 741 ἁμαρτάνουσι,
1818 693 1864 740 μὴ
1881 694 1991 730 πλείω
2009 694 2095 731 κακὰ

1374 749 1515 786 πάθοιεν
1532 747 1552 793 ἢ
1572 747 1627 782 καὶ
1645 748 1774 795 δρῶσιν
1791 747 1930 785 ἐκδίκως
1947 747 2018 793 ἐμέ.

1374 803 1425 838 ἔτι
1442 806 1510 837 τῶν
1527 801 1637 836 αὐτῶν
1654 801 1784 847 ἀνέμων
1801 800 1899 836 αὑταὶ

1375 856 1495 903 ψυχῆς
1512 854 1609 903 ῥιπαὶ
1626 852 1725 899 τήνδε
1741 851 1775 901 γ’
1793 854 1947 900 ἔχουσιν.

1376 909 1496 956 τοιγὰρ
1515 906 1645 943 τούτων
1662 908 1775 942 τοῖσιν
1791 906 1937 954 ἄγουσιν

1378 960 1547 1008 κλαύμαθ’
1567 960 1712 1008 ὑπάρξει
1728 959 1941 1007 βραδυτῆτος
1957 957 2055 1007 ὕπερ.

1379 1013 1482 1062 οἴμοι,
1503 1014 1649 1051 θανάτου
1666 1012 1757 1049 τοῦτ’
1777 1012 1951 1061 ἐγγυτάτω

1380 1071 1507 1105 τοῦπος
1524 1068 1679 1114 ἀφῖκται.

1377 1123 1518 1169 θαρσεῖν
1536 1120 1635 1156 οὐδὲν
1652 1119 1912 1168 παραμυθοῦμαι

1379 1176 1424 1223 μὴ
1443 1175 1483 1212 οὐ
1501 1175 1582 1211 τάδε
1599 1172 1702 1218 ταύτῃ
1722 1171 2004 1219 κατακυροῦσθαι.

1382 1229 1408 1265 ὦ
1425 1230 1487 1277 γῆς
1506 1226 1623 1273 Θήβης
1641 1226 1730 1262 ἄστυ
1746 1225 1904 1275 πατρῷον

1382 1283 1436 1318 καὶ
1455 1281 1527 1317 θεοὶ
1543 1281 1732 1327 προγενεῖς,

1381 1336 1506 1380 ἄγομαι
1525 1334 1565 1379 δὴ
1588 1333 1668 1369 κούκ
1686 1333 1736 1368 ἔτι
1754 1331 1882 1374 μέλλω.

1386 1381 1569 1425 λεύσσετε,
1591 1381 1708 1428 Θήβης
1725 1383 1759 1417 οἱ
1777 1381 1972 1429 κοιρανίδαι.

1388 1431 1467 1483 [τὴν
1484 1435 1653 1477 βασιλίδα
1669 1434 1793 1480 μούνην
1810 1428 1968 1479 λοιπήν,]

1386 1485 1441 1536 οἷα
1459 1489 1545 1534 πρὸς
1563 1486 1643 1523 οἵων
1659 1488 1791 1534 ἀνδρῶν
1807 1488 1947 1534 πάσχω,

1385 1541 1447 1587 τὴν
1465 1541 1629 1584 εὐσεβίαν
1643 1541 1835 1584 σεβίσασα.

1382 1591 1467 1630 ἔτλα
1485 1595 1539 1630 καὶ
1558 1595 1691 1630 Δανάας
1708 1594 1865 1639 οὐράνιον
1882 1594 1959 1637 φῶς

1389 1646 1537 1692 ἀλλάξαι
1555 1643 1658 1691 δέμας
1676 1643 1712 1678 ἐν
1728 1642 1948 1690 χαλκοδέτοις
1964 1642 2097 1679 αὐλαῖς·

1390 1698 1601 1747 κρυπτομένα
1618 1697 1647 1734 δ’
1667 1698 1703 1733 ἐν
1720 1695 1884 1744 τυμβήρει
1903 1696 2043 1745 θαλάμῳ
2061 1692 2276 1742 κατεζεύχθη.

1387 1752 1496 1787 καίτοι
1514 1752 1568 1787 καὶ
1584 1751 1684 1798 γενεᾷ
1701 1749 1824 1795 τίμιος,
1844 1748 1871 1784 ὦ
1889 1750 1951 1784 παῖ
1966 1749 2040 1788 παῖ,

1386 1805 1441 1840 καὶ
1459 1806 1559 1850 Ζηνὸς
1579 1802 1779 1849 ταμιεύεσκε
1795 1802 1899 1850 γονὰς
1915 1798 2163 1848 χρυσορύτους.

1384 1857 1464 1894 ἀλλ’
1484 1861 1506 1894 ἁ
1522 1857 1673 1904 μοιριδία
1689 1870 1741 1893 τις
1759 1853 1899 1892 δύνασις
1917 1855 2020 1891 δεινά·

1383 1911 1454 1948 οὔτ’
1486 1912 1527 1948 ἄν
1558 1927 1608 1948 νιν
1639 1910 1748 1954 ὄλβος
1779 1908 1848 1944 οὔτ’
1874 1904 1994 1954 ”Apum
2024 1904 2065 1942 οὗ
2094 1900 2236 1951 πύργος,
2268 1898 2335 1948 οὐχ

1436 1964 1614 2000 ἁλίκτυποι

1385 2014 1538 2050 κελαιναὶ
1555 2015 1631 2049 νᾶες
1647 2011 1845 2060 ἐκφύγοιεν.
2258 2030 2261 2033 -

1387 2065 1509 2112 ζεύχθη
1528 2063 1558 2100 δ’
1577 2062 1747 2110 ὀξύχολος
1762 2063 1842 2099 παῖς
1859 2062 1879 2096 ὁ
1898 2059 2080 2108 Δρύαντος,
2130 2060 2204 2097 ἀντ.
2215 2059 2259 2096 α’.
2273 2072 2333 2107 955

1384 2120 1546 2157 Ἠδωνῶν
1561 2116 1740 2161 βασιλεὺς,
1759 2115 1945 2163 κερτομίοις
1962 2115 2089 2162 ὀργαῖς,

1387 2175 1423 2210 ἐκ
1442 2171 1610 2210 Διονύσου
1626 2170 1790 2218 πετρώδει
1808 2170 2043 2216 κατάφαρκτος
2061 2168 2097 2204 ἐν
2114 2168 2243 2216 δεσμῷ.

1382 2224 1471 2262 οὕτω
1490 2226 1549 2261 τᾶς
1566 2222 1686 2270 μανίας
1704 2222 1814 2257 δεινὸν
1830 2220 2019 2264 ἀποστάζει

1381 2277 1528 2325 ἀνθηρόν
1544 2292 1582 2312 τε
1599 2275 1712 2322 μένος.
1742 2276 1850 2312 κεῖνος
1867 2274 1997 2322 ἐπέγνω
2015 2271 2149 2319 μανίαις

1382 2329 1508 2378 ψαύων
1525 2331 1585 2367 τὸν
1603 2328 1682 2365 θεὸν
1699 2329 1735 2364 ἐν
1753 2328 1943 2375 κερτομίοις
1960 2327 2157 2374 γλώσσαις.

1385 2379 1537 2417 παύεσκε
1580 2381 1642 2426 μὲν
1682 2381 1749 2427 γὰρ
1794 2380 1929 2416 ἐνθέους
1969 2381 2129 2427 γυναῖκας
2170 2378 2261 2414 εὕῖόν
2301 2390 2339 2411 τε

1436 2435 1518 2480 πῦρ,

1387 2481 1583 2530 φιλαύλους
1601 2478 1630 2515 τ’
1649 2477 1782 2526 ἠρέθιζε
1801 2475 1959 2513 Μούσας.
2278 2477 2340 2520 965

1386 2536 1478 2583 παρὰ
1496 2535 1533 2570 δὲ
1553 2532 1709 2569 Κυανέων
1721 2530 1900 2578 πελαγέων
1913 2527 2055 2573 διδύμας
2068 2529 2153 2565 ἁλὸς
2193 2541 2271 2575 στρ.
2289 2526 2342 2572 β’.

1386 2588 1485 2625 ἀκταὶ
1503 2588 1693 2632 Βοσπόριαι
1712 2583 1754 2619 ἴδ’
1774 2585 1793 2618 ὁ
1812 2585 1953 2629 Θρῃκῶν
1970 2580 2090 2625 ἄξενος

1392 2639 1631 2687 Σαλμυδησὸς,
1649 2636 1692 2675 ἵν’
1713 2635 1919 2686 ἀγχίπτολις
1935 2631 2042 2682 Ἀρης

1392 2692 1551 2725 δισσοῖσι
1570 2689 1734 2725 Φινείδαις

1393 2741 1479 2780 εἶδεν
1496 2742 1621 2791 ἀρατὸν
1638 2742 1740 2779 ἕλκος

1391 2797 1539 2844 ἀραχθὲν
1558 2797 1595 2843 ἐξ
1613 2796 1732 2844 ἀγρίας
1749 2795 1918 2843 δάμαρτος

1390 2850 1497 2886 ἀλαὸν
1515 2850 1766 2894 ἀλαστόροισιν
1783 2846 1944 2892 ὀμμάτων
1965 2841 2102 2881 κύκλοις

1391 2900 1507 2945 ἄτερθ’
1527 2899 1667 2947 ἐγχέων,
1682 2899 1744 2947 ὑφ’
1762 2899 1958 2945 αἱματηραῖς

1396 2952 1558 2998 χείρεσσι
1577 2953 1632 2987 καὶ
1650 2951 1810 2998 κερκίδων
1827 2950 2000 2996 ἀκμαῖσιν.

1399 3005 1483 3040 κατὰ
1502 3005 1539 3040 δέ
1557 3006 1733 3051 τακόμενοι
1751 3004 1870 3050 μέλεοι
1887 3002 2012 3049 μελέαν
2028 2999 2141 3037 πάθαν
2198 2998 2273 3036 ἀντ.
2292 2998 2340 3041 β’.

1399 3059 1528 3098 κλαῖον,
1542 3059 1670 3105 ματρὸς
1687 3059 1825 3104 ἔχοντες
1838 3054 2055 3102 ἀνύμφευτον
2070 3052 2188 3100 γονάν·
2209 3084 2222 3102 Δ.
2281 3055 2342 3098 980

1398 3117 1420 3148 ἁ
1437 3113 1474 3148 δὲ
1494 3113 1631 3159 σπέρμα
1647 3113 1710 3158 μὲν
1729 3110 1961 3159 ἀρχαιογόνων

1398 3166 1516 3202 ἄντασ“
1535 3164 1772 3213 Ἐρεχθειδᾶν,

1399 3219 1602 3264 τηλεπόροις
1620 3217 1648 3252 δ’
1670 3217 1706 3252 ἐν
1723 3218 1858 3263 ἄντροις

1400 3272 1514 3319 τράφη
1534 3269 1736 3305 θυέλλαισιν
1754 3269 1790 3304 ἐν
1806 3265 1977 3316 πατρῴαις

1401 3324 1527 3371 Βορεὰς
1544 3323 1694 3368 ἅμιππος
1712 3321 1901 3369 ὀρθόποδος
1919 3318 2005 3366 ὑπὲρ
2021 3317 2135 3366 πάγου

1400 3377 1486 3413 θεῶν
1502 3377 1593 3412 παῖς·
1622 3376 1715 3411 ἀλλὰ
1733 3374 1809 3411 κάπ’
1829 3372 1938 3418 ἐκείνᾳ

1401 3431 1527 3477 Μοῖραι
1545 3429 1753 3475 μακραίωνες
1771 3428 1890 3474 ἔσχον,
1911 3424 1938 3460 ὦ
1954 3425 2030 3461 παῖ.

1404 3482 1521 3528 θήβης
1539 3482 1689 3522 ἄνακτες,
1709 3481 1832 3527 ἥκομεν
1849 3477 1962 3524 κοινὴν
1979 3476 2059 3513 ὁδὸν

1401 3535 1450 3573 δύ’
1471 3535 1510 3580 ἐξ
1528 3536 1598 3571 ἑνὸς
1619 3535 1802 3578 βλέποντε,
1819 3533 1891 3568 τοῖς
1907 3531 2076 3578 τυφλοῖσι
2093 3529 2160 3578 γὰρ

1400 3587 1482 3635 αὕτη
1502 3587 1661 3626 κέλευθος
1679 3588 1715 3624 ἐκ
1732 3586 1927 3635 προηγητοῦ
1945 3583 2054 3621 πέλει.

2263 597 2323 633 9²⁵

2273 1810 2336 1845 950

2273 2267 2338 2318 960

2280 2645 2342 2680 97ο

2281 2902 2343 2939 975

2281 3319 2343 3363 οδε
