2488 3860
1015 288 1515 333 ΑΠΟΣΠΑΣΜΑΤΙΑ.

298 403 419 442 κύκλος
436 419 487 441 τις
505 405 550 442 ὣς
567 405 739 451 τόρνοισιν
757 402 1043 452 ἐκμετρούμενος·-

297 458 395 496 οὗτος
413 457 442 494 δ’
462 459 533 504 ἔχει
551 460 694 504 σημεῖον
711 458 748 494 ἐν
764 458 861 507 μέσῳ
879 458 1005 505 σαφές.

294 511 335 548 τὸ
353 511 510 559 δεύτερον
528 512 576 554 δέ,
595 516 712 559 πρῶτα
729 512 791 558 μὲν
807 513 958 560 γραμμαὶ
975 511 1047 552 δύὀ,

295 564 418 602 ταύτας
436 566 575 613 διείργει
593 563 622 601 δ’
643 566 679 601 ἐν
695 565 817 611 μέσαις
834 566 924 611 ἅλλη
941 566 1014 612 μία.

294 620 408 666 τρίτον
427 620 463 654 δὲ
481 621 680 667 βόστρυχός
698 634 749 656 τις
766 619 811 656 ὣς
829 619 1027 666 εἱλιγμένος.

293 674 332 708 τὸ
351 673 381 708 δ’
401 672 443 708 αὐ
459 673 620 720 τέταρτον
637 672 677 718 ἦν
694 674 756 719 μὲν
774 673 820 710 εἷς
838 673 940 720 ὀρθὸν
955 674 1027 719 μία,

292 727 394 772 λοξαὶ
412 727 440 762 δ’
461 726 512 762 ἐπ’
531 728 631 772 αὐτῆς
648 729 738 774 τρεῖς
756 727 1054 774 κατεστηριγμέναι

292 780 392 816 εῖσίν.
421 781 461 816 τὸ
479 780 632 826 πέμπτον
650 780 678 816 δ’
699 781 758 815 οὐκ
777 780 812 816 ἐν
829 781 966 828 εὐμαρεῖ
981 781 1126 829 φράσαι·

289 835 441 882 γραμμαὶ
458 836 523 882 γάρ
542 835 630 870 εἶσιν
648 834 684 869 ἐκ
702 835 892 870 διεστώτων
910 834 982 878 δύο,

290 888 387 923 αὑταὶ
406 889 443 923 δὲ
462 888 709 935 συντρέχουσιν
727 888 774 924 εἷς
790 888 870 934 μίαν
885 889 1004 931 βάσιν.

290 942 329 976 τὸ
346 942 504 978 λοίσθιον
522 942 560 977 δὲ
577 944 625 990 τῷ
642 942 744 990 τρίτῳ
761 942 1013 989 προσεμφερές.

238 993 364 1042 (386.)
384 1009 418 1039 4.
448 993 640 1042 Aristoph.
661 993 754 1029 Rau.
774 994 863 1030 468.

289 1048 316 1083 ὦ
341 1049 516 1096 βδελυρὲ
544 1048 813 1095 κάναίσχυντε
840 1046 903 1083 καῖ
929 1047 1104 1095 τολμηρὲ
1132 1047 1182 1083 σὺ

290 1103 343 1138 καὶ
361 1103 459 1150 μιαρὲ
478 1102 532 1138 καὶ
549 1102 720 1149 παμμίαρε
738 1102 792 1137 καὶ
808 1103 1009 1149 μιαρώτατε,
1030 1103 1135 1137 κ.τ.λ.

188 1152 409 1191 scholiastes
436 1155 572 1193 Venet.
600 1153 774 1190 adnotat:
802 1154 1027 1203 παραπλήσιά
1054 1155 1129 1191 ε’στι
1156 1154 1232 1190 τού-

183 1224 252 1246 τοις
277 1210 319 1244 τὰ
346 1209 381 1244 ἐν
407 1212 454 1258 τῷ
483 1211 591 1254 Θησεῖ
616 1208 825 1255 πεποιημένα
849 1209 928 1256 παρ’
956 1209 1133 1256 Εὐριπίδῃ·
1167 1209 1234 1243 ἐκεῖ

180 1263 246 1310 γὰρ
263 1265 414 1300 τοιοῦτος
437 1262 477 1308 ἦν
501 1263 701 1306 σπουδάζων
724 1263 778 1297 καὶ
802 1265 939 1298 τοιαῦτα
958 1262 1054 1310 λέγει
1071 1263 1156 1310 πρὸς
1173 1263 1232 1297 τὸν

181 1317 310 1352 Μίνωα.
339 1319 444 1352 κ.τ.λ.

233 1366 361 1418 (387.)
382 1384 413 1414 5.
443 1368 637 1416 Aristoph.
659 1368 754 1405 Ran.
775 1368 852 1406 473
873 1381 953 1417 sqq.

283 1424 365 1459 Τοία
383 1425 510 1471 Στυγός
528 1438 571 1459 σε
587 1423 848 1470 μελανοκάρδιος
864 1424 971 1470 πέτρα

282 1477 498 1525 Ἀχερόντιός
515 1491 552 1512 τε
570 1478 739 1513 σκόπελος
757 1477 1008 1524 αἱματοσταγὴς

283 1532 489 1579 φρουροῦσι,
509 1533 668 1566 Κωκυτοῦ
686 1546 724 1566 τε
740 1531 939 1578 περίδρομοι
958 1530 1064 1570 κύνες,

274 1583 421 1631 ’Έχιδνά
439 1585 472 1620 θ’
493 1584 776 1631 ἑκατογκέφαλος,
795 1584 814 1630 ἦ
833 1585 875 1619 τὰ
893 1585 1077 1631 σπλάγχνα
1095 1599 1160 1619 σου

283 1639 518 1686 διασπαράξει,
537 1639 732 1684 πνευμόνων
749 1637 778 1673 τ’
798 1638 987 1684 ἀνθάψεται

281 1693 453 1739 Ταρτησία
470 1691 624 1739 μύραινα·
654 1693 701 1727 τὼ
719 1692 834 1739 νεφρὼ
852 1692 892 1727 δέ
909 1707 974 1728 σου

282 1746 436 1782 αὐτοῖσιν
454 1746 639 1794 ἐντέροισιν
656 1745 861 1791 ᾑματωμένω

267 1801 530 1836 ,διασπάσονται
548 1801 714 1847 Γόργονες
730 1799 920 1847 Τιθράσιαι,

747 1852 757 1864 ι

289 1853 468 1869 ’’’’’

1165 1803 1228 1843 480

178 1904 290 1942 Plura
314 1904 353 1941 in
378 1905 436 1941 his
462 1905 580 1941 latent
606 1904 806 1953 Euripidea
836 1909 875 1941 at
905 1902 1096 1951 expiscatu
1127 1903 1227 1940 haud

174 1957 304 1994 facilia.
326 1958 374 1994 cf.
401 1958 516 1994 schol.
543 1957 591 1994 ad
613 1970 668 1994 VS.
694 1958 786 1995 473.
814 1959 1144 2006 μελανοκάρδιος·
1172 1960 1227 1994 διὰ

174 2014 214 2048 τὸ
240 2014 299 2058 τῆς
325 2013 449 2058 λέξεως
475 2014 629 2060 φοβερὸν
656 2027 728 2047 ειπε
753 2012 1015 2060 μελανοκάρδιος
1041 2012 1159 2059 πέτρα
1188 2014 1227 2048 οὐ

1201 794 1240 816 10

2254 295 2334 338 677

1465 399 1504 437 ἵν’
1525 400 1599 447 ἐμοὶ
1615 401 1796 449 πράγματα
1812 401 1954 443 βόσκειν
1970 400 2142 448 παρέχῃς;

1384 460 1430 491 Χ.
1469 454 1630 500 ἀνόνητον
1649 455 1700 502 ἄρ’
1720 454 1747 490 ὦ
1764 455 1823 491 θυ-

1463 509 1581 544 λάκιόν
1599 508 1633 545 ‹r'
1653 505 1747 555 εἶχον
1763 508 1913 556 ἄγαλμα.

1277 560 1444 597 Adnotat
1473 559 1718 597 scholiastes:
1747 563 1962 610 πράγματα
1987 564 2168 605 βόσκειν·
2204 562 2244 599 ‘O
2271 564 2332 598 λό-

1274 630 1336 663 γος
1357 615 1394 651 ἐκ
1413 615 1554 661 Θησέως
1578 616 1775 663 Εὐριπίδου.
1806 617 1873 652 ἐκεῖ
1894 617 1961 663 γὰρ
1982 619 2087 652 ταῦτα
2112 617 2276 665 λέγουσιν
2302 619 2335 652 οἱ

1274 670 1471 715 ταττόμενοι
1488 670 1606 706 παῖδες
1625 670 1671 706 εἷς
1687 671 1796 717 βορὰν
1813 673 1860 718 τῷ
1879 669 2100 719 Μινωταύρῳ.
2129 671 2169 706 τὸ
2187 671 2226 706 δὲ
2244 672 2332 717 ἑξῆς,

1273 722 1313 758 τὸ
1341 722 1535 768 ἀνόνητον
1561 723 1645 771 ἄρα,
1664 723 1867 760 Ἱππόλυτός
1885 724 1979 760 ἐστιν
1996 725 2015 759 ὁ
2032 724 2144 772 λέγων
2162 724 2228 760 ἐκεῖ

1380 776 1540 822 ἀνόνητον
1557 777 1704 824 ἄγαλμα,
1724 778 1842 825 πάτερ,

1384 829 1508 865 οἴκοισι
1525 833 1639 866 τεκών.

1329 881 1457 931 (391.)
1476 898 1510 929 9.
1531 881 1703 919 Stobaeus
1722 882 1791 925 IX,
1814 887 1849 920 8.

1379 939 1552 984 Κρεῖσσον
1570 938 1607 972 δὲ
1624 937 1776 973 πλούτου
1796 939 1849 973 καὶ
1866 937 2089 986 πολυχρύσου
2107 940 2228 986 χλιδῆς

1377 990 1508 1038 ἀνδρῶν
1526 991 1661 1026 δικαίων
1678 991 1832 1038 κάγαθῶν
1848 993 2042 1039 παρουσίαι.

1326 1042 1453 1089 (392.)
1478 1059 1528 1081 ιο.
1551 1042 1722 1079 Stobaeus
1741 1043 1862 1085 XLV,
1886 1046 1919 1080 l.

1374 1096 1476 1144 Ἀνὴρ
1494 1098 1560 1146 γὰρ
1579 1097 1676 1134 ὅστις
1692 1099 1873 1145 χρημάτων
1890 1099 1951 1144 μὲν
1970 1100 2092 1144 ἐνδεὴς,

1378 1151 1504 1197 δρᾶσαι
1522 1152 1559 1186 δέ
1576 1152 1666 1198 χειρὶ
1685 1152 1836 1192 δυνατὸς,
1857 1153 1916 1187 οὐκ
1934 1153 2095 1199 ἀνέξεται,

1369 1206 1412 1240 τὰ
1429 1209 1495 1241 τῶν
1513 1204 1543 1240 δ’
1563 1205 1710 1251 ἐχόντων
1726 1205 1877 1253 χρήμαθ’
1898 1207 2057 1254 ἁρπάζειν
2075 1207 2183 1253 φιλεῖ.

1692 1352 1905 1382 ΘΥΕΣΤΗΣ.

1321 1426 1449 1477 (393.)
1471 1445 1500 1466 1.
1523 1428 1694 1466 Stobaeus
1711 1430 1836 1475 XCII,
1857 1435 1894 1469 3.

1371 1484 1529 1520 Πλούτου
1549 1485 1577 1520 δ’
1597 1485 1822 1532 ἀπορρυέντος
1840 1487 1994 1524 ἀσθενεῖς
2011 1489 2127 1535 γάμοι·

1372 1538 1432 1582 τὴν
1449 1539 1510 1583 μὲν
1527 1540 1594 1585 γὰρ
1613 1539 1781 1585 εὐγένειαν
1798 1541 1951 1576 αἰνοῦσιν
1967 1544 2100 1589 βροτοὶ,

1371 1593 1504 1635 μᾶλλον
1522 1593 1559 1626 δέ
1579 1592 1756 1636 κηδεύουσι
1774 1596 1844 1630 τοῖς
1862 1595 2069 1640 εὐδαίμοσιν.

1320 1641 1447 1690 (394.)
1470 1659 1500 1680 2.
1524 1643 1697 1680 Stobaeus
1715 1644 1901 1690 XCVIII,
1923 1648 1985 1682 21.

1688 1700 1717 1734 εἶ
1735 1699 1765 1734 δ’
1784 1700 1863 1747 ἅτερ
1881 1703 1993 1736 πόνων

1370 1752 1477 1788 δοκεῖς
1495 1753 1648 1793 ἔσεσθαι,
1668 1757 1780 1800 μῶρος
1797 1751 1837 1795 εἶ,
1858 1755 1976 1800 θνητὸς
1993 1757 2112 1802 γεγώς.

1317 1802 1446 1853 (395.)
1472 1819 1504 1849 3.
1534 1803 1651 1841 Gaisf.
1672 1805 1845 1853 Append.
1867 1806 2029 1842 Florent.
2050 1807 2096 1842 ad
2126 1805 2314 1845 Stobaeum

1267 1858 1326 1898 11,
1351 1856 1411 1892 19.

1368 1912 1407 1945 οὐ
1425 1911 1553 1948 πώποτ’
1573 1913 1674 1960 ἔργου
1691 1915 1824 1958 μᾶλλον
1842 1916 1980 1960 εἱλόμην
1996 1915 2132 1962 λόγους.

1315 1963 1420 2008 (396.
1426 1962 1440 2012 )
1468 1980 1501 2009 4.
1532 1965 1659 2001 Orion.
1685 1964 1916 2014 Anthologn.
1946 1965 2035 2008 VII,
2065 1970 2102 2008 4,
2131 1980 2168 2015 p.
2198 1970 2242 2003 51
2277 1974 2314 2005 et

1260 2020 1344 2063 post
1380 2016 1438 2051 tit.
1478 2017 1588 2060 VIII,
1625 2018 1761 2066 farrag.
1793 2018 1958 2067 Euripid.
2001 2021 2059 2062 19,
2096 2032 2133 2068 p.
2164 2023 2214 2060 57
2252 2021 2310 2057 ed.

173 2067 240 2114 γὰρ
267 2082 339 2112 εχει
366 2066 503 2113 καρδίαν
528 2066 548 2111 ἡ
575 2066 693 2113 πέτρα.
724 2066 760 2101 ἐκ
786 2067 983 2133 μεταφορᾶς
1009 2069 1076 2101 τῶν
1102 2066 1228 2114 ἀγρίων
1262 2067 1492 2105 Ξοὶιῐὶθίᾶθῦν

174 2120 368 2167 ἀνθρώπων,
389 2135 446 2156 ους
463 2121 518 2155 διὰ
541 2119 601 2164 τὴν
626 2120 769 2155 ἐνοῦσαν
792 2121 905 2157 αὐτοῖς
923 2120 1104 2166 ἀγριότητα
1121 2122 1225 2165 μελα-

174 2174 369 2221 νοκαρδίους
397 2174 500 2220 φασί.
539 2169 596 2220 [ἐκ
628 2172 770 2219 Θησέως
797 2174 983 2221 Εὐριπίδου
1015 2171 1118 2207 addit
1141 2171 1222 2207 cod.

174 2224 272 2262 Flor.
295 2224 360 2276 O.]
388 2228 442 2262 καὶ
468 2228 510 2263 τὰ
536 2227 597 2273 μὲν
624 2228 730 2275 ἑαυτῷ
756 2228 914 2263 πλάττων
939 2226 1046 2272 λέγει,
1066 2226 1108 2260 τὰ
1135 2226 1163 2261 δ’
1191 2227 1226 2260 ἐκ

174 2280 372 2327 Εὐριπίδου,
408 2282 495 2328 πρὸς
529 2282 644 2327 φόβον
681 2279 860 2316 Διονύσου.
864 2277 1046 2315 -SchoL
1085 2277 1133 2313 ad
1167 2290 1222 2315 vs.

174 2332 265 2374 476,
294 2330 409 2383 (fgm.
439 2331 509 2370 VI.
513 2330 712 2378 )—-Schol.
743 2332 791 2368 ad
816 2345 871 2368 vs.
901 2330 991 2368 478.
1021 2333 1226 2378 Ταρτησία

173 2386 355 2434 μύραινα·
383 2386 537 2435 μύραινα,
557 2387 683 2432 δαίμων
700 2388 849 2434 φοβερά·
877 2386 970 2433 παρὰ
986 2383 1025 2421 τὸ
1043 2384 1223 2432 μύρεσθαι.

172 2442 265 2487 παρὰ
294 2442 338 2476 τὰ
364 2440 400 2475 ἐν
425 2456 472 2490 τῳ
500 2443 608 2485 Θησεῖ
634 2441 831 2487 Εὐριπίδου
848 2459 903 2464 -
925 2457 978 2463 —·
1000 2438 1074 2474 ἀντὶ
1101 2439 1138 2473 δὲ
1165 2443 1224 2475 τοῦ

174 2494 279 2530 εἰπεῖν
314 2494 484 2541 ἔχιδναν,
517 2493 678 2541 μύραιναν
709 2491 793 2529 εἷπε.
839 2494 878 2528 τὸ
913 2492 980 2538 γὰρ
1012 2491 1138 2539 Στυγὸς
1169 2493 1224 2528 ἐπι

172 2549 322 2593 πλησίον
347 2544 420 2583 εἶπε
442 2546 585 2584 τούτοις.
614 2548 690 2583 ἔστι
714 2548 751 2582 δε
777 2549 882 2583 ταῦτα
899 2545 935 2580 ἐν
953 2547 1062 2590 Θησει
1083 2560 1223 2592 πεποιη-

171 2601 256 2646 μένα
283 2601 460 2649 Εὐριπίδῃ.
490 2601 556 2636 ἐκεῖ
589 2602 656 2648 γὰρ
684 2602 836 2636 τοιοῦτός
867 2599 941 2634 ἐστι
973 2599 1173 2643 σπουδάζων
1204 2602 1223 2635 ὁ

172 2655 355 2702 Εὐριπίδης
372 2652 444 2691 οἷος
461 2654 602 2690 ἐνταῦθα
618 2654 755 2697 παίζων.

225 2704 352 2755 (388.)
372 2711 405 2743 6.
435 2704 560 2743 Schol.
581 2705 698 2741 Arist.
716 2705 815 2742 Ran.
835 2703 926 2741 476.
954 2705 994 2741 ‘O
1009 2708 1112 2743 τόπος
1126 2706 1223 2744 οὗτος

170 2762 262 2809 παρὰ
278 2761 321 2796 τὰ
339 2761 374 2796 ἐν
393 2762 501 2805 Θησεῖ
517 2761 715 2808 Εὐριπίδου*

275 2815 360 2861 κάρα
376 2829 414 2850 τε
430 2814 496 2861 γάρ
515 2829 581 2849 σου
600 2816 737 2861 συγχεῶ
757 2815 873 2859 κόμαις
891 2814 988 2858 ὁμοῦ,

275 2867 364 2915 ρανῶ
381 2883 419 2903 τε
436 2866 555 2903 πεδόσ’
575 2867 778 2914 ἐγκέφαλον,
798 2866 954 2912 ὀμμάτων
972 2866 1000 2902 δ’
1021 2867 1087 2902 ἅπο

276 2923 476 2968 αἱμοσταγεῖ
491 2922 666 2968 πρηστῆρε
683 2919 861 2967 ῥεύσονται
880 2921 978 2955 κάτω.

224 2969 350 3019 (389.)
379 2987 409 3018 7.
441 2972 543 3009 Plut.
569 2971 633 3008 vit.
661 2971 773 3008 Thes.
801 2983 833 3007 c.
865 2973 925 3012 15,
959 2972 1010 3019 (p.
1038 2972 1059 3006 6
1092 2972 1128 3008 D
1159 2971 1216 3008 ed.

1365 2129 1502 2170 Γνωμης
1517 2139 1584 2171 γαρ
1603 2126 1701 2160 οὐδὲν
1719 2126 1817 2172 ἁρετὴ
1837 2128 2036 2173 μονουμένη·

1315 2175 1438 2221 (397.)
1467 2192 1498 2221 5.
1527 2175 1656 2213 Orion.
1687 2178 1919 2227 Anthologn.
1949 2179 1997 2220 V,
2029 2182 2064 2222 6,
2092 2192 2130 2228 p.
2160 2180 2210 2217 47
2249 2181 2305 2218 ed.

1261 2227 1490 2264 Schneidew.

1366 2285 1454 2317 Θεοῦ
1472 2283 1634 2320 θέλοντος
1653 2284 1712 2320 κᾶν
1731 2285 1786 2320 ἐπι
1803 2285 1901 2332 ῥιπὸς
1918 2286 2049 2324 πλέοις

1314 2333 1419 2380 (398.
1425 2335 1440 2380 )
1467 2340 1499 2371 6.
1538 2334 1667 2373 Orion.
1696 2336 1929 2386 Anthologn.
1958 2338 2007 2380 V,
2040 2339 2074 2381 7,
2102 2352 2140 2387 p.
2169 2341 2218 2377 47
2248 2339 2305 2377 ed.

1260 2386 1489 2424 Schneidew.

1363 2442 1469 2476 01'11<'‘
1450 2457 1546 2479 εστιν
1563 2443 1661 2479 οὐδὲν
1677 2445 1783 2491 χωρὶς
1800 2444 1988 2492 ἀνθρώποις
2007 2446 2102 2482 θεῶν.

1363 2497 1596 2542 σπουδάζομεν
1614 2497 1651 2532 δέ
1664 2498 1771 2533 πόλλ’
1790 2498 1845 2533 ὑπ’
1861 2499 2010 2535 ἐλπίδων
2027 2502 2133 2546 μάτην

1358 2550 1483 2586 πόνους
1501 2552 1635 2596 ἔχοντες
1653 2552 1751 2586 οὐδέν
1769 2552 1894 2589 εἰδότες
1912 2554 2035 2600 σαφὲς.

1311 2599 1445 2650 (399.)
1466 2614 1496 2648 7.
1517 2601 1671 2639 Aristot.
1694 2603 1808 2639 Rhet.
1831 2603 1880 2648 ΙΙ,
1903 2606 1964 2640 23.

1359 2654 1457 2691 Ἀλλ’
1478 2655 1571 2704 εἴπερ
1590 2657 1684 2692 ἐστὶν
1702 2658 1736 2693 ἐν
1753 2660 1890 2705 βροτοῖς
1907 2659 2136 2706 ψευδηγορεῖν

1362 2709 1513 2751 πιθανὸν,
1534 2711 1678 2755 νομίζειν
1695 2710 1760 2758 χρὴ
1777 2727 1817 2759 γε
1826 2714 1881 2749 καὶ
1891 2713 2092 2749 τούναντίον,

1360 2762 1474 2798 ἄπιστ’
1494 2764 1601 2809 ἀληθῆ
1619 2766 1734 2799 πολλὰ
1753 2767 1951 2811 συμβαίνειν
1967 2769 2117 2813 βροτοῖς.

1784 2892 1874 2921 INQ.

1306 2968 1430 3018 (400.)
1464 2984 1493 3006 1.
1524 2968 1649 3008 Schol.
1673 2970 1781 3007 Pind.
1803 2972 1897 3008 Isth.
1943 2972 2012 3016 IV,
2045 2975 2093 3009 39
2121 2973 2168 3009 ad
2193 2973 2304 3010 verba

171 3025 318 3072 Franc.)
337 3028 414 3064 τοὺς
438 3027 474 3062 δὲ
499 3027 620 3064 παῖδας
646 3027 692 3062 εἷς
710 3025 842 3073 Κρήτην
866 3025 1098 3071 κομιζομένους
1116 3029 1135 3061 ὁ
1159 3027 1220 3071 μὲν
1252 3024 1483 3070 poetam—gv
1503 3023 1608 3073 ὕπνῳ
1634 3027 1708 3072 γὰρ
1735 3025 1870 3062 πέσεν·
1912 3028 1997 3062 ἀλλ’
2018 3028 2303 3075 ἀνεγειρομένα

170 3085 413 3127 τραγικώτατος
438 3081 543 3126 μῦθος
580 3079 760 3126 ἀποφαίνει
787 3080 846 3114 τὸν
870 3080 1087 3125 Μινώταυρον
1112 3080 1147 3114 ἐν
1173 3082 1219 3127 τῷ
1251 3080 1384 3124 χρῶτα
1414 3077 1562 3123 λάμπει
1590 3076 1784 3114 adscribit:
1823 3083 1870 3129 τῷ
1897 3082 1985 3129 αὐτῷ
2012 3084 2125 3129 τρόπῳ
2155 3082 2206 3116 καὶ
2235 3082 2302 3115 Εὐ-

170 3135 369 3182 Λαβυρίνθῳ
396 3134 614 3180 διαφθείρειν,
633 3133 652 3178 ἢ
679 3132 916 3178 πλανωμένους
939 3133 1060 3169 αὐτοὺς
1084 3134 1137 3168 καὶ
1161 3147 1219 3167 τυ-
1251 3130 1384 3177 ριπίδης
1402 3130 1570 3176 κέχρηται·

169 3189 243 3232 χεῖν
269 3188 388 3232 ἐξόδου
422 3188 466 3232 μὴ
494 3187 695 3232 δυναμένους
722 3186 790 3221 ε’κεῖ
818 3185 1067 3231 καταθνήσκειν,
1096 3187 1156 3222 τὸν
1182 3186 1219 3220 δέ

170 3242 397 3288 Μινώταυρον,
418 3241 534 3286 ὥσπερ
553 3240 735 3287 Εὐριπίδης
751 3240 853 3286 φησὶ,

275 3293 460 3340 Σύμμικτον
478 3291 565 3330 εἶδος
583 3293 803 3339 κάποφώλιον
819 3292 952 3340 βρέφος

169 3347 350 3396 γεγονέναι,
370 3348 424 3382 καὶ

273 3400 404 3448 Ταύρου
421 3400 581 3447 μεμίχθαι
600 3400 653 3435 καὶ
670 3401 796 3447 βροτοῦ
815 3400 917 3444 διπλῇ
935 3398 1050 3446 φύσει.

222 3451 349 3502 (390.)
369 3459 400 3489 8.
419 3451 534 3488 Arist.
554 3451 670 3498 Vesp.
692 3453 767 3487 312
789 3463 841 3499 sq.

276 3512 322 3542 Π.
351 3508 385 3542 τί
402 3521 443 3549 με
461 3506 543 3550 δῆτ’,
565 3505 590 3540 ὦ
607 3505 712 3552 μελέα
729 3507 844 3552 μῆτερ,
863 3506 999 3548 ἔτικτες,

1357 3183 1494 3219 Ἰδοῦσα
1512 3185 1541 3219 δ’
1561 3184 1666 3222 Ἰνοῦς
1684 3187 1867 3234 συμφορὰν
1884 3188 1993 3223 πολὺν
2010 3186 2134 3232 χρόνον

1359 3251 1416 3271 νυν
1434 3237 1510 3284 ὄμμ’
1531 3238 1662 3285 ἐγείρει.

1306 3286 1434 3336 (401.)
1456 3304 1485 3325 2.
1507 3290 1677 3326 Stobaeus
1695 3290 1952 3334 LXXXVIII,
1973 3296 2010 3329 9.

1748 3348 1788 3381 τό
1806 3346 1834 3381 τ’
1855 3348 1985 3393 εὐγενές

1353 3398 1487 3444 πολλὴν
1503 3398 1643 3434 δίδωσιν
1660 3399 1781 3440 ἐλπίδ’,
1802 3400 1846 3436 ὡς
1863 3400 2006 3446 ἄρξουσι
2024 3402 2096 3446 γῆς.

1304 3448 1433 3498 (402.)
1453 3467 1486 3496 3.
1508 3448 1679 3486 Stobaeus
1697 3450 1960 3492 LXXXVIII,
1986 3454 2043 3487 10.

1357 3505 1423 3550 Τὴν
1440 3504 1607 3552 εὐγένειαν
1625 3506 1684 3540 κᾶν
1702 3505 1857 3552 ἄμορφος
1874 3503 1895 3551 ᾗ
1911 3508 2030 3553 γάμος,
