2488 3860
237 308 319 352 682

340 411 500 448 Δέσποτα
512 412 708 458 φιλόδαφνε
721 410 1143 458 Βάκχε,Παιὰν”Απολλον
1154 416 1286 461 εὕλυρε.

286 463 413 516 (481.)
439 478 471 511 5.
499 464 669 501 Stobaeus
693 462 774 501 Ecl.
802 462 917 514 Phys.
938 465 1024 502 Vol.
1060 467 1092 508 1,
1119 467 1156 508 5,
1184 468 1207 503 6
1249 478 1286 514 p.

235 519 309 557 156
328 517 388 555 ed.
409 517 524 555 Heer.

337 574 385 609 Τὸ
403 574 462 618 τῆς
479 573 622 621 ἀνάγκης
641 573 680 608 οὗ
697 569 812 620 λέγειν
829 571 915 609 ὅσον
934 574 1043 621 ζυγόν.

287 625 414 673 (482.)
435 631 467 663 6.
489 625 656 674 Hesych.
686 627 886 674 Θριάζειν,
910 629 1155 676 φυλλολογεῖν,
1175 628 1288 663 ἐνθου-

232 683 322 724 σιᾶν,
352 680 591 724 ἐνθουσιάζειν.
625 679 808 728 Εὐριπίδης
835 682 1003 730 Λικυμνίῳ
1032 683 1086 717 καὶ
1113 683 1291 729 Σοφοκλῆς

230 733 400 772 Ὀδυσσεῖ
425 733 634 783 Μαινομένῳ.
664 731 711 769 cf.
735 732 861 781 Etym.
886 731 943 770 M.
971 745 1008 782 p.
1038 735 1127 770 455.
1155 733 1287 771 Herm.

232 787 280 826 ad.
298 786 413 826 Hom.
430 786 559 838 hymn.
580 785 699 823 Mero.
721 787 813 823 552.

613 938 907 969 MEAANIHHH.

283 1001 478 1051 Euripides
506 1001 598 1038 duas
628 1001 740 1051 hujus
770 1001 929 1038 nominis
953 1002 1096 1039 fabulas
1129 1003 1286 1053 scripsit,

230 1055 385 1092 alteram
412 1056 678 1102 Μελανίππης
704 1059 772 1103 τῆς
799 1059 942 1104 σοφῆς,
973 1055 1127 1093 alteram
1155 1061 1286 1095 Μελα-

230 1111 375 1157 νίππης
402 1111 658 1157 δεσμώτιδος
675 1108 823 1145 nomine
842 1108 1069 1157 inscriptam,

512 1162 544 1201 Ι.
566 1164 809 1210 Μελανίππη
837 1163 857 1209 ἡ
885 1162 1012 1211 σοφή·

286 1216 413 1263 (483.)
447 1234 475 1254 1.
503 1216 600 1253 Plut.
627 1217 795 1253 Amator.
826 1215 938 1258 XIII,
965 1219 1003 1260 4,
1032 1216 1085 1265 (p.
1115 1217 1190 1254 756
1221 1214 1286 1265 Β.)

226 1271 377 1309 Ἀκούεις
395 1272 432 1308 δὲ
451 1271 559 1318 δήπου
576 1273 636 1308 τὸν
654 1272 849 1319 Εὐριπίδην,
869 1272 914 1309 ὡς
932 1271 1121 1320 ἐθορυβήθη
1139 1273 1286 1316 ποιησά-

228 1341 326 1373 μενος
344 1326 451 1374 ἇρχὴν
468 1329 526 1373 τῆς
545 1327 765 1371 Μελανίππης
784 1326 906 1371 ἐκείνης

335 1382 427 1422 Ζεὺς,
448 1381 487 1416 οὗ
504 1381 571 1428 γὰρ
590 1377 664 1416 οἶδα
681 1380 772 1425 πλὴν
789 1381 894 1428 λόγῳ,

228 1436 428 1481 μεταλαβὼν
446 1434 484 1469 δέ
500 1435 606 1481 χορὸν
624 1434 732 1469 ἄλλον
753 1429 906 1483 [ἐθάρρει
923 1431 1038 1482 (γὰρ),
1059 1434 1104 1472 ὡς
1121 1435 1219 1477 ἕοικε,
1239 1438 1285 1484 τῷ

228 1489 370 1536 δράματι
383 1487 604 1537 γεγραμμένῳ
622 1492 853 1535 πανηγυρικῶς
870 1487 924 1523 καὶ
941 1483 1138 1536 περιττῶς],
1153 1489 1287 1535 ἤλλαξε

227 1544 287 1579 τὸν
305 1543 439 1589 στίχον,
459 1543 504 1579 ὡς
522 1545 580 1578 νῦν
596 1542 784 1590 γέγραπται

334 1597 427 1636 Ζεὺς,
447 1596 492 1633 ὧς
508 1597 668 1631 λέλεκται
686 1598 745 1641 τῆς
763 1595 920 1640 ἀληθείας
938 1594 1016 1632 ὕπο.

227 1648 397 1687 Priorem
409 1660 556 1684 versum
568 1648 717 1696 plenum
730 1647 906 1684 exhibent
918 1647 1069 1685 Lucian.
1084 1647 1108 1685 J
1111 1661 1170 1686 ov,
1184 1654 1282 1698 trag.

228 1704 291 1738 41.
315 1701 374 1751 (T.
406 1701 460 1745 II,
485 1715 522 1750 p.
555 1702 628 1738 689
655 1700 776 1737 Reitz.
802 1700 846 1737 Τ.
869 1700 920 1747 ΙΙ,
941 1714 977 1749 p.
1000 1703 1074 1738 505
1097 1702 1154 1738 ed.
1176 1703 1284 1739 Jaco-

227 1753 335 1802 bitz.)
354 1754 544 1803 Athenag.
566 1754 699 1803 Legat.
715 1754 760 1790 de
780 1753 920 1791 Christ.
942 1768 979 1803 p.
998 1756 1047 1791 23
1067 1754 1126 1791 ed.
1149 1755 1282 1793 Colon.

227 1808 280 1857 (p.
308 1810 383 1844 283
405 1808 453 1845 D.
481 1808 539 1844 ed.
569 1808 671 1856 Hag.
700 1805 829 1856 Com.)
854 1806 991 1846 Justin.
1020 1807 1135 1845 Mart.
1161 1822 1197 1858 p.
1218 1812 1282 1847 41.

228 1860 306 1911 (qui
323 1861 446 1897 locum
461 1874 507 1898 ex
523 1861 679 1899 Hecuba
695 1860 784 1897 citat
797 1861 1036 1910 conjunctum
1051 1874 1135 1898 cum
1149 1862 1283 1900 Troad.

227 1926 282 1951 vs.
305 1913 412 1964 886.)
431 1930 433 1932 ·

332 1970 423 2013 Ζεὺς,
445 1970 541 2007 ὅστις
559 1972 578 2005 ὁ
599 1970 691 2007 Ζεὺς’
722 1971 761 2005 οὗ
779 1971 846 2018 γὰρ
865 1967 941 2006 οἶδα
958 1971 1048 2017 πλὴν
1065 1972 1159 2021 λόγῳ

333 2023 454 2060 κλύων.

279 2075 449 2112 Eundem
477 2076 590 2113 habet
618 2076 800 2125 Hermog.
828 2080 906 2126 περὶ
941 2079 1060 2125 μεθοδ.
1095 2080 1217 2116 δεινοτ.
1247 2078 1285 2115 in

229 2128 347 2166 VValz.
370 2130 479 2166 Rhet.
502 2129 568 2166 Gr.
591 2128 664 2171 III,
683 2143 720 2178 p.
742 2131 819 2166 434
838 2130 882 2172 B,
904 2134 941 2166 et
967 2130 1119 2167 dimidio
1145 2132 1283 2168 auctio-

227 2194 304 2218 rem
322 2183 462 2230 praebet
495 2182 610 2231 Greg.
634 2183 802 2220 Corinth.
820 2189 1020 2221 comment.
1040 2184 1079 2220 in
1099 2184 1282 2233 Hermog.

228 2235 282 2285 (in
301 2235 426 2272 Reisk.
442 2237 547 2273 Orat.
564 2236 681 2277 XIII,
694 2249 730 2284 p.
750 2234 857 2284 949.)
871 2236 909 2272 in
923 2236 1045 2274 Walz.
1063 2237 1179 2274 Rhet.
1196 2238 1282 2280 VII,

227 2301 262 2336 q.
287 2291 399 2325 1312-
420 2291 454 2327 ἐν
472 2292 509 2327 δὲ
527 2295 567 2336 τῇ
588 2292 790 2337 Μελανίππῃ
808 2293 1008 2341 παρεισάγει
1026 2292 1149 2338 ταύτην
1166 2308 1284 2341 προοι-

229 2344 426 2390 μιαζομένην

333 2399 424 2441 Ζεὺς,
445 2400 489 2436 ὡς
506 2400 667 2436 λέλεκται
685 2402 744 2446 τῆς
762 2400 919 2446 ἀληθείας
937 2398 1013 2442 ὕπο,

326 2451 466 2498 Ἕλλην’
487 2454 592 2489 ἔτικτε
612 2451 758 2504 [Αἴολον
776 2452 987 2488 addendum
1004 2451 1167 2500 videtur]
1229 2484 1234 2492 .

282 2504 408 2551 (484.)
441 2521 471 2542 2.
502 2505 620 2541 Clem.
647 2505 756 2543 Alex.
786 2504 924 2542 Strom.
954 2506 987 2548 I,
1018 2506 1077 2542 15.
1107 2509 1124 2551 §
1155 2507 1202 2543 73
1227 2506 1278 2555 (p.

230 2557 301 2594 361
342 2556 403 2605 P).
485 2558 632 2607 (cyrill.
673 2572 705 2596 c.
744 2558 877 2596 Julian.
917 2558 988 2602 IV,
1026 2572 1061 2607 p.
1104 2561 1179 2596 134
1215 2559 1282 2608 B.)

228 2611 331 2647 Ἰππὼ
350 2613 386 2648 δὲ
404 2613 423 2658 ἡ
447 2614 594 2661 θυγάτηρ
616 2617 675 2650 τοῦ
694 2613 884 2661 Κενταύρου
906 2613 976 2661 (sc.
996 2614 1179 2661 Χείρωνος)
1201 2631 1281 2650 συν·

227 2666 397 2711 οικὴσασα
417 2667 529 2716 Αἰόλῳ
554 2669 730 2712 ἐδιδάξατο
755 2669 856 2704 αὐτὸν
878 2668 939 2713 τὴν
965 2669 1116 2715 φυσικὴν
1144 2669 1284 2717 θεωρίαν

228 2720 286 2763 τὴν
312 2721 452 2767 πάτριον
480 2721 677 2768 ἐπιστήμην.
722 2724 884 2770 μαρτυρεῖ
909 2723 963 2757 καὶ
990 2723 1172 2770 Εὐριπίδης
1206 2724 1284 2771 περὶ

228 2774 286 2818 τῆς
303 2772 438 2811 Ἱπποῦς
458 2775 523 2810 ὧδέ
539 2786 622 2813 πως·

336 2827 354 2872 ἣ
372 2832 488 2875 πρῶτα
505 2830 566 2874 μὲν
583 2831 625 2865 τὰ
644 2830 716 2865 θεῖα
733 2829 1031 2876 προύμαντεύσατο

333 2884 522 2926 χρησμοῖσι
541 2884 693 2929 σαφέσιν
707 2883 859 2930 ἀστέρων
877 2883 929 2919 ἐπ’
949 2884 1117 2921 ἀντολαῖς.

282 2931 407 2980 (485.)
427 2949 461 2978 3.
484 2932 614 2980 Steph.
632 2936 723 2982 Byz.
740 2948 776 2971 V.
794 2938 935 2972 Βοιωτία
949 2935 995 2972 de
1010 2936 1156 2973 Boeoto.
1179 2944 1281 2974 Νικο-

230 2989 348 3033 κράτης
372 2988 411 3022 δέ
436 2989 555 3034 φησιν,
576 2988 628 3025 ὅτι
655 2991 869 3028 Ποσειδῶνος
897 2991 950 3026 καὶ
966 2989 1093 3037 Ἀρνης
1122 2990 1162 3036 ἦν
1188 2995 1279 3029 παῖς.

230 3059 281 3065 --
298 3058 350 3065 —
369 3059 422 3066 —-
439 3042 492 3076 καὶ
512 3043 705 3089 Εὐριπίδης·

335 3095 401 3129 Τὸν
418 3094 447 3129 δ’
467 3095 556 3141 ἀμφὶ
574 3099 658 3138 βοῦν
676 3096 817 3143 ῥιφέντα
837 3099 983 3134 Βοιωτὸν
1002 3100 1115 3133 καλεῖν
1133 3118 1186 3124 —-

282 3143 410 3195 (486.)
430 3162 462 3191 4.
484 3147 674 3195 Aristoph.
695 3148 783 3196 Lys.
809 3151 920 3186 1126.

336 3200 425 3247 Ἐγὼ
442 3201 524 3247 γυνὴ
543 3202 604 3246 μέν
622 3202 699 3247 εἶμι,
721 3206 797 3239 νοῦς
815 3203 846 3238 δ’
867 3205 979 3240 ἔνεστί
995 3219 1064 3250 μοι.
1112 3241 1118 3245 ,
1297 3184 1301 3281 ›

335 3254 433 3299 αὐτὴ
461 3254 495 3290 δ’
525 3255 688 3300 ἐμαυτῆς
715 3257 760 3290 οὐ
788 3261 911 3294 κακῶς
937 3260 1095 3305 γνώμης
1122 3260 1210 3306 ἔχω.

335 3308 413 3344 τοὺς
432 3307 460 3343 δ’
481 3309 516 3343 ἐκ
533 3311 661 3356 πατρός
678 3324 713 3343 τε
734 3310 786 3344 καὶ
803 3311 1005 3358 γεραιτέρων
1022 3314 1148 3359 λόγους

335 3362 485 3398 πολλοὺς
503 3361 668 3397 ἀκούσασ’
689 3363 728 3397 οὐ
746 3362 966 3409 μεμούσωμαι
985 3370 1102 3402 κακῶς.

1142 303 1478 346 ΕὙΡΙΠΙΔΟΥ

1431 414 1522 450 Κούκ
1540 409 1619 458 ἐμὸς
1637 412 1656 445 ὁ
1673 410 1791 457 μῦθος,
1810 409 1888 447 ἀλλ’
1909 411 1988 458 ἐμῆς
2004 412 2130 460 μητρὸς
2147 409 2255 459 πάρα·

1431 466 1476 503 ὣς
1494 466 1635 513 οὐρανός
1651 480 1689 501 τε
1705 465 1786 515 γαῖά
1802 464 1831 500 τ’
1850 463 1890 511 ἦν
1906 464 2024 514 μορφὴ
2041 466 2113 513 μία·

1428 520 1501 556 ἐπεὶ
1519 518 1550 555 δ’
1570 515 1810 567 ἐχωρίσθησαν
1827 517 1988 564 ἀλλήλων
2005 519 2098 566 δίχα,

1429 573 1583 609 τίκτουσι
1600 573 1710 608 πάντα
1728 573 1915 609 κάνέδωκαν
1928 572 1975 610 εἷς
1992 573 2082 620 φάος

1430 627 1563 675 δένδρη,
1581 627 1729 667 πετεινὰ,
1750 627 1865 675 θῆρας,
1885 625 1944 664 οὕς
1963 625 1998 663 θ’
2017 627 2107 674 ἅλμη
2125 626 2256 675 τρέφει,

1427 680 1526 729 γένος
1543 696 1581 717 τε
1599 681 1739 726 θνητῶν.

1377 730 1507 783 (488.)
1527 738 1559 770 6.
1588 731 1764 770 Stobaeus
1792 732 1872 770 Ecl.
1899 731 2011 781 Phys.
2033 731 2063 777 Ι,
2093 735 2130 776 4,
2155 735 2215 777 14,
2240 746 2278 783 p.
2308 734 2383 778 108
2438 724 2443 728 ’
2486 730 2488 738 '

1325 786 1383 824 ed.
1407 786 1521 823 Heer.

1433 843 1568 878 Δοκεῖτε
1583 841 1694 887 πηδᾶν
1710 839 1905 888 τάδικήματ’
1925 841 1972 878 εἶς
1990 841 2088 879 θεοὺς

1430 897 1599 943 πτεροῖσι,
1618 895 1744 932 κᾶπειτ’
1765 896 1801 931 ἐν
1819 894 1899 932 Διὸς
1916 895 2042 932 δέλτου
2060 897 2203 942 πτυχαῖς

1429 950 1577 997 γράφειν
1593 948 1655 986 τιν’
1675 950 1769 993 αὐτὰ,
1790 951 1878 995 Ζῆνα
1896 949 1925 985 δ’
1945 949 2131 997 εἷσορῶντά
2149 964 2198 985 νιν

1428 1003 1560 1049 θνητοῖς
1578 1003 1746 1047 δικάζειν;
1773 1002 1844 1039 οὐδ’
1865 1005 1884 1039 ὁ
1901 1005 1967 1041 πᾶς
1985 1003 2025 1039 ἂν
2043 1003 2183 1051 οὐρανὸς

1431 1058 1512 1094 Διὸς
1528 1058 1724 1105 γράφοντος
1741 1058 1801 1094 τὰς
1817 1059 1952 1106 βροτῶν
1969 1057 2132 1105 ἁμαρτίας

1429 1111 1653 1159 ἐξαρκέσειεν,
1674 1109 1743 1147 οὐδ’
1764 1111 1888 1149 ἐκεῖνος
1905 1111 1946 1147 ἂν
1964 1113 2102 1147 σκοπῶν

1425 1165 1571 1212 πέμπειν
1589 1166 1720 1215 ἑκάστῳ
1740 1163 1870 1212 ζημίαν·
1897 1164 1975 1201 ἀλλ’
1995 1164 2015 1211 ἡ
2035 1165 2118 1211 Δίκη

1431 1219 1573 1255 ἐνταῦθά
1589 1218 1656 1255 πού
1672 1218 1763 1255 ’στιν
1781 1219 1892 1267 ἐγγὺς,
1913 1219 1943 1255 εἶ
1959 1217 2129 1260 βούλεσθ’
2149 1220 2242 1266 ὁρᾶν.

1433 1269 1583 1322 [Ταύτας
1600 1274 1662 1320 μὲν
1680 1273 1922 1322 ἀνθρώποισιν,
1944 1272 1970 1308 ὦ
1986 1272 2097 1321 γύναι,
2117 1271 2188 1309 θεοὶ

1430 1328 1538 1364 τίσεις
1556 1328 1722 1370 διδοῦσιν,
1743 1326 1801 1364 οὓς
1819 1327 1860 1363 ἂν
1878 1325 2074 1375 ἐχθαίρωσ’,
2095 1326 2167 1362 ἐπεὶ

1429 1384 1470 1416 οὔ
1488 1382 1578 1429 σφιν
1594 1383 1744 1429 πονηρόν
1762 1376 1912 1430 ἐστι-]

1377 1431 1505 1483 (489.)
1527 1446 1557 1481 7.
1580 1433 1707 1471 Schol.
1727 1433 1776 1470 ad
1793 1432 1948 1470 Aristot.
1965 1431 2092 1471 Ethic.
2108 1431 2257 1471 Nicom.
2272 1429 2322 1479 V,
2346 1433 2382 1471 1.

1320 1491 1420 1525 τοῦτο
1449 1489 1485 1524 ἐκ
1510 1491 1570 1534 τῆς
1597 1491 1713 1536 σοφῆς
1741 1488 1975 1534 Μελανίππης·
2008 1488 2103 1536 λέγει
2128 1488 2196 1536 γὰρ
2224 1487 2260 1524 ἐν
2285 1488 2382 1535 αἶα-ἣ·

1322 1542 1584 1589 δικαιοσύνης
1610 1543 1654 1579 τὸ
1691 1542 1870 1591 χρύσεον
1896 1544 2128 1590 πρόσωπον.
2185 1538 2230 1576 In
2267 1538 2384 1577 altero

2345 1340 2384 1365 ¹0

1321 1595 1403 1631 cod.
1427 1594 1546 1633 PariS.
1567 1600 1646 1632 est:
1677 1595 1940 1642 δικαιοσύνης
1966 1595 2167 1645 τηλαυγὲς
2201 1597 2384 1644 χρυσοῦν

1319 1652 1552 1698 πρόσωπον.

1375 1702 1503 1752 (490.)
1541 1709 1574 1740 8.
1603 1702 1715 1739 Dion.
1746 1702 1834 1740 Hal.
1866 1701 1983 1739 Rhet.
2013 1700 2124 1743 VIII,
2167 1702 2229 1746 10,
2281 1699 2308 1738 l.
2347 1712 2380 1738 c.

1320 1768 1465 1805 argum.
1484 1756 1558 1793 fab.
1578 1756 1679 1804 init.)
1696 1755 1924 1805 Melanippae
1948 1755 2063 1792 verba
2088 1754 2220 1791 affert:
2249 1756 2310 1793 τίς
2334 1757 2382 1792 τὰ

1319 1811 1461 1847 παιδία
1488 1811 1676 1857 ἐξέθηκεν
1700 1811 1757 1848 εἷς
1782 1812 1830 1847 τὰ
1856 1813 1926 1847 τοῦ
1952 1811 2103 1859 πατρὸς
2128 1810 2381 1858 βουφόρβια,

1321 1876 1402 1912 quae
1421 1863 1570 1912 Musgr.
1590 1863 1642 1900 sic
1660 1863 1699 1900 in
1717 1867 1878 1900 metrum
1895 1862 2015 1900 troch.
2035 1861 2202 1911 redegit:

1426 1919 1477 1956 τίς
1494 1919 1537 1954 τὰ
1553 1918 1662 1955 παιδί’
1683 1917 1838 1964 ἐξέθηκεν
1856 1918 1903 1955 εἷς
1919 1919 2048 1965 πατρὸς
2064 1917 2285 1964 βουφόρβια;

1321 1970 1443 2007 Facile
1462 1975 1586 2007 autem
1605 1975 1769 2019 apparet,
1789 1970 1889 2006 hunc
1910 1969 2034 2006 locum
2057 1981 2134 2005 non
2156 1981 2238 2006 esse
2261 1965 2381 2006 diver-

1322 2037 1404 2061 sum
1429 2024 1476 2061 ab
1501 2036 1558 2069 eo,
1579 2036 1689 2072 quem
1713 2022 1836 2073 paullo
1863 2027 1950 2071 post
1975 2022 2074 2059 idem
2101 2021 2259 2071 Dionys.
2289 2021 2379 2069 (IX,

1327 2079 1384 2114 11.
1401 2077 1449 2114 cf.
1466 2075 1631 2126 argum.)
1654 2076 1788 2122 attulit,
1806 2076 1873 2113 sed
1890 2075 2149 2112 tantummodo
2168 2074 2214 2112 ab
2232 2073 2381 2112 rhetore

1320 2142 1388 2179 pro
1405 2143 1476 2167 usu
1494 2142 1561 2167 suo
1578 2129 1730 2180 paulum
1743 2129 1980 2166 immutatum
1993 2141 2087 2165 esse.
2116 2127 2265 2177 Duplex
2281 2127 2380 2165 enim
2401 2128 2403 2132 ’

1321 2183 1497 2220 articulus
1526 2183 1678 2232 ejusque
1706 2182 1900 2219 collocatio
1938 2181 2143 2218 orationem
2169 2180 2380 2230 pedestrem

1320 2236 1456 2284 prodit.
1478 2234 1651 2272 Alterum
1671 2236 1813 2272 locum:
1844 2238 1877 2272 εἰ
1896 2237 1937 2272 δὲ
1955 2237 2153 2285 παρθένος
2174 2236 2381 2283 φθαρεῖσα

1319 2291 1482 2337 ἐξέθηκε
1513 2292 1559 2327 τὰ
1586 2291 1737 2333 παιδία,
1765 2306 1827 2326 και
1856 2291 2091 2345 φοβουμένη
2118 2291 2187 2326 τὸν
2214 2289 2379 2337 πατέρα,

1320 2346 1370 2381 σὺ
1397 2347 1526 2392 φόνον
1553 2346 1740 2393 &paitrau
1766 2342 1935 2380 versibus
1954 2342 2006 2379 sic
2030 2340 2227 2379 adstrinxit
2243 2339 2377 2380 Valck.

1320 2397 1440 2435 Diatr.
1461 2410 1497 2447 p.
1522 2399 1608 2435 183.

1772 2452 1801 2487 εἷ
1819 2452 1856 2487 δὲ
1873 2451 2039 2499 παρθένος

1425 2507 1598 2554 φθαρεῖσά
1616 2506 1647 2554 γ’
1668 2506 1822 2551 ἐξέθηκεν
1840 2506 1887 2542 εἷς
1903 2506 2114 2552 βουφόρβια,

1422 2559 1620 2607 φοβουμένη
1640 2561 1698 2596 τὸν
1715 2559 1855 2607 πατέρα,
1875 2559 1921 2595 σὺ
1939 2559 2077 2607 δράσεις
2094 2559 2203 2607 φόνον
2218 2569 2228 2601 ς

1373 2612 1502 2661 (491.)
1522 2628 1554 2660 9.
1585 2611 1775 2661 Aristoph.
1796 2611 1946 2648 Thesm.
1969 2613 2058 2651 272.

1415 2667 1568 2715 ’Ὄμνυμι
1585 2668 1698 2708 τοίνυν
1715 2667 1842 2715 Αἷθέρ’,
1862 2665 1994 2711 οἴκησιν
2013 2667 2106 2704 Διός.

1371 2719 1498 2757 Schol.
1546 2719 1673 2756 adnot.
1726 2721 1763 2756 ἐκ
1807 2722 1867 2766 τῆς
1911 2721 2134 2766 Μελανίππης
2177 2718 2376 2767 Εὐριπίδου.

1320 2773 1450 2811 Paullo
1468 2773 1575 2810 aliter
1592 2785 1742 2810 versum
1761 2772 1937 2809 exhibent
1953 2771 2092 2809 Scholl.
2114 2771 2206 2808 Rav-
2225 2775 2264 2808 et
2275 2770 2374 2810 Ven.

1319 2825 1415 2865 Ran-
1441 2828 1528 2863 100.
1586 2828 1772 2875 Εὐριπίδου
1791 2827 1827 2862 ἐκ
1846 2827 2066 2873 Μελανίππης

1413 2880 1566 2928 ’Ὄμνυμι
1583 2882 1613 2917 δ’
1634 2883 1707 2929 ἱρὸν
1724 2881 1841 2928 αἰθέρ’,
1861 2880 1993 2927 οἴκησιν
2012 2882 2091 2918 Διός

1373 2931 1499 2980 (492.)
1537 2949 1587 2971 ιο.
1644 2932 1815 2970 Stobaeus
1852 2932 2032 2977 LXXIV,
2059 2935 2097 2975 6,
2117 2943 2150 2969 c.
2182 2931 2308 2968 lemm.
2339 2931 2376 2968 εἰε

1318 2989 1539 3034 Μελανίππης
1557 2990 1640 3035 Εὐρ.

1422 3042 1576 3078 Τίσασθε
1594 3043 1705 3087 τηνδε·
1734 3043 1788 3078 καὶ
1806 3043 1872 3090 γὰρ
1891 3041 2044 3078 ἐντεῦθεν
2062 3043 2159 3077 νοσεῖ

1422 3098 1464 3131 τὰ
1482 3100 1549 3131 τῶν
1565 3100 1743 3144 γυναικῶν·
1773 3097 1804 3131 οἱ
1821 3097 1883 3142 μὲν
1900 3095 1919 3142 ἢ
1937 3096 2067 3132 παίδων
2083 3094 2162 3142 πέρι

1423 3149 1442 3194 ἢ
1462 3150 1660 3197 συγγενείας
1678 3148 1782 3185 οὕνεκ’
1803 3150 1862 3185 οὐκ
1880 3149 2063 3185 ἀπώλεσαν

1425 3204 1525 3248 κακὴν
1542 3205 1720 3247 λαβόντες·
1750 3201 1822 3239 εἶτα
1840 3201 1869 3239 δ’
1889 3201 1975 3238 οὕτω
1993 3202 2128 3238 τᾶδικον

1423 3259 1568 3293 πολλαῖς
1585 3256 1771 3305 ὑπερρῦηκε
1790 3257 1843 3292 καὶ
1861 3259 1967 3305 χωρεῖ
1981 3258 2116 3304 πρόσω,

1425 3310 1505 3346 ὥστ’
1527 3310 1680 3356 ἐξίτηλος
1698 3311 1797 3358 ἁρετὴ
1817 3310 2026 3346 καθίσταται.

1374 3360 1503 3410 (493.)
1541 3379 1591 3399 11.
1634 3361 1822 3399 Eratosth.
1859 3360 2114 3399 Catasterism.
2146 3372 2180 3396 c.
2218 3359 2279 3396 18.
2307 3359 2374 3396 Εὗ-

283 3413 408 3460 (487.)
443 3428 475 3459 5.
506 3413 617 3450 Dion.
647 3413 733 3450 Hal.
763 3414 874 3451 Rhet.
905 3415 973 3457 IX,
1006 3419 1066 3461 11,
1098 3416 1139 3461 (l.
1171 3429 1202 3453 c.
1233 3416 1280 3454 cf.
1318 3417 1451 3464 ριπίδης
1470 3417 1509 3452 δέ
1526 3419 1630 3463 φησι,
1652 3417 1876 3462 Μελανίππην
1895 3414 2044 3462 (Valck.
2066 3413 2114 3450 ad
2132 3412 2261 3449 Phoen.
2281 3411 2371 3448 506.

234 3464 388 3514 Argum.
413 3465 507 3515 fab.)
535 3466 646 3504 Diod.
677 3466 750 3503 Sic.
777 3467 820 3503 T.
852 3467 882 3508 Ι,
908 3481 940 3504 c.
969 3469 1003 3511 7,
1030 3474 1124 3506 extr.
1150 3481 1187 3518 p.
1221 3470 1281 3508 ll.

235 3517 364 3559 Euseb.
385 3519 502 3568 Praep.
525 3519 670 3569 Evang.
693 3519 722 3562 I,
742 3533 777 3568 p.
801 3522 849 3557 20
871 3521 916 3558 D.

1319 3467 1453 3504 rectius
1472 3481 1520 3504 ex
1541 3468 1684 3517 Hygini
1697 3468 1780 3505 loco
1794 3468 1889 3504 infra
1900 3467 2086 3516 subjecto:
2116 3467 2152 3503 ἐν
2170 3465 2374 3512 Μελανίππῃ

1310 3520 1450 3568 Ἰππην)
1471 3520 1553 3559 εἶναι
1571 3524 1631 3569 τὴν
1648 3526 1709 3560 τοῦ
1727 3523 1894 3573 Χείρωνος
1916 3522 2096 3571 θυγατέρα,
2116 3519 2174 3558 ὑπ’
2193 3519 2318 3556 Αἰόλον
2336 3518 2373 3555 δδ
