2488 3860
163 268 165 270 .
204 234 283 273 1148

302 336 506 379 μυστιλᾶται
524 337 591 370 τῶν
607 334 790 380 δημοσίων.

203 392 270 422 ΚΛ.
299 387 338 421 οὐ
355 386 542 434 χαιρήσεις,
562 387 653 422 ἀλλά
671 402 713 423 σε
730 387 911 424 κλέπτονθ’

303 439 432 486 αἱρήσω
449 439 510 487 ’γὼ
527 441 616 486 τρεῖς
632 441 805 487 μυριάδας.

201 497 269 527 ΑΛ.
297 493 331 527 τί
348 492 609 529 θαλαττοκοπεῖς
627 493 680 528 καὶ
697 493 922 540 πλατυγίζεις,

299 545 505 590 μιαρώτατος
523 545 568 580 ὢν
584 545 662 592 περὶ
679 546 738 580 τὸν
755 546 859 591 δῆμον

300 598 359 633 τὸν
374 596 578 641 Ἀθηναίων;
608 597 662 632 καί
680 597 714 633 σ’
734 598 887 643 ἐπιδείξω

300 650 338 695 νὴ
356 649 416 695 τὴν
434 648 592 697 Δήμητρ’,
612 649 632 695 ἢ
649 651 694 695 μὴ
714 649 808 699 ζῴην,

300 701 564 749 δωροδοκήσαντ’
583 703 619 737 ἐκ
637 702 829 748 Μυτιλήνης

299 757 398 790 πλεῖν
415 754 434 799 ἢ
452 757 534 800 μνᾶς
552 756 803 802 τετταράκοντα.
1057 756 1144 803 [ἀντ.
1178 763 1238 803 835

300 807 325 841 ὦ
343 810 449 843 πᾶσιν
466 807 652 855 ἀνθρώποις
670 808 788 854 φανεὶς
804 807 966 855 μέγιστον
984 809 1166 855 ὠφέλημα,

301 854 390 904 ζηλῶ
409 875 451 895 σε
468 862 527 905 τῆς
545 860 761 906 εὐγλωττίας.
791 860 821 895 εἷ
837 862 903 908 γὰρ
921 861 977 896 ὧδ’
993 862 1154 902 ἐποίσεις,

297 912 459 959 μέγιστος
475 912 649 957 Ἑλλήνων
666 914 750 954 ἔσει,
771 914 824 948 καὶ
841 916 942 958 μόνος
960 914 1108 958 καθέξεις
1151 913 1238 960 [ναν,

298 965 359 1000 τάν
376 968 415 1010 τῇ
433 967 546 1006 πόλει,
562 969 627 1000 τῶν
645 966 828 1011 ξυμμάχων
851 965 879 1000 τ’
898 966 1010 1013 ἄρξεις
1028 968 1115 1012 ἔχων
1132 968 1237 1014 τρίαι-

296 1014 318 1062 ᾖ
328 1018 444 1053 πολλὰ
453 1017 595 1064 χρήματ’
608 1019 746 1065 ἐργάσει
758 1018 860 1053 σείων
870 1033 906 1053 τε
918 1020 973 1053 καὶ
979 1020 1160 1065 ταράττων.
1176 1027 1239 1064 840

301 1071 354 1104 καὶ
371 1070 416 1115 μὴ
434 1070 536 1115 μεθῇς
554 1072 612 1106 τὸν
626 1070 730 1117 ἄνδρ’,
746 1070 858 1116 ἐπειδή
879 1085 936 1106 σοι
953 1072 1065 1116 λαβὴν
1083 1072 1235 1109 δέδωκεν·

297 1124 496 1170 κατεργάσει
513 1124 579 1170 γὰρ
596 1123 729 1170 ῥᾳδίως,
748 1124 898 1170 πλευρὰς
915 1125 1002 1169 ἔχων
1020 1123 1185 1162 τοιαύτας.
1211 1150 1216 1160 .

294 1175 365 1215 οὐκ,
383 1174 518 1222 ὦγαθοὶ,
539 1176 629 1210 ταῦτ’
645 1176 720 1211 ἐστί
737 1190 790 1211 πω
808 1174 910 1221 ταύτῃ
928 1177 975 1221 μὰ
989 1178 1046 1211 τὸν
1064 1179 1235 1215 Ποσειδῶ.

298 1228 371 1272 ἐμοὶ
387 1229 452 1275 γάρ
471 1227 542 1262 ἐστ’
562 1228 781 1275 εἰργασμένον
798 1231 951 1263 τοιοῦτον
969 1230 1068 1276 ἔργον
1086 1230 1176 1265 ὥστε

296 1280 531 1324 ἁπαξάπαντας
545 1281 622 1316 τοὺς
636 1281 734 1326 ἐμοὺς
748 1281 890 1327 ἐχθροὺς
908 1282 1146 1327 ἐπιστομίζειν,
1175 1289 1235 1330 845

296 1332 357 1368 ἕως
375 1333 415 1367 ἂν
431 1330 453 1378 ᾖ
471 1337 537 1368 τῶν
554 1333 707 1368 ἀσπίδων
724 1337 790 1368 τῶν
808 1334 844 1368 ἐκ
862 1332 981 1369 Πύλου
999 1349 1031 1369 τι
1048 1336 1180 1372 λοιπόν.

293 1385 434 1431 ἐπίσχες
452 1386 487 1420 ἐν
504 1387 575 1422 ταῖς
593 1386 749 1421 ἀσπίσιν·
777 1386 889 1431 λαβὴν
905 1387 972 1433 γὰρ
991 1387 1183 1425 ἐνδέδωκας.

296 1438 335 1472 οὐ
353 1439 418 1484 γάρ
438 1436 472 1472 σ’
491 1438 604 1484 ἐχρῆν,
625 1436 717 1485 εἴπερ
739 1440 854 1484 φιλεῖς
874 1440 933 1474 τὸν
954 1440 1069 1485 δῆμον,
1090 1441 1126 1475 ἐκ
1149 1456 1234 1488 προ-

294 1489 415 1526 ταύτας
427 1491 483 1525 ἐᾶν
496 1491 628 1526 αὐτοῖσι
639 1493 709 1527 τοῖς
719 1492 887 1537 πόρπαξιν
898 1491 1103 1537 ἀνατεθῆναι.
1127 1489 1236 1541 [νοίας

295 1542 374 1577 ἀλλ’
389 1543 464 1577 ἐστὶ
478 1543 579 1582 τοῦτ’,
596 1543 622 1577 ὦ
634 1545 737 1588 Δῆμε,
752 1542 929 1590 μηχάνημ’,
945 1542 997 1586 ἵν’,
1010 1545 1050 1590 ἢν
1064 1545 1109 1580 σὺ
1122 1545 1234 1591 βούλῃ

294 1596 352 1629 τὸν
369 1594 473 1642 ἄνδρα
490 1597 636 1631 κολάσαι
650 1597 793 1636 τουτονὶ,
808 1598 866 1631 σοὶ
876 1599 975 1632 τοῦτο
994 1598 1038 1643 μὴ
1053 1598 1232 1646 ’κγένηται.

294 1649 374 1693 ὁρᾷς
389 1648 455 1694 γὰρ
473 1648 562 1697 αὐτῷ
580 1649 706 1694 στῖφος
724 1646 795 1683 οἷόν
813 1649 888 1684 ἐστι
905 1651 1144 1696 βυρσοπωλῶν
1171 1657 1232 1697 852

294 1704 439 1734 νεανιῶν·
468 1699 606 1738 τούτους
624 1702 660 1736 δέ
678 1704 886 1746 περιοικοῦσι
904 1704 1133 1746 μελιτοπῶλαι

294 1753 347 1787 καὶ
365 1755 569 1799 τυροπῶλαι·
599 1756 699 1789 τοῦτο
718 1754 746 1789 δ’
767 1754 814 1791 εἷς
832 1754 867 1789 ἕν
885 1755 960 1789 ἐστι
979 1757 1205 1803 συγκεκυφός.

294 1803 376 1839 ὥστ’
388 1805 417 1839 εἶ
431 1805 476 1840 σὺ
488 1805 674 1853 βριμήσαιο
689 1807 742 1841 καὶ
754 1807 924 1853 βλέψειας
938 1808 1151 1855 ὀστρακίνδα,
1170 1815 1230 1855 855

293 1855 420 1904 νύκτωρ
439 1860 714 1895 κατασπάσαντες
731 1859 771 1894 ἂν
788 1860 847 1896 τὰς
864 1860 1010 1897 ἀσπίδας
1027 1861 1158 1898 θέοντες

293 1911 351 1946 τὰς
368 1910 532 1953 εἰσβολὰς
549 1915 615 1946 τῶν
631 1911 787 1957 ἀλφίτων
804 1912 844 1947 ἂν
862 1914 1084 1953 καταλάβοιεν
1101 1913 1203 1958 ἡμῶν.

183 1965 353 1996 ΔΗΜΟΣ.
373 1959 462 2006 οἴμοι
476 1963 591 1999 τάλας·
619 1964 739 2009 ἔχουσι
752 1965 818 2011 γὰρ
830 1966 1002 2010 πόρπακας
1013 1977 1023 2005 ;
1050 1964 1076 1997 ὦ
1087 1964 1221 2009 πονηρὲ,

285 2011 368 2048 ὅσον
385 2028 427 2058 με
444 2017 655 2061 παρεκόπτου
676 2019 799 2062 χρόνον
816 2018 954 2052 τοιαῦτα
978 2016 1219 2063 κρουσιδημῶν.

182 2069 251 2099 ΚΛ.
282 2064 308 2099 ὦ
322 2066 480 2110 δαιμόνιε,
500 2068 544 2112 μὴ
563 2070 623 2102 τοῦ
643 2069 803 2115 λέγοντος
821 2068 906 2108 ἰ’σθι,
926 2069 1000 2113 μηδ’
1020 2068 1133 2113 οἰηθῇς
1160 2072 1223 2104 860

283 2117 364 2162 ἐμοῦ
381 2117 462 2153 ποθ’
482 2118 636 2166 εὑρήσειν
654 2121 761 2166 φίλον
776 2120 936 2164 βελτίον’·
966 2120 1062 2157 ὅστις
1079 2118 1126 2156 εἷς
1145 2120 1191 2156 ὢν

282 2171 413 2204 ἔπαυσα
429 2171 508 2207 τοὺς
526 2172 726 2217 ξυνωμότας,
747 2174 802 2208 καί
817 2173 850 2218 μ’
869 2174 909 2208 οὐ
925 2173 1072 2218 λέληθεν
1089 2173 1186 2207 οὐδέν

282 2222 317 2257 ἐν
334 2223 374 2266 τῇ
391 2225 489 2260 πόλει
509 2224 760 2271 ξυνιστάμενον,
780 2226 858 2261 ἀλλ’
878 2226 999 2262 εὐθέως
1017 2226 1171 2272 κέκραγα.

276 2273 358 2320 ὅπερ
376 2275 441 2321 γὰρ
459 2276 491 2310 οἷ
510 2274 570 2310 τὰς
589 2274 742 2323 ἐγχέλεις
761 2278 943 2325 θηρώμενοι
961 2278 1139 2314 πέπονθας.

279 2326 358 2361 ὅταν
375 2327 436 2370 μέν
449 2327 468 2372 ἡ
486 2327 589 2373 λίμνη
607 2334 767 2375 καταστῇ,
779 2332 1015 2376 λαμβάνουσιν
1028 2330 1135 2366 οὐδέν’
1157 2334 1217 2375 865

278 2379 334 2413 ἐὰν
353 2376 383 2413 δ’
403 2379 469 2414 ἅνω
487 2395 524 2415 τε
541 2381 595 2416 καὶ
613 2382 700 2416 κάτω
718 2384 776 2417 τὸν
792 2385 965 2430 βόρβορον
983 2386 1139 2421 κυκῶσιν,

1181 499 1244 540 830

197 811 270 842 XO.

194 1179 264 1209 KA.

193 1390 265 1421 AA.

176 2278 246 2308 AA.

1032 236 1491 278 ΑΡΙΣΤΟΦΑΝΟΎΣ

1294 340 1364 370 ΚΛ.
1393 332 1483 379 οἴμοι
1500 335 1617 377 τάλας,
1638 332 1721 371 οἵοις
1737 334 1953 381 πιθηκισμοῖς
1969 350 2012 381 με
2028 335 2269 383 περιελαύνεις.

1293 393 1365 423 ΑΛ.
1396 386 1467 427 οὒκ,
1487 385 1565 422 ἀλλ’
1586 385 1669 432 ὅπερ
1686 386 1791 423 πίνων
1808 387 1890 435 ἀνὴρ
1906 386 2057 431 πεπονθ’,
2068 388 2147 424 ὅταν
2162 390 2294 435 χεσείῃ,

1395 441 1506 474 τοῖσιν
1515 440 1653 486 τρόποις
1663 442 1733 476 τοῖς
1745 442 1859 475 σοῖσιν
1865 441 1980 487 ὥσπερ
1985 442 2182 484 βλαυτίοισι
2193 445 2334 488 χρῶμαι.

1293 498 1363 527 ΚΛ.
1393 491 1473 527 ἀλλ’
1492 492 1556 537 οὐχ
1574 491 1763 538 ὑπερβαλεῖ
1778 507 1819 537 με
1837 492 2004 529 θωπείαις·
2034 495 2102 540 ἐγὼ
2120 494 2188 542 γὰρ
2205 495 2308 531 αὐτὸν

1393 545 1607 590 προσαμφιῶ
1625 544 1711 580 τοδί·
1742 544 1787 580 σὺ
1805 544 1834 581 δ’
1853 543 1982 591 οἴμωζ’,
1996 545 2022 581 ὦ
2039 545 2169 594 πονήρ’.
2275 552 2334 594 891

1291 602 1460 632 ΔΗΜΟΣ.
2166 602 2284 643 ιαιβοι.

1392 649 1452 683 οὐκ
1471 649 1505 685 ἐς
1523 650 1663 696 κόρακας
1680 649 1881 698 ἀποφθερεῖ,
1899 649 2032 698 βύρσης
2050 652 2210 687 κάκιστον
2227 651 2332 696 ὄζωνς

1289 707 1357 736 ΑΛ.
1387 702 1440 735 καὶ
1454 703 1553 735 τοῦτό
1567 701 1599 748 γ’
1613 702 1764 746 ἐπίτηδές
1775 717 1817 738 σε
1826 702 2089 750 περιήμπεσχεν,
2101 702 2141 739 ἵν’
2153 704 2333 751 ἀποπνίξῃ.

1391 754 1444 788 καὶ
1467 755 1632 800 πρότερον
1657 753 1887 796 ἐπεβούλευσέ
1911 770 1981 791 σοι.
2020 757 2078 792 τὸν
2098 758 2221 793 καυλὸν
2238 754 2333 794 οἷσθ’

1390 809 1452 841 τοῦ
1470 806 1617 853 σιλφίου
1635 808 1693 842 τὸν
1709 807 1804 852 ἀξιον
1820 809 1997 855 γενόμενον
2010 821 2020 852 3
2195 808 2335 856 [ἐκεῖνον

1287 863 1458 893 ΔΗΜΟΣ.
2031 858 2106 897 οἶδα
2122 861 2247 907 μέντοι.
2271 867 2331 909 895

1285 917 1357 947 ΑΛ.
1387 911 1539 956 ἐπίτηδες
1556 911 1654 948 οὗτος
1672 912 1772 947 αὐτὸν
1789 912 1924 948 ἔσπευδ’
1944 914 2039 958 ἄξιον
2055 914 2225 961 γενέσθαι,

1389 961 1428 998 ἵν’
1448 962 1588 998 ἐσθίοιτ’
1607 963 1798 1010 ὠνούμενοι,
1818 965 1942 1001 κᾶπειτ’
1962 966 1998 1001 ἐν
2014 966 2154 1013 Ἡλιαίᾳ

1386 1016 1545 1058 βδέοντες
1562 1015 1736 1061 ἀλλήλους
1754 1018 1980 1054 ἀποκτείνειαν
1997 1020 2029 1054 οἱ
2048 1020 2215 1055 δικασταί.

1285 1073 1454 1103 ΔΗΜΟΣ.
1485 1069 1522 1114 νὴ
1540 1070 1599 1104 τὸν
1617 1070 1773 1105 Ποσειδῶ
1798 1070 1851 1105 καὶ
1874 1072 1959 1117 πρὸς
1981 1072 2038 1117 ε’μὲ
2056 1071 2145 1107 τοῦτ’
2165 1070 2230 1109 εἶπ’
2247 1073 2330 1121 ἀνὴρ

1439 1123 1605 1168 κόπρειος.
2265 1131 2328 1173 890

1283 1179 1353 1208 AA.
1383 1174 1422 1208 οὐ
1435 1175 1501 1220 γὰρ
1515 1174 1589 1208 τόθ’
1602 1174 1694 1219 ὑμεῖς
1706 1176 1883 1221 βδεόμενοι
1897 1174 2004 1221 δήπου
2013 1176 2165 1224 ’γένεσθε
2181 1181 2304 1227 πυρροί
2316 1193 2324 1220 3

1283 1231 1453 1261 ΔΗΜΟΣ.
1470 1227 1522 1261 καὶ
1534 1227 1571 1271 νὴ
1584 1225 1635 1262 Δί’
1645 1225 1686 1271 ἦν
1695 1242 1736 1274 γε
1746 1230 1846 1263 τοῦτο
1858 1229 2078 1275 Πυρράνδρου
2088 1231 2127 1266 τὸ
2137 1232 2324 1277 μηχάνημα.

1283 1284 1353 1313 ΚΛ.
1383 1277 1488 1313 οἵοισί
1504 1278 1551 1324 μ’,
1572 1279 1597 1313 ὦ
1615 1282 1794 1326 πανοῦργε,
1812 1281 2122 1327 βωμολοχεύμασιν
2139 1285 2322 1330 ταράττεις.

1280 1336 1350 1366 ΑΛ.
1380 1330 1400 1375 ἡ
1417 1332 1483 1378 γὰρ
1503 1331 1577 1368 θεός
1593 1331 1627 1376 μ’
1647 1332 1809 1367 ἐκέλευσε
1827 1334 1961 1378 νικῆσαί
1979 1333 2012 1368 σ’
2031 1335 2219 1382 ἀλαζονείᾳ.

1281 1388 1350 1418 ΚΛ.
1379 1383 1458 1418 ἀλλ’
1477 1384 1555 1430 οὐχὶ
1572 1383 1729 1429 νικήσεις.
1760 1385 1826 1432 ἐγὼ
1843 1387 1908 1433 γάρ
1927 1387 2016 1432 φημί
2034 1402 2091 1422 σοι
2109 1389 2276 1435 παρέξειν,

1383 1436 1408 1470 ὦ
1428 1438 1532 1481 Δῆμε,
1551 1438 1653 1482 μηδὲν
1671 1438 1791 1484 δρῶντι
1807 1438 1934 1484 μισθοῦ
1952 1440 2116 1487 τρυβλίον
2131 1440 2295 1487 ῥοφῆσαι.

1277 1494 1348 1523 ΑΛ.
1378 1489 1443 1535 ἐγὼ
1462 1490 1498 1524 δὲ
1517 1490 1688 1535 κυλίχνιόν
1703 1490 1746 1537 γέ
1762 1505 1820 1526 σοι
1838 1492 1891 1526 καὶ
1909 1493 2087 1539 φάρμακον
2104 1494 2221 1539 δίδωμι
2259 1499 2322 1540 906

1380 1541 1441 1576 τάν
1458 1544 1568 1577 τοῖσιν
1586 1543 1805 1588 ἀντικνημίοις
1823 1543 1980 1592 ἑλκύδρια
1997 1547 2241 1593 περιαλείφειν.

1278 1598 1348 1629 ΚΛ.
1379 1594 1444 1640 ἐγὼ
1462 1595 1499 1629 δέ
1517 1595 1576 1631 τὰς
1592 1596 1715 1632 πολιάς
1731 1596 1774 1643 γέ
1791 1597 1987 1644 σούκλέγων
2004 1599 2078 1633 νέον
2095 1597 2240 1644 ποιήσω.

1275 1651 1344 1680 AA.
1373 1646 1446 1681 ἰδοὺ
1464 1647 1566 1692 δέχου
1584 1648 1700 1694 κέρκον
1717 1650 1812 1696 λαγὼ
1831 1649 2074 1696 τώφθαλμιδίω
2091 1652 2254 1698 περιψῆν.

1275 1703 1346 1734 ΚΛ.
1372 1699 1626 1745 ἀπομυξάμενος
1637 1699 1662 1735 ὦ
1672 1702 1764 1747 Δῆμέ
1772 1716 1838 1747 μου
1848 1703 1932 1749 πρὸς
1944 1703 2003 1748 τὴν
2014 1704 2166 1750 κεφαλὴν
2176 1705 2316 1752 ἀποψῶ.

1273 1756 1343 1786 ΑΛ.
1374 1752 1454 1797 ἐμοῦ
1471 1753 1532 1797 μὲν
1550 1752 1620 1788 οὖν.
2254 1771 2290 1804 91
2302 1773 2312 1793 ι

1272 1808 1344 1839 ΚΛ.
1655 1806 1737 1851 ἐμοῦ
1753 1807 1814 1852 μὲν
1831 1806 1901 1842 οῦν.

1376 1857 1441 1904 ἐγώ
1460 1872 1502 1893 σε
1518 1858 1651 1903 ποιήσω
1670 1873 1760 1906 τριη-

1371 1912 1522 1956 ραρχεῖν,
1542 1911 1768 1947 ἀναλίσκοντα
1785 1916 1851 1948 τῶν

1371 1962 1509 2000 σαυτοῦ,
1522 1962 1668 1996 παλαιὰν
1685 1964 1764 1997 ναῦν
1782 1959 1901 2009 ἔχοντ’,

1369 2010 1416 2046 εἷς
1435 2009 1474 2056 ἣν
1491 2011 1623 2048 ἀναλῶν
1640 2014 1699 2048 οὐκ
1718 2014 1797 2060 ἐφέ-

1369 2063 1438 2106 ξεις
1456 2063 1533 2098 οὐδὲ
1552 2065 1831 2112 ναυπηγούμενος·

1368 2115 1658 2162 διαμηχανήσομαί
1677 2118 1710 2152 θ’
1731 2118 1820 2154 ὅπως

1366 2166 1407 2202 ἂν
1425 2168 1535 2203 ἱστίον
1553 2172 1685 2215 σαπρὸν
1702 2172 1825 2215 λάβῃς.

1262 2222 1331 2252 ΧΟ.
1364 2219 1445 2266 ἁνὴρ
1463 2221 1647 2266 παφλάζει,
1667 2225 1751 2257 παῦε
1768 2222 1858 2263 παῦ’,

1364 2271 1543 2318 ὑπερζέων·
1573 2274 1761 2320 ὑφελκτέον

1363 2327 1430 2358 τῶν
1447 2325 1581 2370 δᾳδίων,
1601 2326 1814 2373 ἀπαρυστέον

1363 2390 1400 2410 τε
1417 2381 1483 2411 τῶν
1500 2378 1647 2413 ἀπειλῶν
1664 2380 1793 2424 ταυτῃί.

2245 2297 2310 2332 920

276 2432 422 2478 αἱροῦσι·
447 2434 500 2468 καὶ
519 2433 564 2468 σὺ
580 2435 775 2478 λαμβάνεις,
791 2435 830 2480 ἢν
847 2436 911 2481 τὴν
927 2435 1029 2471 πόλιν
1041 2436 1216 2482 ταράττῃς.
1259 2431 1330 2462 ΚΛ·
1360 2428 1482 2465 &dmm
1500 2430 1573 2475 ἐμοὶ
1591 2431 1695 2476 Καλὴν
1713 2432 1817 2477 δίκην»

277 2482 312 2517 ἓν
330 2483 359 2518 δ’
379 2484 453 2519 εἶπέ
467 2500 525 2530 μοι
543 2487 732 2522 τοσουτονί·
764 2487 869 2532 σκύτη
887 2490 1037 2523 τοσαῦτα
1053 2489 1189 2529 πωλῶν,

275 2536 397 2572 ἔδωκας
414 2538 475 2582 ἤδη
494 2538 614 2586 τουτῳὶ
632 2540 779 2585 κάττυμα
795 2542 886 2587 παρὰ
904 2543 1047 2576 σεαυτοῦ

274 2590 346 2624 ταῖς
363 2589 520 2634 ἐμβάσιν,
541 2591 685 2637 φάσκων
703 2593 819 2639 φιλεῖν
834 2606 843 2636 ;

170 2644 340 2675 ΔΗΜΟΣ.

169 2697 239 2727 AA.
269 2694 412 2739 ἔγνωκας
429 2693 488 2730 οὖν
506 2695 574 2740 δῆτ’
594 2697 694 2732 αὐτὸν
712 2695 781 2734 οἷός
800 2699 914 2739 ἐστιν;
944 2698 1021 2734 ἀλλ’
1041 2699 1107 2745 ἐγώ
1125 2713 1183 2733 σοι

273 2746 388 2792 ζεῦγος
405 2749 584 2793 πριάμενος
603 2749 762 2793 ἐμβάδοιν
779 2752 872 2786 τουτὶ
890 2752 1010 2798 φορεῖν
1028 2752 1158 2796 δίδωμι.

169 2800 337 2832 ΔΗΜΟΣ.
368 2800 466 2844 κρίνω
495 2800 527 2834 σ’
548 2800 639 2835 ὅσων
667 2800 774 2851 ἐγῷδα
800 2804 878 2850 περὶ
905 2805 963 2839 τὸν
990 2805 1094 2850 δῆμον
1120 2803 1206 2851 ἄνδρ’

321 2850 461 2896 ἄριστον
843 2859 847 2863 ’

271 2901 492 2938 εὐνούστατόν
509 2919 546 2939 τε
563 2908 603 2950 τῇ
621 2907 721 2942 πόλει
740 2909 793 2943 καὶ
811 2911 904 2943 τοῖσι
922 2908 1150 2945 δακτύλοισιν.

267 2954 307 2988 οὐ
325 2955 431 2990 δεινὸν
445 2955 503 2991 οὖν
517 2957 583 3001 δῆτ’
598 2959 745 3003 ἐμβάδας
758 2962 937 2997 τοσουτονὶ
951 2961 1126 3003 δύνασθαι,
1145 2966 1206 3007 875

269 3006 350 3050 ε’μοῦ
368 3007 405 3042 δέ
422 3008 466 3052 μὴ
484 3010 598 3053 μνείαν
615 3012 705 3056 ἔχειν
723 3011 814 3047 ὅσων
830 3014 1020 3055 πέπονθας;
1050 3014 1146 3050 ὅστις

268 3058 399 3093 ἕπαυσα
417 3060 494 3096 τοὺς
511 3063 739 3106 βινουμένους,
759 3066 817 3100 τὸν
842 3065 988 3112 Γρύττον
1006 3067 1204 3113 ἐξαλείψας.

163 3114 234 3144 ΑΛ.
262 3111 381 3145 οὔκουν
399 3126 441 3146 σε
459 3113 541 3156 δῆτα
559 3116 661 3149 ταῦτα
679 3116 785 3151 δεινόν
803 3118 877 3152 ἐστι
895 3121 1151 3165 πρωκτοτηρεῖν,

265 3163 394 3198 παῦσαί
402 3178 438 3197 τε
450 3164 527 3200 τοὺς
536 3166 767 3210 βινουμένους;
785 3171 863 3204 κούκ
875 3171 952 3205 ἔσθ’
962 3171 1051 3208 ὅπως
1063 3172 1205 3208 ἐκείνους

265 3214 343 3259 οὐχὶ
357 3214 493 3261 φθονῶν
506 3217 666 3258 ἔπαυσας,
679 3217 731 3253 ἵνα
743 3220 787 3264 μὴ
801 3220 940 3267 ῥήτορες
952 3224 1115 3269 γένοιντο.
1141 3229 1203 3259 880

263 3267 355 3301 τονδὶ
373 3266 401 3302 δ’
421 3269 507 3314 ὁρῶν
524 3268 601 3303 ἄνευ
618 3274 759 3314 χιτῶνος
777 3272 855 3307 ὄντα
873 3277 1079 3318 τηλικοῦτον,

263 3318 431 3354 οὐπώποτ’
450 3320 721 3365 ἀμφιμασχάλου
739 3324 796 3358 τὸν
814 3327 928 3369 Δῆμον
945 3325 1104 3371 ἠξίωσας,

261 3374 424 3415 χειμῶνος
442 3371 548 3408 ὄντος·
578 3372 656 3407 ἀλλ’
676 3373 741 3420 ἐγώ
760 3389 817 3410 σοι
836 3380 966 3413 τουτονὶ
985 3380 1115 3425 δίδωμι.

161 3427 327 3458 ΔΗΜΟΣ.
356 3424 520 3459 τοιουτονὶ
539 3428 771 3471 Θεμιστοκλῆς
788 3428 955 3464 οὐπώποτ’
974 3432 1165 3472 ἐπενόησεν.

262 3475 367 3509 καίτοι
382 3477 496 3522 σοφὸν
509 3476 627 3511 κάκεῖν’
639 3479 658 3512 ὁ
669 3479 855 3524 Πειραιεύς·
880 3482 993 3528 ἔμοιγε
1005 3484 1117 3528 μέντοι
1135 3490 1195 3530 885

261 3527 300 3560 οὗ
317 3528 430 3572 μεῖζον
448 3525 529 3563 εἶναι
546 3529 675 3574 φαίνετ’
696 3529 859 3577 ἐξεύρημα
876 3536 936 3568 τοῦ
953 3540 1105 3580 χιτῶνος.

1153 2598 1215 2638 870

167 2957 238 2987 KA.

1362 2480 1537 2526 ἰπούμενος
1557 2485 1626 2519 ταῖς
1644 2484 1835 2531 εῖσφοραῖς.

1361 2533 1426 2580 ἐγὼ
1443 2534 1509 2581 γὰρ
1528 2534 1575 2571 εἷς
1593 2535 1670 2572 τοὺς
1687 2537 1875 2574 πλουσίους

1361 2585 1502 2621 σπεύσω
1522 2587 1555 2622 α’
1575 2587 1665 2624 ὅπως
1682 2589 1722 2623 ἂν
1743 2590 1928 2637 ἐγγραφῇς.

1495 2639 1504 2651 5

2237 2552 2300 2587 9²5

744 2646 784 2680 οὗ
802 2647 885 2691 δῆτα
900 2646 948 2691 μὰ
965 2646 1023 2681 τὸν
1039 2645 1213 2682 Ἀπόλλω.
1255 2641 1321 2672 ΑΛ·
1352 2638 1418 2684 ἐγὼ
1436 2638 1465 2674 δ’
1484 2639 1659 2685 απειλήσω
1676 2642 1737 2686 μὲν
1754 2642 1811 2678 οὗ·

1358 2691 1425 2730 δέν,
1446 2693 1585 2737 εὔχομαι
1604 2694 1642 2728 δέ
1659 2709 1717 2728 σοι
1735 2695 1820 2730 ταδί·

1357 2744 1395 2777 τὸ
1412 2744 1473 2787 μὲν
1490 2746 1632 2791 τάγηνον
1649 2746 1808 2782 τευθίδων

1357 2795 1541 2840 ἐφεστάναι
1561 2798 1669 2841 σίζον,
1700 2800 1739 2834 σὲ
1759 2800 1795 2834 δὲ

1354 2848 1488 2893 γνώμην
1506 2849 1592 2896 ἐρεῖν
1609 2850 1784 2895 μέλλοντα
1801 2852 1878 2898 περὶ

1355 2901 1536 2944 Μιλησίων
1554 2903 1607 2937 καὶ
1625 2904 1792 2950 κερδανεῖν

1354 2953 1528 2993 τάλαντον,
1549 2953 1589 2999 ἢν
1606 2957 1809 3002 κατεργάσῃ,

1354 3003 1513 3040 σπεύδειν
1531 3005 1621 3043 ὅπως
1639 3010 1704 3042 τῶν
1722 3008 1881 3043 τευθίδων

1353 3055 1561 3101 ἐμπλήμενος
1579 3059 1704 3105 φθαίης
1721 3059 1765 3094 ἔτ’
1785 3060 1832 3096 εἷς

1351 3108 1532 3153 ἐκκλησίαν
1550 3111 1676 3145 ἐλθεῖν·
1706 3113 1795 3146 ἕπει-

1350 3174 1391 3194 τα
1408 3162 1487 3207 πρὶν
1505 3163 1639 3209 φαγεῖν,
1659 3163 1741 3209 ἀνὴρ
1757 3163 1859 3209 μεθή-

1350 3225 1413 3250 κοι,
1434 3215 1486 3248 καὶ
1506 3214 1550 3248 σὺ
1568 3216 1606 3249 τὸ
1625 3216 1789 3251 τάλαντον
1805 3218 1925 3259 λαβεῖν

1348 3265 1556 3310 βουλόμενος
1574 3267 1606 3301 ἐ-

1350 3316 1456 3352 σθίων
1475 3318 1743 3367 ε’παποπνιγείης.
2223 3339 2287 3371 940

1245 3371 1315 3402 XO.
1345 3367 1383 3402 εὖ
1399 3383 1440 3416 γε
1457 3370 1495 3414 νὴ
1509 3372 1567 3405 τὸν
1579 3373 1641 3407 Δία
1660 3373 1713 3407 καὶ
1731 3374 1790 3408 τὸν
1799 3372 1960 3409 Ἀπόλλω
1974 3374 2028 3409 καὶ
2044 3381 2104 3419 τήν
2114 3373 2285 3426 Δήμητρα.

1245 3424 1414 3455 ΔΗΜΟΣ.
1444 3422 1542 3467 κάμοὶ
1560 3423 1651 3459 δοκεῖ
1667 3426 1720 3460 καὶ
1738 3425 1849 3461 τᾶλλα
1865 3426 1897 3474 γ’
1916 3423 1997 3461 εἶναι
2015 3428 2212 3475 καταφανῶς

1346 3472 1471 3519 ἀγαθὸς
1487 3476 1639 3521 πολίτης,
1659 3475 1730 3514 οἷος
1747 3479 1857 3515 οὐδείς
1873 3493 1925 3515 πω
1941 3480 2068 3525 χρόνον

1346 3524 1428 3570 ἀνὴρ
1445 3528 1617 3573 γεγένηται
1639 3531 1726 3565 τοῖσι
1743 3533 1889 3568 πολλοῖς
1905 3532 2087 3575 τούβολοῦ,

2235 2815 2298 2848 930

2230 3075 2290 3110 935

2220 3547 2282 3584 9⁴5
