2488 3860
0 132 3 151 -.
0 84 9 123 ἮἾ

143 398 208 430 ΟΡ.
244 392 398 437 Πυλάδη,
416 391 544 438 χαίρων
560 389 621 436 ἵθι,
641 390 813 439 νυμφεύου

141 503 199 536 ΔΙ.

246 444 347 490 δέμας
362 444 563 492 Ἠλέκτρας.

243 498 360 534 τοῖσδε
376 495 520 544 μελήσει
537 498 654 546 γάμον
682 498 774 533 ἀλλὰ
793 496 890 534 κύνας

242 549 342 586 τάσδ’
361 550 567 598 ὑποφεύγων
584 551 694 597 στεῖχ’
712 551 763 586 ἐπ’
785 549 944 596 Ἀθηνῶν·

243 603 352 639 δεινὸν
367 605 434 649 γὰρ
450 602 544 650 ’ίχνος
561 604 733 647 βάλλουσ’
754 604 808 639 ἐπὶ
827 604 883 639 σοὶ

242 657 527 703 χειροδράκοντες,
545 661 661 704 χρῶτα
679 657 839 699 κελαιναὶ,

244 710 360 745 δεινῶν
377 710 503 745 ὀδυνῶν
520 712 647 757 καρπὸν
665 711 818 757 ἔχουσαι·

247 763 292 798 νὼ
311 763 340 797 δ’
360 762 415 797 ἐπὶ
431 765 555 799 πόντον
572 764 710 798 Σικελὸν
729 763 859 808 σπουδῇ

244 817 399 850 σώσοντε
416 821 498 852 νεῶν
514 815 651 864 πρῴρας
669 816 820 852 ἐνάλους.

248 868 303 904 διὰ
321 866 351 903 δ’
371 868 518 918 αἰθερίας
537 870 711 915 στείχοντε
728 871 870 912 πλακὸς,

1052 279 1342 324 ΗΛΕΚΤΡΑ.

1106 406 1120 428 1
1125 406 1187 438 340

1107 669 1184 703 1345

1325 391 1397 427 τοῖς
1412 389 1475 435 μὲν
1490 390 1657 435 μυσαροῖς
1673 390 1733 426 οὐκ
1751 389 1970 440 ἐπαρήγομεν,

1329 440 1420 479 οἷσιν
1437 442 1465 478 δ’
1485 440 1582 478 ὅσιον
1599 444 1652 478 καὶ
1669 443 1709 478 τὸ
1727 443 1854 480 δίκαιον

1327 495 1434 542 φίλον
1450 495 1487 531 ἐν
1502 497 1620 543 βιότῳ,
1638 494 1777 532 τούτους
1792 499 1952 544 χαλεπῶν

1329 547 1505 585 ἐκλύοντες
1521 549 1660 594 μόχθων
1677 550 1839 595 σώζομεν.

1329 600 1435 638 οὕτως
1452 601 1577 637 ἀδικεῖν
1594 602 1709 647 μηδεὶς
1727 601 1867 647 θελέτω,

1326 654 1406 700 μηδ’
1423 655 1585 701 ἐπιόρκων
1602 655 1686 697 με’τα
1704 656 1914 699 συμπλείτω·

1328 707 1404 745 θεὸς
1421 708 1467 743 ὢν
1484 708 1616 752 θνητοῖς
1632 707 1794 754 ἀγορεύω.

1225 767 1296 797 XO.
1325 760 1471 808 χαίρετε·
1498 759 1630 808 χαίρειν
1648 757 1677 797 δ’
1700 759 1794 798 ὅστις
1812 761 1946 798 δύναται

1329 814 1383 849 καὶ
1400 814 1562 860 ξυντυχίᾳ
1579 813 1624 859 μή
1642 828 1706 849 τινι
1725 815 1839 860 κάμνει

1332 867 1469 913 θνητῶν,
1489 868 1665 914 εὐδαίμονα
1682 869 1843 915 πράσσει.

2184 283 2266 326 813

2192 408 2268 440 1350

2189 671 2266 706 ¹355
