2488 3860
0 0 19 87 rvr-c.-

153 451 206 480 12.

150 490 222 540 [12.

151 553 226 582 AN.

0 596 4 619 ¹
151 604 224 635 xo,

0 743 11 810 ζ’
151 761 227 791 AN.

152 813 207 843 12.

152 864 228 895 .Arff.

153 917 206 946 12.

154 1020 209 1050 12.

154 1124 208 1153 ΙΣ.

157 1227 210 1256 12.

158 1333 211 1364 12.

161 1438 213 1468 12-

157 1589 212 1619 12.

151 397 227 430 AN.

153 968 228 998 APL

154 1071 228 1101 AN&

157 1173 230 1204 AFL

157 1279 233 1309 ΛΦΨ.

159 1385 236 1416 Ami.

156 1485 229 1515 AJQ.

153 2724 229 2755 ›Abh

254 387 401 427 δύστονα
418 385 504 432 κήδε’
523 385 691 431 ὁμώνυμα.

253 443 373 489 δίυγρα
388 440 580 487 τριπάλτων
596 437 766 481 πημάτων.

256 494 342 530 ὀλοὰ
357 492 483 539 λέγειν.

254 546 340 582 ὄλοὰ
356 544 385 580 δ’
404 539 518 593 ὁρᾶν.]

253 598 293 633 la,
309 598 410 643 μοῖρα
425 595 647 642 βαρυδότειρα
663 592 802 638 μογερὰ,

254 650 373 686 πότνιά
388 646 418 683 τ’
437 647 578 683 Οἰδίπου
597 645 687 684 σκιὰ,
871 670 874 672 ,

253 700 384 748 μέλαιν’
403 699 543 746 Ἐρινὺς,
561 696 582 741 ἦ
599 694 807 742 μεγασθενής
823 708 873 730 τις
890 689 932 727 εἶ.

256 754 301 789 σὺ
317 753 430 788 τοίνυν
446 748 549 786 οἶσθα
565 750 741 794 διαπερῶν.

257 806 303 841 σὺ
321 805 348 840 δ’
368 804 464 839 οὐδὲν
481 801 624 847 ὕστερος
641 799 763 844 μαθών.

256 858 328 893 ἐπεὶ
346 854 508 900 κατῆλθες
525 854 559 889 ές
575 855 688 887 πόλιν.

257 910 355 955 δορός
370 922 412 954 γε
428 905 504 954 τῷδ’
523 903 710 950 ἀντηρέτας.

256 961 342 996 ὀλοὰ
357 959 482 1005 λέγειν.

259 1013 346 1048 ὀλοὰ
362 1011 391 1046 δ’
411 1011 504 1056 ὁρᾶν.

257 1065 296 1099 ἶὼ
312 1066 426 1099 πόνος.

259 1117 298 1151 ἰὼ
316 1115 398 1150 κακὰ

258 1167 391 1211 δώμασι
409 1163 462 1198 καὶ
478 1162 576 1208 χθονὶ

258 1219 311 1254 καὶ
328 1218 368 1253 τὸ
385 1217 505 1263 πρόσω
522 1213 555 1260 γ’
574 1211 660 1258 ε’μοί.

262 1273 301 1307 ἰὼ
320 1271 370 1310 ἰὼ,
389 1269 456 1315 πρὸ
473 1267 606 1303 πάντων
622 1265 650 1299 δ’
670 1263 754 1307 ε’μοί.

258 1325 295 1359 ἰὼ
313 1324 352 1358 ἰὼ
370 1322 572 1364 δυσπότμων
589 1320 706 1353 κακῶν.

264 1378 302 1412 ἶὼ
319 1374 451 1411 πάντων
468 1371 772 1408 πολυστονώτατοι.

264 1430 303 1465 ἷὼ
322 1430 360 1464 ἶῶ
379 1428 596 1471 δαιμονῶντες
614 1423 650 1458 ἐν
667 1422 740 1466 ἄτᾳ.

258 1479 297 1514 ἰὼ
315 1478 366 1517 ἰὼ,
383 1479 450 1512 ποῦ
468 1476 540 1521 σφε
558 1472 705 1517 θήσομεν
722 1470 865 1516 χθονός;

260 1531 299 1565 ἶὼ
316 1529 401 1565 ὅπου
417 1528 625 1573 τιμιώτατον.

263 1583 301 1617 ἰὼ
320 1582 358 1616 ἷὼ
374 1582 467 1625 πῆμα
482 1578 584 1623 πατρὶ
599 1577 775 1622 πάρευνον.

936 287 1094 328 ΕΠΤΑ
1123 288 1229 328 Em
1260 287 1473 330 ΘΗΒΑΣ.

1119 435 1179 475 985

1119 1062 1180 1096 995

1105 1375 1184 1398 1000

255 1635 415 1670 δοκοῦντα
432 1633 486 1666 καὶ
503 1628 632 1673 δόξαντ’
651 1626 881 1673 ἀπαγγέλλειν
897 1638 938 1668 με
955 1622 1021 1669 χρὴ
1047 1659 1050 1662 ,
1109 1634 1183 1667 ¹005

260 1685 366 1731 δήμου
382 1681 590 1730 προβούλοις
606 1680 710 1725 τῆσδε
728 1677 892 1721 Καδμείας
909 1677 1051 1710 πόλεως·

258 1736 437 1773 Ἐτεοκλέα
453 1735 514 1780 μὲν
530 1732 617 1768 τόνδ’
637 1730 687 1767 ἐπ’
707 1729 817 1773 εὐνοίᾳ
833 1727 955 1773 χθονὸς

260 1790 396 1825 θάπτειν
413 1786 509 1830 ἔδοξε
524 1786 587 1831 γῆς
603 1783 722 1830 φίλαις
739 1780 980 1824 κατασκαφαῖς·
1126 1819 1129 1823 ¹

260 1840 380 1888 εἵργων
395 1840 461 1886 γὰρ
479 1836 621 1883 ἐχθροὺς
639 1835 779 1870 θάνατον
796 1831 890 1867 εἵλετ
919 1832 954 1865 ἐν
969 1831 1079 1865 πόλει·

237 1933 246 1935 -
260 1895 340 1940 ἱρῶν
355 1890 517 1938 πατρῴων
535 1888 563 1924 δ’
582 1887 678 1923 ὅσιος
695 1885 741 1920 ῶν
756 1885 893 1929 μομφῆς
910 1882 989 1927 ἄτερ
1108 1896 1186 1918 1010

259 1945 413 1988 τέθνηκεν
428 1941 533 1987 οὗπερ
549 1942 620 1976 τοῖς
636 1938 722 1974 νέοις
739 1935 894 1980 θνήσκειν
911 1935 1027 1969 καλόν.

255 1991 343 2027 οὕτω
359 1992 421 2037 μὲν
436 1991 526 2036 ἀμφὶ
542 1988 632 2024 τοῦδ’
651 1988 855 2023 ἐπέσταλται
872 1986 996 2032 λέγειν.

255 2042 376 2079 τούτου
394 2043 422 2078 δ’
441 2042 593 2087 ἀδελφὸν
609 2041 706 2076 τόνδε
723 2038 949 2074 Πολυνείκους
967 2039 1081 2084 νεκρὸν

259 2097 324 2140 ἔξω
341 2096 462 2137 βαλεῖν
477 2093 637 2133 ἄθαπτον,
656 2090 809 2138 ἁρπαγὴν
826 2091 935 2130 κυσὶν,

257 2148 302 2184 ὦς
318 2145 384 2182 ὄντ’
403 2147 617 2191 ἀναστατῆρα
633 2142 806 2187 Καδμείων
821 2141 955 2187 χθονὸς,
1109 2154 1184 2187 1015

257 2200 287 2234 εἷ
303 2199 348 2245 μὴ
367 2198 450 2234 θεῶν
467 2211 518 2233 τις
535 2196 686 2241 ἐμποδὼν
702 2195 785 2238 ἔστη
804 2194 878 2239 δορὶ

256 2255 304 2300 τῷ
320 2250 424 2286 τοῦδ’.
453 2249 535 2296 ἄγος
552 2249 589 2283 δὲ
607 2249 661 2283 καὶ
678 2246 786 2282 θανὼν
803 2244 996 2290 κεκτήσεται

258 2303 342 2338 θεῶν
357 2300 530 2350 πατρῴων,
549 2299 607 2336 οὓς
623 2299 789 2344 ἀτιμάσας
805 2298 863 2333 ὅδε

258 2353 436 2402 στράτευμ’
456 2353 597 2388 ἐπακτὸν
613 2351 771 2396 ἐμβαλὸν
786 2348 860 2396 ᾔρει
876 2351 989 2385 πόλιν.

257 2405 346 2442 οὕτω
361 2408 520 2442 πετεινῶν
536 2403 622 2439 τόνδ’
641 2402 696 2438 ὑπ’
715 2402 840 2437 οἷωνῶν
858 2402 934 2436 δοκε

257 2458 393 2505 ταφέντ’
411 2457 535 2502 ἀτίμως
551 2455 758 2500 τοῦπιτίμιον
775 2455 906 2496 λαβεῖν·

935 2403 951 2436 ῖ
1107 2416 1186 2438 1020

259 2512 314 2546 καὶ
330 2510 409 2556 μήθ’
428 2510 584 2555 ὁμαρτεῖν
599 2508 776 2552 τυμβοχόα
791 2507 981 2552 χειρώματα

258 2562 333 2607 μήτ’
352 2563 558 2607 ὀξυμόλποις
573 2559 784 2607 προσσέβειν
800 2557 1020 2603 οἰμώγμασιν,

258 2615 375 2660 ἄτιμον
392 2610 474 2649 εἶναι
491 2612 520 2647 δ’
540 2612 687 2657 ε’κφορᾶς
704 2610 822 2656 φίλων
839 2608 916 2644 ὕπο·

255 2666 379 2702 τοιαῦτ’
398 2665 494 2708 ἔδοξε
511 2664 596 2712 τῷδε
614 2662 787 2707 Καδμείων
803 2661 910 2696 τέλει,

1107 2675 1184 2708 ¹0¹5

259 2719 325 2766 ἐγὼ
342 2718 379 2753 δὲ
397 2716 570 2761 Καδμείων
585 2730 627 2763 γε
642 2714 849 2761 προστάταις
863 2713 966 2759 λέγω,

259 2770 299 2815 ἢν
314 2769 359 2815 μή
377 2784 428 2806 τις
444 2769 556 2804 ἄλλος
567 2767 663 2802 τόνδε
681 2765 882 2801 συνθάπτειν
899 2765 997 2809 θέλῃ,

259 2822 326 2869 ε’*γό
344 2822 417 2868 σφε
434 2820 536 2866 θάψω
554 2819 636 2854 κάνὰ
653 2818 803 2853 κίνδυνον
818 2819 916 2859 βαλῶ

259 2872 392 2919 θάψασ’
410 2872 563 2917 ἀδελφὸν
578 2872 637 2905 τὸν
655 2870 745 2914 ἐμὸν,
764 2866 835 2904 οὐδ’
851 2866 1053 2914 αἷσχῦνομαι

260 2924 376 2971 {gova-¹
395 2924 539 2960 ὅπιστον
555 2921 644 2967 τήνδ’
664 2921 823 2968 ἀναρχίαν
839 2922 954 2956 πόλει.
1105 2934 1186 2966 ¹⁰30
1207 2925 1210 2954 ζ

1231 2260 1313 2291 tiha.

1232 2619 1314 2649 tini.

1332 387 1439 421 δεινὸν
1456 387 1495 421 τὸ
1512 385 1622 421 κοινὸν
1639 386 1851 432 σπλάγχνον,
1869 382 1910 420 οὗ
1926 381 2130 429 πεφύκαμεν,

1330 439 1454 484 μητρὸς
1471 438 1627 481 ταλαίνης
1643 437 1728 473 κάπὸ
1746 436 1911 481 δυστήνου
1927 438 2061 483 πατρός.

1330 490 1448 536 τοιγὰρ
1465 489 1607 525 θέλουσ’
1624 489 1736 524 ἄκοντι
1754 491 1899 524 κοινώνει
1917 491 2023 524 κακῶν

1330 542 1442 588 ψυχὴ,
1462 542 1594 577 θανόντι
1612 542 1705 584 ζῶσα
1723 543 1878 588 συγγόνῳ
1896 541 2008 587 φρενί.

1329 592 1450 629 τούτου
1468 594 1505 628 δὲ
1523 595 1650 638 σάρκας
1666 594 1743 628 οὐδὲ
1761 594 2022 639 κοιλογάστορες

1328 645 1426 680 λύκοι
1443 646 1645 681 σπάσονται·
1673 646 1718 689 μὴ
1736 645 1909 688 δοκησάτω
1927 645 2002 679 τινί.

1328 698 1440 743 τάφον
1455 698 1522 744 γὰρ
1539 697 1620 741 αὐτὴ
1639 697 1692 730 καὶ
1710 695 1928 740 κατασκαφὰς
1946 695 2022 741 ἐγὼ,

1327 748 1410 796 γυνή
1427 763 1492 795 περ
1509 748 1607 791 οὖσα,
1626 748 1711 796 τῷδε
1727 746 1962 792 μηχανήσομαι

1329 803 1444 849 κόλπῳ
1461 801 1618 847 φέρουσα
1632 800 1804 843 βυσσίνου
1820 800 2054 842 πεπλώματος.

1329 853 1429 897 καύτὴ
1447 851 1606 898 καλύψω·
1633 852 1718 897 μηδέ
1733 866 1780 898 τῳ
1798 851 1879 894 δόξῃ
1897 851 2011 885 πάλιν·

1329 905 1449 951 θάρσει
1465 905 1631 950 παρέσται
1648 904 1778 949 μηχανὴ
1797 901 2011 948 δραστήριος.

1225 962 1302 991 KH.
1327 957 1416 991 αὐδῶ
1432 958 1539 992 πόλιν
1557 971 1598 990 σε
1614 956 1659 1000 μὴ
1677 955 1855 997 βιάζεσθαι
1872 955 1960 988 τόδε.

1227 1013 1299 1042 AN.
1325 1008 1414 1042 αὐδῶ
1432 1021 1475 1042 σε
1491 1006 1536 1051 μὴ
1554 1006 1706 1052 περισσὰ
1723 1004 1907 1050 κηρύσσειν
1925 1004 2012 1048 ε’μοί.

1226 1063 1302 1094 ΚΗ.
1321 1057 1447 1106 τραχύς
1463 1073 1504 1105 γε
1520 1058 1633 1102 μέντοι
1651 1058 1755 1101 δῆμος
1773 1056 1929 1102 ἐκφυγὼν
1946 1055 2041 1089 κακά.

1226 1116 1298 1146 AN.
1323 1109 1472 1157 τράχυν’,
1491 1109 1639 1145 ἄθαπτος
1656 1108 1685 1143 δ’
1705 1107 1803 1144 οὗτος
1819 1108 1859 1142 οὗ
1876 1106 2064 1153 γενήσεται.

1226 1168 1303 1197 KH.
1323 1162 1402 1197 ἀλλ’
1421 1161 1460 1197 ὃν
1475 1163 1577 1197 πόλις
1595 1162 1724 1207 στυγεῖ,
1745 1160 1790 1194 σὺ
1807 1158 1960 1204 τιμήσεις
1977 1159 2075 1205 τάφῳ
2090 1171 2097 1197 ;

1223 1218 1298 1249 AN.
1323 1215 1385 1259 ἤδη
1403 1214 1445 1249 τὰ
1461 1213 1550 1248 τοῦδ’
1569 1213 1610 1247 οὗ
1628 1212 1853 1256 διατετίμηται
1871 1211 1972 1246 θεοῖς.

1224 1272 1302 1302 KH.
1321 1266 1373 1306 οὓ,
1391 1266 1471 1312 πρίν
1486 1280 1527 1312 γε
1543 1266 1657 1311 χώραν
1673 1263 1771 1308 τήνδε
1789 1261 1926 1310 κινδύνῳ
1943 1264 2077 1304 βαλεῖν.

1224 1324 1298 1353 AN.
1319 1318 1435 1354 παθὼν
1452 1321 1558 1354 κακῶς
1575 1318 1726 1351 κακοῖσιν
1743 1315 1973 1360 ἀντημείβετο.

1224 1376 1302 1406 ΚΗ.
1322 1369 1399 1405 ἀλλ’
1419 1369 1466 1405 εἰς
1482 1370 1628 1404 ἅπαντας
1645 1367 1719 1402 ἀνθ’
1739 1369 1811 1403 ἑνὸς
1828 1366 1896 1401 τόδ’
1916 1367 2015 1412 ἔργον
2032 1363 2084 1409 ἦν.

1224 1428 1298 1458 AN.
1321 1424 1390 1470 ἔρις
1405 1421 1552 1468 περαίνει
1569 1420 1675 1466 μῦθον
1692 1419 1820 1463 ὑστάτη
1840 1418 1935 1453 θεῶν.

1328 1476 1394 1522 ἐγὼ
1412 1474 1450 1510 δὲ
1468 1473 1570 1519 θάψω
1588 1472 1694 1507 τόνδε·
1724 1471 1769 1517 μὴ
1786 1473 2000 1517 μακρηγόρει.

1226 1533 1302 1562 KH.
1322 1527 1399 1562 ἀλλ’
1419 1526 1628 1568 αὐτόβουλος
1644 1522 1733 1567 ἴσθ’,
1753 1522 1923 1559 ἀπεννέπω
1942 1522 1971 1558 δ’
1990 1523 2068 1569 ἐγώ.

1225 1585 1296 1615 XO.
1316 1580 1384 1625 φεῦ
1402 1580 1483 1625 φεῦ.

1328 1631 1354 1666 ὦ
1370 1631 1579 1678 μεγάλαυχοι
1597 1629 1650 1664 καὶ
1667 1627 1903 1676 φθερσιγενεῖς

1329 1685 1437 1730 Κῆρες
1454 1680 1611 1728 Ἐρινύες,
1630 1679 1692 1716 αἵτ’
1713 1680 1875 1716 Οἰδιπόδα

1325 1735 1423 1781 γένος
1440 1734 1592 1768 ὠλέσατε
1608 1733 1797 1778 πρυμνόθεν
1813 1730 1931 1767 οὕτως.

1328 1788 1362 1822 τί
1379 1786 1498 1826 πάθω;
1526 1785 1560 1820 τί
1577 1785 1613 1820 δὲ
1632 1786 1724 1830 δρῶ;
1753 1785 1787 1819 τί
1804 1785 1840 1820 δὲ
1857 1782 2015 1829 μήσωμαι
2031 1794 2039 1822 ;

1326 1843 1398 1875 πῶς
1415 1836 1577 1883 τολμήσω
1594 1835 1677 1882 μήτε
1696 1837 1737 1871 σὲ
1755 1837 1882 1871 κλαίειν

1328 1890 1412 1936 μήτε
1428 1889 1636 1937 προπέμπειν
1654 1889 1709 1924 ἐπὶ
1725 1887 1844 1936 τύμβῳ
1857 1901 1865 1927 ;

1329 1942 1421 1978 ἀλλὰ
1437 1942 1612 1988 φοβοῦμαι
1631 1940 1878 1988 κάποτρέπομαι

1331 1995 1428 2039 δεῖμα
1443 1995 1603 2029 πολιτῶν.

1330 2045 1376 2081 σύ
1392 2061 1433 2093 γε
1449 2045 1514 2091 μὴν
1529 2046 1670 2080 πολλῶν
1685 2043 1900 2090 πενθητήρων

1330 2097 1450 2142 τεύξει·
1480 2099 1585 2133 κεῖνος
1602 2095 1630 2131 δ’
1651 2099 1670 2131 ὁ
1687 2098 1794 2132 ταλας
1810 2096 1911 2142 ἄγοος

1330 2151 1558 2196 μονόκλαυτον
1575 2149 1662 2194 ἔχων
1682 2149 1803 2194 θρῆνον
1820 2148 1971 2193 ἀδελφῆς

1330 2200 1411 2238 εἶσι.
1439 2201 1491 2238 τίς
1507 2201 1548 2236 ἂν
1564 2203 1670 2236 ταῦτα
1685 2200 1817 2236 πίθοιτο
1830 2212 1839 2239 ;

1329 2256 1438 2302 δράτω
1456 2267 1488 2289 τι
1504 2254 1603 2289 πόλις
1624 2254 1678 2288 καὶ
1694 2252 1739 2297 μὴ
1758 2252 1867 2298 δράτω

1331 2307 1409 2343 τοὺς
1426 2306 1604 2342 κλαίοντας
1620 2304 1820 2347 Πολυνείκη.

1331 2359 1424 2403 ἡμεῖς
1441 2358 1501 2403 μὲν
1515 2355 1595 2403 ἴμεν
1611 2358 1665 2392 καὶ
1683 2355 1904 2402 συνθάψομεν

1332 2409 1403 2446 αἵδε
1419 2409 1631 2455 προπομποί.

1333 2462 1385 2497 καὶ
1401 2463 1467 2509 γὰρ
1487 2463 1585 2508 γενεᾷ
1602 2461 1711 2496 κοινὸν
1727 2459 1796 2495 τόδ’
1815 2458 1909 2504 ὄχος,

1333 2515 1385 2549 καὶ
1401 2515 1504 2550 πόλις
1521 2513 1636 2549 ἄλλως

1332 2564 1451 2600 ἄλλοτ’
1471 2566 1596 2601 ἐπαινεῖ
1610 2565 1653 2599 τὰ
1670 2564 1790 2599 δίκαια.

1330 2614 1427 2659 ἡμεῖς
1444 2612 1473 2650 δ’
1491 2615 1559 2659 ἅμα
1575 2613 1666 2663 τῷδ’,
1685 2614 1802 2656 ὥσπερ
1819 2627 1855 2648 τε
1872 2615 1971 2650 πόλις

1332 2666 1389 2701 καὶ
1407 2667 1447 2701 τὸ
1465 2666 1593 2701 δίκαιον
1609 2666 1808 2710 ξυνεπαινεῖ.

1335 2718 1419 2764 μετὰ
1434 2718 1500 2765 γὰρ
1516 2718 1664 2764 μάκαρας
1681 2718 1735 2752 καὶ
1752 2716 1832 2754 Διὸς
1850 2717 1952 2763 ἰσχὺν

1337 2769 1395 2804 ὅδε
1411 2769 1585 2814 Καδμείων
1601 2769 1704 2816 ἤρυξε
1720 2770 1822 2805 πόλιν

1335 2821 1584 2867 μάνατραπῆναι

1335 2872 1411 2917 μηδ’
1429 2873 1632 2908 ἀλλοδαπῶν
1649 2871 1767 2918 κῦματι
1784 2874 1908 2919 φωτῶν

1337 2924 1604 2970 κατακλυσθῆναι
1620 2925 1663 2960 τὰ
1678 2926 1840 2970 μάλιστα.

2205 284 2254 327 23

2177 605 2253 637 1035

2176 866 2255 895 ¹040

2179 1118 2256 1149 1045

2179 1378 2259 1409 1050

2182 1687 2258 1720 1055

2184 1941 2263 1973 1060

2185 2199 2261 2241 1065

2185 2468 2264 2502 1070

2189 2780 2265 2815 ¹0⁷5
