2488 3860
1063 265 1336 314 ΟΡΝΙΘΕΣ.

162 360 302 405 ἙΠΟΨ.
441 362 500 404 τὰς
518 367 667 413 νεφέλας
683 382 723 415 γε
740 369 793 405 καὶ
809 370 867 406 τὸν
883 369 1033 418 οὐρανόν.

162 427 236 456 HE.
265 422 329 467 οὐχ
346 418 443 456 οὗτος
459 419 518 455 οὖν
535 419 641 465 δήπου
657 420 746 457 ’στὶν
762 421 902 469 ὀρνίθων
917 424 1044 463 πο’λος;

162 477 300 510 ΕΠΟΨ.
326 473 453 513 πόλος;
481 472 553 508 τίνα
570 475 694 519 τρόπον
708 487 718 515 ;

1131 479 1190 511 180

772 526 887 574 ὥσπερ
904 525 991 564 εἴποι
1007 541 1058 565 τις
1073 529 1187 565 τόπος.

263 576 335 622 οτιὴ
353 577 390 612 δὲ
406 578 559 612 πολεῖται
575 580 674 613 τοῦτο
692 580 745 614 καὶ
763 580 928 627 διέρχεται

263 630 402 668 ἅπαντα,
423 629 478 664 διὰ
494 631 594 664 τοῦτό
609 645 650 676 γε
663 632 810 666 καλεῖται
828 635 885 667 νῦν
900 633 1019 669 πόλος·

263 680 303 726 ἢν
320 680 348 717 δ’
367 681 514 725 οἰκίσητε
530 685 630 717 τοῦτο
647 683 701 718 καὶ
719 682 864 731 φάρξηθ’
884 684 986 728 ἅπαξ,

265 734 301 767 ἐκ
319 735 378 768 τοῦ
394 735 506 768 πόλου
521 732 642 769 τούτου
655 734 851 779 κεκλήσεται
867 738 980 772 πόλις.

265 785 347 820 ὥστ’
365 784 474 831 ἄρξετ’
493 786 674 832 ἀνθρώπων
689 787 750 831 μὲν
768 787 883 835 ὥσπερ
899 789 1087 835 παρνόπων,
1133 793 1188 834 185

263 837 341 873 τοὺς
358 838 387 873 δ’
406 836 450 872 αὖ
468 837 562 874 θεοὺς
579 839 735 874 ἀπολεῖτε
751 841 840 889 λιμῷ
858 841 991 889 Μηλίῳ.

163 895 298 925 ΕΠΟΨ.
326 892 417 926 πῶς·
408 916 418 931 ,

161 946 236 978 HE.
443 942 478 977 ἐν
494 942 589 991 μέσω
607 942 806 1009 δήπουθεν’
787 942 850 990 αήρ
869 945 943 980 ε’στι
959 947 1031 992 γῆς.

267 991 332 1030 εἶθ’
351 995 467 1041 ὥσπερ
483 994 588 1039 ἡμεῖς,
607 995 647 1040 ἦν
664 995 745 1031 ἴέναι
762 996 964 1042 βουλώμεθα

264 1046 416 1087 Πυθώδε,
435 1047 600 1083 Βοιωτους
617 1048 730 1083 δίοδον
746 1047 936 1094 αἷτουμεθα,

265 1097 383 1139 οὕτως,
402 1098 482 1134 ὅταν
499 1097 652 1135 θύσωσιν
668 1099 836 1148 ἅνθρωποι
854 1101 954 1143 θεοῖς,

265 1150 306 1196 ἢν
323 1151 368 1196 μὴ
387 1152 496 1197 φόρον
514 1151 667 1198 φέρωσιν
684 1152 761 1198 ὑμῖν
778 1153 810 1188 οἶ
829 1153 911 1194 θεοὶ,

266 1203 321 1239 διὰ
337 1204 396 1248 τῆς
412 1204 544 1240 πόλεως
561 1206 619 1249 τῆς
636 1205 819 1251 ἀλλοτρίας
837 1206 890 1240 καὶ
907 1208 966 1241 τοῦ
983 1206 1086 1252 χάους

265 1259 331 1292 τῶν
346 1257 472 1303 μηρίων
489 1256 548 1301 τὴν
566 1258 682 1292 κνῖσαν
699 1257 739 1292 οὔ
757 1256 975 1304 διαφρήσετε.

163 1309 300 1345 ΕΠΟΨ.
331 1307 382 1343 ἶοὺ
400 1307 464 1343 ἶοῦ·

266 1362 312 1406 μὰ
327 1362 404 1407 γῆν,
422 1360 469 1406 μὰ
485 1360 639 1407 παγίδας,
658 1362 705 1405 μὰ
722 1362 879 1408 νεφέλας,
898 1362 945 1407 μὰ
962 1362 1088 1406 δίκτυα,

266 1412 311 1458 μὴ
327 1412 389 1460 ’γῶ
406 1414 511 1458 νόημα
527 1414 740 1460 κομψότερον
757 1416 886 1459 ἤκουσά
902 1423 970 1450 πω·

268 1464 349 1500 ὣστ’
367 1465 408 1500 ἂν
425 1465 639 1511 κατοικίζοιμι
655 1466 739 1511 μετὰ
756 1469 822 1501 σοῦ
839 1466 899 1511 τὴν
914 1468 1026 1508 πόλιν,

267 1517 297 1552 εἷ
314 1517 486 1562 ξυνδοκοίη
504 1520 614 1553 τοῖσιν
631 1517 751 1554 ἅλλοις
767 1517 906 1565 ὀρνέοις.

164 1571 240 1606 HE.
268 1570 320 1606 τίς
337 1569 377 1605 ἂν
394 1568 452 1605 οὖν
469 1570 507 1604 τὸ
524 1569 648 1617 πρᾶγμ’
667 1571 779 1607 αὐτοῖς
797 1570 1016 1618 διηγήσαιτο;
1062 1595 1065 1599 -

165 1627 302 1658 ΕΠοΨ.
1047 1621 1106 1660 σύ.

269 1674 335 1721 ἐγὼ
351 1675 417 1721 γὰρ
434 1673 553 1710 αὐτοὺς
568 1676 763 1721 βαρβάρους
780 1674 875 1712 ὄντας
892 1677 959 1722 πρὸ
975 1677 1036 1712 τοῦ

269 1726 405 1770 ἐδίδαξα
421 1726 481 1770 τὴν
497 1726 624 1773 φωνὴν,
644 1727 751 1771 ξυνὼν
766 1727 876 1763 πολὺν
892 1728 1027 1775 χρόνον.

167 1783 241 1814 ΠΕ.
269 1781 340 1815 πῶς
357 1777 426 1824 δῆτ’
444 1778 485 1814 ἂν
501 1778 621 1816 αὖτοὺς
637 1779 899 1827 ξυγκαλέσειας;

168 1834 305 1867 ΕΠοΨ.
1023 1830 1158 1879 ῥᾳδίως.

270 1883 362 1929 δευρὶ
378 1883 444 1930 γὰρ
462 1882 567 1928 ἐμβὰς
583 1883 699 1918 αὐτίκα
715 1883 795 1928 μάλ’
814 1884 849 1921 ἐς
865 1882 925 1929 τὴν
941 1885 1085 1930 λόχμην,

270 1934 372 1971 ἔπειτ’
390 1935 560 1982 ἀνεγείρας
576 1935 636 1980 τὴν
653 1936 739 1981 ἐμὴν·
749 1937 883 1981 ἀηδόνα,

267 1987 432 2030 καλοῦμεν
448 1985 580 2023 αὐτούς·
608 1987 641 2022 οἱ
658 1987 696 2023 δε
712 1989 778 2036 νῷν
793 1989 855 2022 τοῦ
872 1987 1066 2034 φθέγματος

267 2037 387 2084 ἐάνπερ
404 2037 631 2080 ἐπακούσωσι,
651 2037 828 2074 θευσονται
845 2039 969 2088 δρόμω.

164 2092 239 2126 HE.
267 2087 294 2123 ὦ
312 2087 451 2134 φίλτατ’
469 2090 610 2137 ὀρνίθων
626 2091 683 2134 σὺ,
701 2090 747 2136 μή
765 2106 823 2126 νυν
840 2090 970 2126 ἕσταθι·

187 2160 200 2174 0
266 2139 345 2176 ἀλλ’
362 2141 530 2184 ἀντιβολῶ
548 2142 595 2183 σ’,
614 2142 667 2189 ὅγ’
686 2143 730 2179 ῶς
746 2142 880 2189 τάχιστ’
900 2144 934 2180 ἐς
950 2142 1011 2187 τὴν
1026 2143 1158 2189 λόχμην

266 2193 405 2235 ἔσβαινε
422 2193 589 2241 κάνέγειρε
606 2195 666 2239 τὴν
683 2195 817 2239 ἀηδόνα.

165 2249 301 2281 Euo-It.
329 2244 391 2292 ἄγε
408 2244 554 2291 σύννομέ
567 2261 637 2292 μοι,
655 2250 783 2283 παῦσαι
799 2247 861 2293 μὲν
877 2245 995 2289 ὕπνου,

266 2298 377 2332 λῦσον
394 2298 431 2333 δὲ
449 2299 568 2343 νόμους
587 2300 683 2346 ἱερῶν
699 2298 821 2345 ὕμνων,

266 2348 324 2386 οὓς
341 2350 396 2384 διὰ
413 2349 504 2385 θείου
522 2353 689 2396 στόματος
706 2351 846 2398 θρηνεῖς,

265 2403 325 2437 τὸν
341 2402 420 2446 ἐμὸν
437 2402 491 2437 καὶ
509 2405 572 2439 σὸν
587 2403 799 2451 πολύδακρυν
808 2403 902 2439 Ἴτυν

266 2453 482 2499 ἐλελιζομένη
501 2455 622 2502 διεροῖς
638 2456 783 2501 μέλεσιν

264 2505 382 2551 γένυος
398 2506 532 2552 ξουθῆς·

266 2556 392 2603 καθαρὰ
407 2562 513 2605 χωρεῖ
529 2561 583 2595 διὰ
599 2561 822 2606 φυλλοκόμου

266 2608 440 2652 μίλακος’
425 2612 497 2656 ηχὼ
514 2613 598 2659 πρὸς
617 2614 695 2648 Διὸς
713 2613 822 2659 ἕδρας,

266 2659 307 2695 ἶν’
325 2663 344 2696 ὁ
360 2666 575 2709 χρυσοκόμας
592 2667 716 2707 Φοῖβος
733 2663 872 2700 ἀκούων.

265 2714 335 2749 τοῖς
353 2717 428 2751 σοῖς
445 2716 580 2763 ἐλέγοις
596 2717 817 2763 ἀντιψάλλων

265 2764 534 2811 ελεφαντόδετον
551 2768 736 2815 φόρμιγγα,
751 2768 835 2803 θεῶν

264 2813 383 2861 ἵστησι
399 2818 534 2866 χορούς·

265 2867 321 2902 διὰ
338 2870 367 2906 δ’
386 2871 556 2907 ἀθανάτων
573 2874 749 2918 στομάτων
764 2873 868 2919 χωρεῖ

266 2918 483 2969 ξύμφωνος*
465 2926 549 2968 ομοῦ

264 2975 338 3013 θεία
353 2976 507 3023 μακάρων
523 2975 685 3024 ὀλολυγή.

264 3025 407 3076 (αὗλεῖ.)

265 3078 292 3117 ὃ
308 3083 371 3117 Ζεῦ
385 3082 545 3124 βασιλεῦ,
564 3083 624 3116 τοῦ
641 3080 835 3128 φθέγματος
850 3078 1048 3128 τοῦρνιθίου·

265 3130 338 3170 οἶον
354 3133 599 3178 κατεμελίτωσε
616 3133 675 3178 τὴν
691 3134 823 3179 λόχμην
841 3132 934 3177 ὅλην.

160 3185 229 3222 ΕΥ.
262 3184 371 3222 οὗτος.
425 3188 500 3220 HE.
528 3186 562 3220 τί
578 3185 671 3220 ἔστιν
685 3197 694 3226 ;
749 3190 817 3220 ΕΥ.
845 3185 885 3220 οὗ
903 3182 1090 3229 σιωπήσεις
1133 3196 1191 3230 225

158 3240 237 3275 ΠΕ.
1006 3236 1040 3272 τι·
1057 3236 1111 3272 δαί
1127 3249 1137 3276 ;

159 3296 230 3328 EY.
262 3286 383 3337 οὕποψ
398 3289 562 3338 μελῳδεῖν
577 3287 620 3324 αὗ
636 3289 930 3336 παρασκευάζεται.

159 3345 297 3378 ΕΠΟῨ.
326 3342 820 3382 ἐποποποποποποποποποποῖ,

263 3393 302 3429 ἶῗυ
320 3394 371 3435 ἷῶ,
391 3393 449 3429 ἷτὼ
467 3393 525 3428 ἷτῶ
544 3392 602 3428 ἷτὼ
620 3393 678 3427 ἶτῶ

261 3445 322 3482 ἴτω
339 3461 390 3483 τις
407 3445 470 3481 ὧδε
487 3449 553 3481 τῶν
570 3446 657 3490 ἐμῶν
674 3442 879 3491 ὁμοπτέρων·

263 3498 342 3533 ὅσοι
358 3498 387 3533 τ’
406 3498 593 3543 εὐσπόρους
610 3496 774 3544 ἀγροίκων
789 3494 872 3543 γύας

264 3549 416 3597 νέμεσθε,
434 3551 530 3597 φῦλα
546 3548 646 3597 μυρία
664 3548 889 3597 κριθοτράγων

1134 1427 1191 1460 ¹9⁵

1135 1740 1195 1764 200

1135 2049 1193 2084 205

1134 2313 1192 2336 210

1136 2884 1195 2906 220

167 3082 235 3117 ΠΕ.

1137 1115 1194 1148 ¹90

1338 367 1582 415 σπερμολόγων
1599 379 1636 404 τε
1652 372 1729 416 γένη

1337 421 1423 467 ταχὺ
1438 422 1614 466 πετόμενα,
1631 420 1803 466 μαλθακὴν
1819 419 1908 456 ἱέντα
1923 418 2038 468 γῆρυν”

1337 472 1404 508 ὅσα
1420 469 1449 507 τ’
1468 474 1503 508 ἐν
1520 473 1617 508 ἄλοκι
1635 473 1723 518 θαμὰ

1334 527 1451 568 βῶλον
1467 523 1756 571 ἀμφιτιττυβίζεθ’
1776 525 1839 560 ὧδε
1855 525 1980 560 λεπτὸν

1333 577 1475 623 ἡδομένᾳ
1492 579 1601 623 φωνᾷ·

1334 631 1386 665 τιὸ
1403 630 1455 664 τιὸ
1472 630 1523 664 τιὸ
1541 631 1592 665 τιὸ
1610 630 1662 664 τιὸ
1679 630 1730 664 τιὸ
1747 630 1799 664 τιὸ
1817 631 1881 664 τιό·

1334 681 1402 717 ὅσα
1419 681 1453 716 θ’
1471 682 1562 727 ὑμῶν
1579 682 1662 717 κατὰ
1680 680 1805 726 κήπους
1823 682 1878 716 ἐπὶ
1896 682 2020 715 κισσοῦ

1335 735 1476 770 κλάδεσι
1493 735 1594 779 νομὸν
1611 735 1693 780 ἔχει,

1334 788 1376 822 τά
1392 801 1429 821 τε
1447 786 1516 821 κατ’
1535 786 1625 833 ὄρεα,
1644 787 1686 821 τά
1702 800 1739 820 τε
1756 786 1983 832 κοτινοτράγα,
2002 785 2045 819 τά
2061 798 2098 818 τε
2115 797 2261 830 κομαρο-

1334 837 1478 876 ἀνῦσατε
1494 840 1658 883 πετόμενα
1675 839 1759 885 πρὸς
1777 837 1858 883 ἐμὰν
1874 838 2001 872 ἀοιδάν·
2048 834 2172 883 [φάγα,
2201 849 2263 879 240

1334 893 1446 939 τριοτὸ
1463 892 1576 938 τριοτὸ
1594 890 1767 937 τοτοβρίξ·

1334 944 1370 980 οἵ
1384 942 1417 978 θ’
1438 943 1547 980 ἑλείας
1563 942 1640 989 παρ’
1659 943 1810 979 αὐλῶνας
1826 942 2035 987 ὀξυστόμους

1336 996 1475 1042 ἐμπίδας
1492 994 1644 1035 κάπτεθ’,
1657 994 1724 1030 ὅσα
1740 995 1768 1030 τ’
1783 995 1966 1041 εὐδρόσους
1981 995 2044 1041 γῆς
2060 994 2182 1031 τόπους
2202 1005 2260 1039 245

1334 1051 1429 1096 ἔχετε
1445 1048 1591 1093 λειμῶνά
1607 1047 1635 1082 τ’
1656 1047 1790 1092 ἐρόεντα
1807 1046 2023 1095 Μαραθῶνος,

1334 1101 1424 1148 ὅρνις
1440 1115 1478 1135 τε
1493 1100 1751 1146 πτεροποίκιλος

1334 1155 1478 1200 ἀτταγᾶς
1495 1153 1652 1199 ἀτταγᾶς.

1334 1206 1380 1241 ὧν
1396 1205 1424 1240 τ’
1444 1206 1498 1241 ε’πὶ
1514 1206 1649 1240 πόντιον
1666 1201 1765 1250 οἶδμα
1782 1204 1959 1249 θαλάσσης

1334 1260 1430 1304 φῦλα
1446 1257 1516 1303 μετ’
1536 1258 1743 1293 ἀλκυόνεσσι
1759 1259 1914 1297 ποτᾶται,

1334 1310 1421 1357 δεῦρ’
1438 1308 1489 1345 ἴτε
1505 1310 1705 1354 πευσόμενοι
1722 1310 1764 1344 τὰ
1780 1310 1934 1355 νεώτερα,

1333 1364 1440 1399 πάντα
1454 1363 1521 1409 γὰρ
1539 1361 1654 1397 ἐνθάδε
1670 1361 1753 1408 φῦλ’
1772 1358 1967 1409 ἀθροΐζομεν

1333 1416 1458 1451 οἰωνῶν
1474 1413 1705 1460 ταναοδείρων.

1333 1468 1412 1513 ἥκειν
1419 1468 1485 1515 γάρ
1502 1481 1553 1503 τις
1570 1466 1686 1514 δριμὺς
1700 1467 1866 1514 πρέσβυς,

1334 1521 1444 1556 καινὸς
1459 1520 1603 1567 γνώμην,

1327 1576 1451 1608 καινῶν
1467 1573 1574 1619 ἔργων
1590 1570 1618 1605 τ’
1638 1569 1843 1618 ἐγχειρητής.

1332 1624 1411 1661 ἀλλ’
1428 1623 1471 1661 ἴτ’
1490 1625 1524 1660 ἐς
1540 1625 1664 1670 λόγους
1681 1624 1821 1663 ἅπαντα,

1333 1679 1431 1725 δεῦρο
1449 1677 1547 1723 δεῦρο
1566 1676 1664 1722 δεῦρο
1681 1675 1793 1722 δεῦρο.

1332 1727 1723 1778 τοροτοροτοροτοροτίξ.

1332 1784 1493 1825 κικκαβαῦ
1509 1782 1682 1823 κικκαβαῦ.

1331 1831 1796 1882 τοροτοροτοροτορολιλιλίξ.

1332 1889 1412 1935 ὁρᾷς
1425 1885 1487 1922 τιν’
1505 1885 1617 1932 ὅρνινς

1658 1937 1705 1982 μὰ
1717 1937 1775 1971 τὸν
1791 1934 1950 1970 Ἀπόλλω
1968 1932 2027 1980 ’γὼ
2043 1933 2104 1978 μὲν
2120 1936 2174 1969 οὔ·

1332 1987 1438 2022 καίτοι
1456 1987 1577 2033 κέχηνά
1593 1987 1624 2033 γ’
1645 1988 1692 2025 εἷς
1708 1990 1767 2024 τὸν
1783 1989 1923 2035 οὐρανὸν
1937 1989 2091 2032 βλέπων.

1332 2038 1447 2075 (ὓλως
1463 2039 1515 2085 ἄρ’
1534 2037 1663 2087 οὕποψ,
1684 2041 1727 2076 ὣς
1744 2040 1834 2080 ἔοικ’,
1854 2042 1888 2077 ἐς
1904 2041 1964 2086 τὴν
1979 2044 2112 2088 λόχμην

1333 2091 1438 2135 ἐμβὰς
1456 2091 1572 2141 ἐπῷζε,
1590 2093 1771 2139 χαραδριὸν
1787 2092 1999 2138 μιμούμενος.

1230 2147 1298 2176 ΦΟ.
1331 2142 1466 2188 τοροτὶξ
1482 2143 1628 2189 τοροτίξ.

1230 2198 1304 2228 ΠΕ.
1333 2192 1450 2240 ὦγάθ’,
1470 2194 1561 2229 ἀλλὰ
1578 2196 1721 2240 χούτοσὶ
1738 2197 1791 2231 καὶ
1808 2195 1848 2240 δή
1866 2211 1916 2233 τις
1933 2196 2022 2244 ὅρνις
2038 2198 2182 2244 ἔρχεται.

1230 2250 1298 2280 ΕΥ.
1333 2245 1370 2290 νὴ
1389 2245 1444 2281 Δί’
1459 2245 1548 2292 ὅρνις
1565 2248 1659 2292 δῆτα.
1685 2248 1734 2283 τίς
1752 2247 1825 2282 ποτ’
1841 2249 1955 2289 ἐστίν;
1981 2250 2020 2284 οὐ
2033 2248 2140 2293 δήπου
2152 2252 2260 2290 ταῶς;

1229 2302 1303 2332 HE.
1333 2296 1430 2334 οὗτος
1442 2298 1540 2334 αὐτὸς
1551 2301 1614 2347 νῷν
1624 2300 1762 2344 φράσει·
1778 2300 1828 2336 τίς
1839 2301 1932 2335 ἐστιν
1942 2300 2032 2347 ὅρνις
2044 2301 2165 2337 οὑτοσί
2174 2314 2185 2342 ;
2202 2313 2263 2346 270

1230 2353 1365 2384 ΕΠΟΨ.
1394 2348 1491 2386 οὗτος
1508 2351 1548 2385 οὐ
1566 2354 1631 2386 τῶν
1647 2349 1778 2396 ἠθάδων
1794 2351 1888 2387 τῶνδ’
1907 2352 1953 2388 ῶν
1969 2352 2065 2399 ὁρᾶθ’
2084 2354 2177 2399 ὑμεῖς
2197 2354 2261 2395 ἀεὶ,

1333 2402 1424 2436 ἀλλὰ
1440 2403 1603 2447 λιμναῖος.

1230 2459 1306 2488 HE.
1628 2456 1746 2497 βαβαὶ,
1766 2457 1866 2492 καλός
1882 2471 1922 2503 γε
1939 2457 1992 2492 καὶ
2009 2457 2205 2503 φοινικιοῦς.

1230 2509 1364 2541 ΕΠΟΨ.
1394 2505 1537 2543 εἰκότως·
1568 2507 1621 2542 καὶ
1650 2508 1715 2554 γὰρ
1742 2507 1831 2552 ὄνομ’
1865 2510 1952 2558 αὐτῷ
1981 2509 2014 2557 γ’
2046 2510 2122 2545 ἐστὶ
2151 2511 2263 2557 φοινι-

1385 2560 1554 2605 κόπτερος-

1231 2615 1299 2644 ΕΥ.
1331 2609 1439 2654 οὗτος,
1459 2609 1486 2644 ὦ
1504 2609 1547 2645 σε’
1562 2625 1627 2646 τοι.
1682 2616 1754 2646 ΠΕ.
1783 2612 1816 2647 τί
1831 2614 2019 2660 βωστρεῖς;

1231 2666 1299 2696 ΕΥ.
1896 2665 2007 2712 ἔτερος
2024 2665 2113 2713 ὅρνις
2130 2667 2262 2703 οὑτοσί.

1231 2719 1305 2749 ΠΕ.
1335 2714 1372 2758 νὴ
1385 2713 1441 2748 Δί’
1455 2714 1566 2761 ἕτερος
1579 2715 1661 2759 δῆτα
1677 2713 1799 2760 χουτος
1812 2716 1946 2763 ἔξεδρον
1957 2719 2072 2764 χώραν
2088 2720 2187 2764 ἔχων.
2204 2731 2241 2763 27
2245 2732 2264 2764 5

1333 2766 1382 2802 τίς
1394 2765 1468 2801 ποτ’
1483 2765 1559 2801 εσθ’
1575 2769 1593 2801 ὁ
1606 2768 1829 2811 μουσόμαντις
1845 2768 1968 2806 ατοπος
1981 2770 2069 2817 ὅρνις
2082 2771 2263 2818 ὄριβάτης·
2252 2797 2263 2812 ,

1232 2822 1367 2852 ΕΠΟΨ.
1396 2817 1499 2863 ὄνομα
1516 2817 1623 2866 τούτῳ
1642 2820 1791 2863 Μῆδός’
1774 2834 1860 2855 εστι.

1231 2875 1305 2904 HE.
1802 2873 1938 2917 Μῆδος·
1928 2900 1938 2914 ,
1968 2872 2056 2919 ὦναξ
2071 2874 2263 2922 Ἡράκλεις·

1333 2918 1404 2956 εἶτα
1420 2925 1490 2957 πῶς
1507 2921 1583 2956 ἄνευ
1602 2922 1751 2967 καμήλου
1769 2923 1884 2969 Μῆδος
1900 2925 1946 2960 ὣν
1962 2925 2162 2962 εἰσέπτατο·
2153 2954 2163 2968 ,

1234 2977 1303 3007 ΕΥ.
1338 2973 1450 3019 ἕτερος
1466 2988 1507 3007 αυ
1523 2975 1636 3019 λόφον
1654 2977 1862 3022 κατειληφώς
1877 2991 1928 3013 τις
1945 2976 2035 3023 ὅρνις
2052 2979 2182 3014 ουτοσί.

1232 3030 1305 3059 ΠΕ.
1334 3025 1368 3059 τί
1384 3026 1422 3059 τὸ
1440 3026 1536 3070 τέρας
1553 3026 1646 3060 τουτί
1658 3027 1732 3061 ποτ’
1747 3028 1863 3069 ἐστίν;
1882 3029 1922 3063 οὗ
1937 3043 1982 3064 συ
1993 3032 2094 3075 μόνος
2111 3031 2162 3078 αρ’
2179 3029 2262 3075 ἦσθ’

1336 3077 1427 3110 ἀλλὰ
1442 3075 1565 3122 χουτος
1582 3077 1715 3125 ἕτερος·
1706 3106 1715 3122 ,
2031 3081 2155 3129 [ἔποψ.
2205 3088 2266 3119 280

1233 3133 1369 3163 ΕΠΟΨ.
1680 3130 1758 3166 ἀλλ’
1776 3130 1873 3168 οὗτος
1889 3131 1950 3177 μέν
1970 3133 2045 3168 ἐστι
2062 3135 2267 3172 Φιλοκλέους

1337 3180 1412 3223 εξ*
1391 3193 1527 3220 εποπος,
1543 3180 1608 3227 ἐγὼ
1626 3181 1663 3216 δὲ
1681 3182 1798 3218 τούτου
1811 3185 1957 3228 πάππος,
1973 3185 2089 3233 ὥσπερ
2106 3187 2136 3221 εἰ
2152 3187 2266 3234 λέγοις

1333 3231 1519 3267 Ἱππόνικος
1537 3234 1689 3269 Καλλίου
1706 3235 1768 3279 κάξ
1784 3235 1973 3271 Ἱππονίκου
1991 3238 2152 3275 Καλλίας.

1233 3289 1307 3318 ΠΕ.
1336 3282 1525 3319 Καλλίας*
1502 3283 1553 3330 αρ’
1571 3283 1669 3322 ουτος
1685 3301 1796 3333 ουρνις
1813 3288 1919 3323 ἐστίν·
1948 3289 1992 3325 ὡς
2008 3292 2216 3337 πτερορρυεῖ.

1232 3339 1366 3370 ΕΠΟΨ.
1394 3334 1453 3370 ἅτε
1468 3335 1534 3382 γὰρ
1551 3334 1597 3372 ὣν
1615 3340 1763 3384 γενναῖος
1780 3339 1844 3375 ὑπὸ
1867 3343 1933 3375 τῶν
1951 3342 2171 3387 συκοφαντῶν
2190 3342 2265 3377 τίλ-

1385 3388 1490 3427 λεται,
2204 3399 2262 3440 285

1335 3436 1371 3472 αἶ
1386 3453 1422 3473 τε
1439 3437 1568 3483 θήλειαι
1585 3443 1894 3487 προσεκτίλλουσιν
1911 3445 2012 3480 αὐτοῦ
2029 3446 2071 3480 τὰ
2087 3447 2205 3492 πτερά.

2203 532 2261 566 235

2203 1216 2264 1249 250

2203 1475 2261 1512 ²55

2200 1729 2262 1762 260

1229 1893 1305 1924 HE.

1230 1945 1299 1977 ΕΥ.

1229 2042 1304 2072 ΠΕ.
2205 2047 2263 2089 265

1130 3508 1215 3540 230
1233 3495 1307 3527 HE.
1337 3490 1363 3524 ὦ
1382 3491 1559 3531 Πόσειδον,
1579 3492 1690 3539 ἕτερος
1707 3493 1749 3529 αὖ
1765 3508 1816 3531 τις
1831 3495 1998 3538 βαπτὸς*
1978 3511 2068 3543 ορνις
2086 3497 2219 3539 οὑτοσί.

1335 3543 1386 3579 τίς
1402 3542 1594 3588 ὀνομάζεταί
1609 3545 1689 3581 ποθ’
1709 3545 1829 3583 ουτος·
1820 3573 1830 3589 ,
