2488 3860
1043 260 1352 299 BATPAXOI.
1910 274 1914 280 ·
2179 266 2258 306 555

151 358 219 392 ΞΑ.
973 357 1034 392 ποῖ
1050 357 1079 391 δ’
1098 357 1163 403 ἐγώ
1177 369 1187 397 3

153 412 208 442 ΔΙ.
251 406 350 453 ἱερεῦ,
369 403 579 451 διαφύλαξόν
594 406 641 451 μ’,
660 404 699 442 ’ἶν’
719 407 745 442 ὦ
764 421 822 443 σοι
839 407 1020 454 ξυμπότης.

154 462 221 496 ΞΑ.
248 454 469 503 ἀπολούμεθ’,
489 457 577 502 ὦναξ
593 458 784 499 *Ηράκλειμ

150 515 209 546 ΔῙ.
830 512 869 547 οὗ
881 512 926 557 μὴ
945 514 1056 549 καλεῖς
1072 512 1119 558 μ’,

254 561 421 608 ὦνθρωφ’,
441 560 586 603 ἱκετεύω,
605 564 687 608 μηδὲ
705 566 849 611 κατερεῖς
866 567 1022 610 τοῦνομα.

150 619 220 652 ΞΑ.
250 616 394 649 Διόνυσε
411 614 533 650 τοίνυν.
571 621 629 650 ΔΙ.
655 616 743 651 τοῦτ’
763 616 813 651 ἔθ’
828 616 928 660 ἦττον
947 616 1097 664 θατέρου.
1128 632 1188 661 300

151 671 221 704 ΞΑ.
249 664 298 701 ἴθ’
315 663 401 713 ᾗπερ
420 667 524 713 ἔρχει.
554 668 651 714 δεῦρο
670 668 769 715 δεῦρ’,
790 668 815 703 ὦ
835 669 995 704 δέσποτα.

151 724 210 754 ΔΙ.
251 718 286 753 τί
322 718 331 731 ’
350 719 447 759 ἔστω

151 775 220 808 ΞΑ.
475 770 601 818 θάρρει·
630 772 725 807 πάντ’
743 772 851 819 ἀγαθὰ
868 774 1093 820 πεπράγαμεν,

254 822 370 868 ἔξεστί
387 822 421 858 θ’
441 823 556 870 ὥσπερ
573 823 769 870 Ἱ-Ιγέλοχος
787 824 863 869 ἡμῖν
880 825 1003 871 λέγειν·

255 876 292 911 ἐκ
310 876 461 921 κυμάτων
477 876 543 922 γὰρ
561 875 655 912 αὖθις
672 875 713 911 αὖ
730 876 847 923 γαλήν’
866 879 946 923 ὁρῶ.

255 928 414 973 ἥμπουσα
427 926 572 973 φρούδη.
603 934 660 963 ΔΙ.
675 930 875 973 κατόμοσον.
903 933 973 965 ΞΑ.
987 929 1025 974 νὴ
1043 930 1101 964 τὸν
1112 929 1187 964 Δία.

152 987 212 1018 ΔΙ.
254 979 366 1016 καῦθις
385 981 585 1024 κατόμοσον.
641 985 711 1016 ΞΑ.
741 980 778 1024 νὴ
798 980 868 1016 Δί’.
1128 985 1191 1025 306

153 1039 213 1069 ΔΙ.
761 1032 900 1077 ὄμοσον.
955 1036 1024 1069 ΞΑ.
1054 1033 1091 1079 νὴ
1110 1034 1187 1069 Δία.

153 1091 213 1121 ΔΙ.
255 1083 344 1130 οἴμοι
361 1086 476 1125 τάλας,
496 1085 540 1120 ὡς
558 1083 699 1131 ὦχρίασ’
718 1084 819 1129 αὐτὴν
837 1085 926 1120 ἷδών”

151 1142 222 1175 ΞΑ.
258 1138 310 1173 ὁδὶ
329 1137 365 1172 δὲ
384 1137 499 1173 δείσας
516 1137 783 1183 ὑπερεπυρρίασέ
799 1151 876 1182 μου.

154 1195 212 1226 ΔΙ.
255 1188 356 1234 οἴμοι,
375 1189 478 1224 πόθεν
494 1203 551 1234 μοι
569 1189 610 1223 τὰ
628 1189 710 1223 κακὰ
727 1189 821 1223 ταυτὶ
838 1189 1074 1235 προσέπεσεν;

255 1241 315 1277 τίν’
335 1241 534 1285 αἷτιάσωμαι
552 1240 636 1275 θεῶν
651 1238 685 1285 μ’
703 1239 911 1282 ἀπολλύναι;

258 1293 374 1340 αἰθέρα
392 1294 471 1329 Διὸς
489 1294 663 1337 δωμάτιον,
682 1291 702 1336 ἢ
720 1294 844 1338 χρόνου
861 1294 970 1334 πόδας

154 1351 225 1384 ΞΑ.
254 1344 364 1382 οὗτος.
385 1351 443 1380 ΔΙ.
456 1345 489 1379 τί
500 1346 608 1385 ἔστιν;
628 1349 698 1380 ΞΑ.
712 1345 751 1379 οὐ
763 1344 990 1389 κατήκουσας;
1013 1352 1067 1381 ΔΙ.
1083 1346 1190 1390 τίνος;

154 1403 227 1436 ΞΑ.
255 1399 367 1434 αὐλῶν
382 1399 498 1443 πνοῆς.

156 1456 216 1487 ΔΙ.
526 1450 643 1496 ἔγωγε,
663 1448 716 1483 καὶ
735 1447 842 1494 δᾴδων
858 1449 900 1495 γέ
914 1464 955 1494 με

258 1504 344 1549 αὔρα
359 1516 410 1538 τις
427 1501 624 1537 εἰσέπνευσε
640 1502 884 1546 μυστικωτάτη.

258 1552 340 1590 ἀλλ’
358 1552 454 1601 ἠρεμὶ
470 1552 653 1598 πτήξαντες
670 1552 922 1599 ἀκροασώμεθα.
1131 1568 1192 1600 3¹5

156 1613 232 1644 XO.
250 1606 372 1652 Ἴακχ’,
393 1605 557 1651 ὦἼακχε.

250 1658 372 1705 Ἴακχ’,
393 1657 557 1703 ὦἼακχε.

159 1717 229 1751 ἧΑ.
257 1710 347 1747 τοῦτ’
365 1710 436 1746 ἔστ’
457 1709 563 1750 ἐκεῖν’,
583 1709 609 1744 ὦ
627 1709 784 1751 δεσποθ’,
805 1709 838 1744 oi
854 1709 1053 1755 μεμυημένοι

261 1763 402 1798 ἐνταῦθά
417 1777 484 1799 που
500 1762 689 1805 παίζουσιν,
709 1761 767 1799 οὓς
784 1763 910 1808 ἔφραζε
927 1764 1001 1811 νῷν.

242 1814 382 1863 <ᾅδουσι
398 1818 481 1862 γοῦν
497 1816 556 1850 τὸν
565 1813 704 1860 Ἴακχον
721 1814 823 1860 ὅνπερ
841 1815 1018 1861 Διαγόρας.
1064 1847 1099 1863 „¹
1130 1828 1195 1862 320

162 1875 220 1906 ΔΙ.
266 1868 363 1913 κάμοὶ
381 1868 551 1902 δοκοῦσιν.
582 1866 727 1911 ἡσυχίαν
744 1866 855 1901 τοίνυν
872 1866 964 1914 ἄγειν

261 1920 452 1963 βέλτιστόν
470 1919 574 1959 ἐστιν,
594 1919 638 1954 ὦς
655 1919 695 1953 ἂν
712 1918 848 1963 εἰδῶμεν
867 1920 1000 1963 σαφῶς.

159 1974 233 2006 XO.
253 1968 377 2015 Ἴακχ’,
396 1969 423 2004 ὦ
440 1969 638 2016 πολυτίμητ’
657 1970 693 2005 ἐν
711 1969 820 2016 ἕδραις
839 1969 953 2004 ἐνθάδε
971 1970 1083 2010 ναίων,
1122 1986 1198 2018 στρ.

255 2019 380 2068 Ἴακχ’,
400 2021 426 2056 ὦ
436 2020 565 2068 Ἴακχε,
1139 2033 1199 2066 325

264 2073 348 2109 ἐλθὲ
365 2073 454 2111 τόνδ’
473 2074 534 2109 ἀνὰ
550 2076 696 2119 λειμῶνα
711 2071 898 2120 χορεύσων,

265 2125 382 2162 ὁσίους
401 2126 435 2164 ἐς
453 2125 632 2166 θιασώτας,

265 2176 484 2225 πολύκαρπον
499 2178 560 2223 μὲν
577 2178 748 2213 τινάσσων

267 2229 345 2276 περὶ
362 2231 457 2277 κρατὶ
475 2232 526 2279 σῷ
544 2229 692 2277 βρύοντα

270 2281 441 2328 στέφανον
457 2281 600 2328 μύρτων·
631 2282 751 2329 θρασεῖ
768 2280 795 2317 δ’
816 2278 1065 2328 ἐγκατακρούων
1141 2293 1204 2323 330

270 2334 350 2369 ποδὶ
366 2334 428 2369 τὰν
444 2335 636 2369 ἀκόλαστον

270 2386 525 2434 φιλοπαίγμονα
542 2387 650 2431 τιμὰν,

270 2437 417 2485 χαρίτων
432 2440 598 2474 πλεῖστον
614 2439 762 2483 ἔχουσαν
778 2437 889 2484 μέρος,
905 2436 1019 2483 ἁγνὰν,
1035 2436 1124 2483 ἱερὰν
1142 2449 1201 2480 335

271 2489 381 2527 ὁσίοις
397 2488 541 2536 μύσταις
558 2490 707 2537 χορείαν.

169 2547 240 2580 ΞΑ.
268 2541 295 2576 ὦ
311 2543 430 2578 πότνια
445 2542 649 2587 πολυτίμητε
667 2540 841 2588 Δήμητρος
855 2542 946 2587 κόρη,

273 2593 318 2630 ὦς
333 2592 395 2638 ἡδύ
412 2608 469 2639 μοι
485 2594 719 2640 προσέπνευσε
736 2593 891 2640 χοιρείων
909 2595 1023 2639 κρεῶν.

171 2652 231 2682 ΔΙ.
275 2646 396 2681 οὔκουν
412 2644 524 2692 ἀτρέμ’
542 2645 639 2689 ἕξεις,
658 2647 698 2690 ἤν
715 2660 748 2680 τι
766 2647 819 2680 καὶ
836 2645 961 2691 χορδῆς
977 2645 1112 2688 λάβῃς;

172 2704 245 2735 XO.
273 2698 380 2744 ἔγειρε
397 2696 551 2744 φλογέας
566 2698 743 2743 λαμπάδας
761 2698 797 2732 ἐν
813 2697 915 2744 χερσὶ
933 2697 1116 2736 τινάσσων,
1136 2696 1208 2731 ἀντ.

267 2749 390 2795 Ἴακχ’,
411 2748 575 2794 ὦἼακχε,
1125 2739 1208 2792 [340

278 2802 435 2847 νυκτέρου
453 2802 589 2845 τελετῆς
606 2801 799 2847 φωσφόρος
817 2799 939 2846 ἀστήρ.

277 2854 388 2900 φλογὶ
406 2854 569 2900 φέγγεται
587 2853 623 2887 δὲ
639 2854 776 2897 λειμών·

282 2907 364 2953 γόνυ
381 2907 548 2940 πάλλεται
564 2906 741 2951 γερόντων·
1149 2915 1209 2947 345

281 2958 496 2993 ἀποσείονται
514 2957 550 2991 δὲ
567 2955 676 2992 λύπας

282 3009 439 3056 χρονίους
456 3009 484 3043 τ’
504 3010 588 3044 ἐτῶν
604 3009 755 3043 παλαιῶν
773 3007 951 3046 ἐνιαυτοὺς,

284 3063 373 3107 ἱερᾶς
390 3062 455 3096 ὑπὸ
473 3062 581 3104 τιμᾶς.

285 3113 331 3148 σὺ
349 3114 385 3148 δὲ
402 3113 552 3157 λαμπάδι
570 3111 708 3158 φέγγων
1157 3123 1219 3154 350

286 3166 460 3211 προβάδην
478 3161 568 3209 ἔξαγ’
588 3162 637 3198 ἐπ’
656 3163 798 3209 ἀνθηρὸν
815 3162 928 3198 ἕλειον
948 3162 1091 3198 δάπεδον

285 3218 479 3263 χοροποιὸν,
498 3216 617 3261 μάκαρ,
637 3214 735 3259 ἥβαν.
1092 3212 1220 3260 [ροῖσιν

287 3269 449 3314 εὐφημεῖν
476 3267 539 3312 χρὴ
578 3266 803 3309 κάξίστασθαι
837 3268 906 3302 τοῖς
933 3265 1124 3312 ἡμετέροισι
1158 3280 1218 3311 χο-

286 3320 381 3356 ὅστις
409 3319 545 3365 ἄπειρος
575 3319 710 3353 τοιῶνδε
741 3320 865 3364 λόγων,
895 3316 914 3362 ἦ
943 3318 1056 3364 γνώμῃ
1084 3317 1128 3363 μὴ
1160 3331 1216 3352 κα·

1130 1255 1192 1285 3ιο

341 3370 486 3418 θαρεύει,
1160 3383 1218 3413 355
1238 3393 1240 3396 -

288 3422 487 3470 ἢγενναίων
514 3421 611 3469 ὄργια
639 3424 787 3456 Μουσῶν
816 3419 890 3465 μήτ’
921 3417 1005 3455 εἶδεν
1034 3418 1111 3464 μήτ’
1140 3421 1215 3465 ἐχό-

342 3489 474 3520 ρευσεν,
1034 3470 1209 3517 [ἐτελέσθη
1216 3499 1222 3509 ,

292 3527 373 3571 μηδὲ
401 3526 564 3574 Κρατίνου
588 3527 647 3560 τοῦ
665 3525 872 3572 ταυροφόγο·
907 3525 1059 3570 γλώττης
1085 3523 1220 3568 βακχεῖ’

1206 3582 1270 3615 41³

1327 355 1347 401 ἦ
1374 357 1590 401 βωμολόχοις
1614 356 1732 394 ἔπεσιν
1757 357 1879 404 χαίρει,
1904 357 1950 402 μὴ
1975 356 2007 393 ’ν
2034 360 2134 408 καιρῷ
2159 361 2258 394 τοῦτο

1378 422 1545 449 ποιουσιν,

1327 458 1348 504 ἦ
1372 460 1496 494 στάσιν
1522 459 1646 506 ἐχθρὰν
1666 459 1710 504 μὴ
1732 459 1897 501 καταλύει,
1922 461 1997 506 μηδ’
2022 463 2160 500 εὔκολός
2185 464 2260 499 ἐστι

1379 511 1545 551 πολίταις,

1454 563 1463 575 9

1329 562 1407 598 ἀλλ’
1444 563 1604 610 ανεγείρει
1639 564 1693 598 καὶ
1726 563 1860 610 ῥιπίζει,
1897 566 2021 611 κερδῶν
2056 566 2148 603 ἰδίων
2183 568 2255 602 ε’πι-

1381 615 1503 659 θυμῶν,
2198 625 2261 663 360

1328 665 1348 711 ἦ
1383 669 1442 711 τῆς
1467 669 1598 703 πόλεως
1623 668 1867 712 χειμαζομένης·
1885 668 1998 715 ἅρχων
2032 672 2258 719 καταδωροδο-

1382 733 1495 758 κειται,

1329 771 1349 817 ἢ
1367 771 1573 817 προδίδωσιν
1598 770 1765 818 φρούριον
1785 771 1805 816 ἦ
1828 775 1916 813 ναῦς,
1935 773 1955 817 ἦ
1977 772 2155 821 τάπόρρητ’
2176 776 2258 811 ἀπο-

1379 823 1501 867 πέμπει

1330 875 1368 920 ἐξ
1401 875 1536 920 Αἰγίνης
1572 875 1749 921 Θωρυκίων
1788 875 1845 916 ὢν,
1882 876 2121 925 εἰκοστολόγος
2163 880 2260 915 κακο-

1382 927 1517 971 δαίμων,

1330 979 1511 1024 ἀσκώματα
1525 980 1577 1014 καὶ
1594 980 1671 1015 λίνα
1689 980 1741 1015 καὶ
1758 980 1876 1016 πίτταν
1894 981 2086 1026 διαπέμπων
2103 982 2150 1019 εἷς
2165 982 2259 1019 Ἐπί-

1384 1031 1515 1077 δαυρον,

1331 1082 1351 1127 ἦ
1379 1082 1533 1129 χρήματα
1559 1086 1630 1120 ταῖς
1655 1087 1720 1119 τῶν
1746 1084 1936 1120 ἀντιπάλων
1963 1087 2080 1122 ναυσὶν
2105 1088 2262 1134 παρέχειν

1386 1136 1459 1170 τινὰ
1476 1135 1594 1175 πείθει,
2202 1146 2260 1184 365

1386 1189 1544 1233 κατατιλᾷ
1577 1191 1643 1222 τῶν
1675 1187 1866 1231 Ἑκαταίων,
1906 1190 2072 1226 κυκλίοισι
2106 1196 2261 1239 χοροῖσιν

1383 1238 1516 1285 ὑπᾴδων

1332 1290 1351 1335 ἢ
1379 1291 1456 1327 τοὺς
1478 1291 1621 1336 μισθοὺς
1647 1295 1712 1327 τῶν
1730 1297 1874 1337 ποιητῶν
1894 1293 2004 1341 ῥήτωρ
2029 1295 2074 1330 ὧν
2101 1293 2158 1331 εἶτ’
2177 1297 2261 1332 ἀπυ-

1384 1344 1516 1391 τρώγει,

1334 1395 1541 1443 κωμῳδηθεὶς
1570 1396 1605 1430 ἐν
1639 1398 1709 1432 ταῖς
1736 1397 1887 1441 πατρίοις
1922 1401 2070 1436 τελεταῖς
2104 1403 2175 1437 ταῖς
2205 1405 2263 1436 τοῦ

1388 1446 1569 1482 Διονύσου·

1334 1498 1462 1536 τούτοις
1480 1500 1568 1535 αὐδῶ
1587 1499 1699 1537 καῦθις
1716 1501 1852 1536 ἀπαυδῶ
1870 1501 1983 1539 καῦθις
2000 1505 2038 1538 τὸ
2057 1505 2169 1551 τρίτον
2185 1506 2261 1550 μάλ’

1385 1552 1521 1587 ἀπαυδῶ

1335 1604 1533 1648 ἐξίστασθαι
1557 1603 1720 1650 μύσταισι
1746 1608 1875 1652 χοροῖς·
1906 1607 1998 1652 ὑμεῖς
2024 1608 2052 1643 δ’
2080 1609 2263 1656 ἀνεγείρετε

1385 1656 1519 1701 μολπὴν
2204 1676 2265 1706 370

1337 1709 1390 1744 καὶ
1413 1708 1613 1755 παννυχίδας
1634 1710 1693 1746 τὰς
1716 1709 1885 1758 ἡμετέρας,
1908 1709 1943 1747 αἳ
1970 1714 2048 1758 τῇδε
2077 1714 2265 1760 πρέπουσιν

1386 1762 1496 1808 ἑορτῇ.

1334 1814 1437 1860 χώρει
1456 1828 1513 1849 νυν
1530 1816 1595 1850 πᾶς
1612 1814 1768 1857 ἀνδρείως

1336 1870 1370 1905 ἐς
1386 1868 1464 1904 τούς
1482 1867 1628 1902 εὐανθεῖς
1646 1867 1790 1900 κόλπους

1337 1918 1507 1962 λειμώνων
1525 1917 1690 1964 ἐγκρούων

1340 1969 1583 2004 κάπισκώπτων
2208 1981 2225 2010 3
2232 1979 2265 2011 75

1341 2021 1393 2055 καὶ
1411 2020 1536 2063 παίζων
1553 2020 1606 2054 καὶ
1622 2020 1802 2065 χλευάζων.

1339 2071 1514 2118 ἠρίστηται
1533 2071 1560 2107 δ’
1580 2071 1813 2118 ἐξαρκούντως.

1343 2124 1421 2160 ἀλλ’
1441 2126 1528 2169 ἔμβα
1545 2123 1667 2169 χῶπως
1684 2123 1773 2169 ἀρεῖς

1343 2177 1402 2221 τὴν
1420 2177 1582 2221 Σώτειραν
1598 2176 1754 2222 γενναίως

1343 2233 1382 2273 τῇ
1400 2230 1495 2274 φωνῇ
1512 2228 1703 2273 μολπάζων,

1331 1186 1350 1231 <⁴0⁵

2123 1832 2200 1864 στρ,
2222 1819 2264 1855 α’.

1344 2279 1362 2325 ἣ
1381 2281 1440 2325 τὴν
1456 2282 1570 2326 χώραν
2211 2285 2273 2323 380

1344 2334 1463 2375 σώζειν
1481 2331 1565 2377 φὴσ’
1586 2331 1619 2367 ἐς
1636 2331 1695 2366 τὰς
1714 2331 1811 2376 ὥρας,

1344 2385 1403 2419 κᾶν
1421 2384 1598 2431 Θωρυκίων
1614 2383 1658 2428 μὴ
1675 2381 1851 2446 βρύληται.
2212 2389 2269 2426 38ι

1344 2436 1405 2482 ὅγε
1439 2451 1496 2472 νυν
1538 2436 1652 2482 ἑτέραν
1690 2450 1799 2479 υμνων
1838 2435 1928 2470 ἷδέαν
1961 2435 2020 2480 τὴν
2059 2436 2275 2482 καρποφόρον

1396 2489 1587 2531 βασίλειαν,

1347 2538 1503 2587 Δῆμητρα
1543 2540 1631 2583 θεὰν,
1669 2540 1925 2585 ἐπικοσμοῦντες
1965 2538 2093 2583 ζαθέοις
2131 2541 2276 2585 μολπαῖς

1397 2593 1577 2627 κελαδεῖτε.
1667 2630 1673 2636 .

1349 2643 1513 2691 Δήμητερ,
1533 2648 1640 2691 ἁγνῶν
1658 2643 1780 2690 ὀργίων
2127 2659 2205 2690 στρ.
2224 2645 2258 2685 β’
2266 2671 2273 2678 .

1347 2696 1492 2736 ἄνασσα,
1514 2697 1800 2742 συμπαραστάτει,
2213 2700 2273 2738 385

1350 2750 1402 2783 καὶ
1421 2750 1508 2791 σῶζε
1525 2750 1583 2783 τὸν
1601 2749 1725 2792 σαυτῆς
1742 2748 1857 2793 χορόν·

1350 2800 1403 2834 καί
1418 2800 1452 2845 μ’
1471 2801 1637 2846 ἀσφαλῶς
1654 2798 1843 2845 πανήμερον

1350 2852 1470 2887 παῖσαί
1487 2867 1524 2886 τε
1542 2853 1594 2886 καὶ
1611 2854 1786 2897 χορεῦσαι·

1351 2904 1403 2938 καὶ
1420 2904 1534 2939 πολλὰ
1551 2903 1611 2947 μὲν
1627 2904 1750 2950 γέλοιά
1766 2903 1799 2947 μ’
1818 2903 1863 2937 εἶ·
2141 2903 2212 2939 ἀντ.
2229 2903 2277 2945 β’.

1350 2958 1434 2995 πεῖν,
1454 2956 1568 2990 πολλὰ
1586 2955 1622 2989 δὲ
1641 2956 1818 2994 σπουδαῖα,
1839 2957 1890 2990 καὶ
2217 2968 2281 2999 390

1351 3009 1408 3052 τῆς
1427 3009 1490 3051 σῆς
1508 3008 1624 3053 ἑορτῆς
1641 3007 1742 3050 ἀξίως

1351 3059 1517 3093 παίσαντα
1535 3059 1587 3093 καὶ
1606 3059 1792 3104 σκώψαντα
1810 3074 1855 3094 νι-

1353 3110 1500 3154 κήσαντα
1517 3110 1737 3145 ταινιοῦσθαι.

1352 3163 1393 3198 ἀλ
1417 3162 1426 3175 ’
1446 3160 1496 3197 εἷα
2034 3161 2037 3164 ’
2219 3177 2281 3206 3¹34

1352 3217 1408 3249 νῦν
1426 3215 1478 3249 καὶ
1496 3215 1554 3248 τὸν
1571 3215 1691 3260 ὡραῖον
1709 3215 1785 3250 θεὸν
1801 3217 2022 3262 παρακαλεῖτε
2040 3216 2137 3261 δεῦρο
2219 3229 2279 3259 395

1352 3265 1483 3313 ᾠδαῖσι,
1502 3267 1560 3300 τὸν
1577 3266 1783 3312 ξυνέμπορον
1800 3268 1904 3311 τῆσδε
1921 3269 1979 3312 τῆς
1996 3267 2141 3313 χορείας.

1345 3317 1462 3362 Ἴακχε
1479 3319 1693 3362 πολυτίμητε,
1712 3319 1820 3363 μέλος
1838 3320 1955 3364 ἑορτῆς

1355 3369 1493 3413 ἥδιστον
1511 3370 1625 3415 εὑρὼν,
1646 3370 1743 3416 δεῦρο
1763 3370 2002 3404 συνακολούθει

1352 3422 1435 3465 πρὸς
1453 3420 1512 3463 τὴν
1530 3420 1605 3455 θεὸν
1622 3422 1676 3455 καὶ
1693 3422 1803 3463 δεῖξον
1820 3422 1864 3457 ὡς
2223 3436 2284 3466 400

1354 3472 1430 3505 ἄνευ
1448 3473 1551 3506 πόνου
1568 3472 1701 3516 πολλὴν
1719 3475 1796 3507 ὁδὸν
1813 3474 1988 3519 περαίνεις.

1346 3521 1462 3569 Ἴακχε
1480 3524 1722 3570 φιλοχορευτὰ,
1744 3525 1991 3572 συμπρόπεμπέ
2006 3539 2058 3568 με.
