2488 3860
1082 244 1395 290 ΤΡΩῙΑΔΕΣ.

2207 248 2289 293 255

278 346 392 400 Ἐρυς
414 347 539 398 Ἔρως,
575 347 612 388 ὃς
647 349 688 388 τὰ
729 351 911 401 Δαρδάνεια
950 350 1107 399 μέλαθρά
1140 350 1214 387 ποτ’
1237 359 1239 363 ”
1260 356 1329 386 ΕΚ.
1361 350 1507 386 ἄκουσον
1524 349 1635 395 αὐτῆς,
1654 349 1698 396 μὴ
1718 349 1799 396 θάνῃ
1816 349 2050 402 τοῦδ’λένδεὴς,

283 401 645 452 Οὐρανίδαισιιμέλων·

284 457 328 494 ὣς
343 457 420 492 τότε
435 456 497 501 μὲν
512 456 668 502 μεγάλως

283 507 404 555 Τροίαν
420 506 630 555 ἐπύργωσας,
651 508 779 548 θεοῖσιν

284 561 382 605 κῆδος
398 560 624 607 ἀναψάμενος.
660 562 699 596 τὸ
715 561 777 607 μὲν
794 560 852 602 οὖν
870 563 948 601 Διὸς

284 611 391 648 οὐκέτ’
410 612 537 650 ὄνειδος
554 612 629 658 ἐρῶ·

283 665 323 700 τὸ
340 664 377 700 δὲ
393 667 453 701 τᾶς
468 664 692 711 λευκοπτέρου

284 716 406 764 ἁμέρας
423 717 542 763 φίλιον
557 718 694 763 βροτοῖς

284 770 414 816 φέγγος
431 769 532 804 ὀλοὸν
549 765 617 809 εἶδε
633 771 741 815 γαῖαν,

290 819 358 857 εἶδε
374 822 554 869 περγάμων
570 820 722 868 ὄλεθρον,

287 875 478 914 τεκνοποιὸν
495 874 623 919 ἔχουσα
639 874 744 915 τᾶσδε

286 928 349 974 γᾶς
362 928 466 963 πόσιν
483 926 518 967 ἐν
535 924 708 971 θαλάμοις,

288 978 327 1014 ὃν
342 977 493 1025 ἀστέρων
509 977 690 1024 τέθριππος
706 979 788 1014 ἔλα-

287 1032 331 1073 βε
347 1030 494 1077 χρύσεος
511 1029 592 1076 ὄχος
609 1030 812 1077 ἀναρπάσας,

289 1083 412 1118 ἐλπίδα
427 1084 470 1130 γᾷ
488 1082 612 1129 πατρίᾳ
628 1083 788 1130 μεγάλαν·
815 1082 856 1119 τὰ
875 1082 958 1120 θεῶν
975 1083 1011 1120 δὲ

288 1135 419 1182 φίλτρα
435 1135 569 1182 φροῦδα
585 1135 697 1182 Τροίᾳ.

291 1187 317 1222 ὦ
330 1188 559 1234 καλλιφεγγὲς
576 1187 674 1232 ἡλίου
692 1188 801 1227 σέλας
818 1187 905 1232 τόδε,

291 1241 327 1276 ἐν
343 1236 371 1288 ᾧ
388 1240 538 1286 δάμαρτα
554 1239 614 1284 τὴν
631 1240 711 1284 ἐμὴν
727 1241 934 1286 χειρώσομαι

288 1291 437 1336 Ἑλένην·
464 1293 483 1326 ὁ
500 1292 566 1339 γὰρ
584 1292 624 1337 δὴ
641 1293 756 1328 πολλὰ
772 1291 948 1337 μοχθήσας
966 1292 1032 1338 ἐγὼ

292 1343 468 1381 Μενέλαός
485 1345 562 1389 εἶμι,
582 1345 635 1379 καὶ
654 1343 833 1390 στράτευμ’
854 1344 1035 1390 Ἀχαιϊκόν.

291 1395 397 1440 ἦλθον
414 1396 450 1431 δὲ
467 1397 587 1443 Τροίαν
604 1396 668 1442 οὐχ
686 1396 769 1432 ὅσον
786 1396 925 1437 δοκρῦσί
941 1411 983 1442 με

291 1449 444 1496 γυναικὸς
463 1447 579 1492 οὕνεκ’,
598 1448 677 1490 ἀλλ’
697 1449 747 1484 ἐπ’
768 1446 860 1495 ἄνδρ’
879 1447 917 1496 ὃς
934 1448 972 1492 ἐξ
990 1448 1077 1495 ἐμῶν

292 1502 402 1546 δόμων
419 1501 568 1547 δάμαρτα
585 1500 768 1545 ξεναπάτης
785 1500 946 1545 ἐλῄσατο.

293 1556 397 1590 κεῖνος
414 1553 474 1597 μὲν
491 1552 549 1588 οὖν
566 1553 687 1588 δέδωκε
705 1553 770 1589 σὺν
787 1553 875 1590 θεοῖς
892 1553 995 1598 δίκην,

293 1607 388 1642 αὐτός
407 1620 445 1640 τε
462 1607 515 1641 καὶ
532 1606 576 1652 γῆ
595 1606 668 1652 δορὶ
685 1604 831 1641 πεσοῦσ’
849 1605 1046 1655 Ἑλληνικῷ.

293 1659 360 1703 ἥκω
379 1658 415 1693 δὲ
431 1659 491 1703 τὴν
508 1659 681 1702 Λάκαιναν,
700 1658 738 1693 οὐ
755 1659 821 1705 γὰρ
838 1657 941 1702 ἡδέως

294 1710 396 1756 ὄνομα
415 1711 580 1757 δάμαρτος
597 1711 619 1756 ἧ
634 1709 707 1746 ποτ’
726 1709 766 1755 ἦν
783 1710 864 1756 ἐμὴν
879 1711 981 1757 λέγω,

294 1763 394 1808 ἄξων
426 1763 538 1809 δόμοις
557 1764 621 1812 γὰρ
637 1762 745 1800 τοῖσδ’
764 1763 800 1802 ἐν
816 1763 1073 1808 αἰχμαλωτικοῖς

295 1819 529 1865 κατηρίθμηται
547 1820 710 1867 Τρῳάδων
726 1815 845 1854 ἄλλων
861 1816 943 1857 μέτα

295 1870 390 1918 οἵπερ
407 1872 473 1918 γὰρ
490 1872 591 1916 αὐτὴν
608 1871 840 1917 ἐξεμόχθησαν
856 1871 941 1918 δορὶ,

248 1965 255 1967 ‚
296 1925 424 1959 κτανεῖν
441 1925 512 1969 ἐμοί
530 1938 580 1960 νιν
597 1925 729 1967 ἔδοσαν,
749 1922 815 1959 εἴτε
831 1924 876 1970 μὴ
894 1920 1019 1960 κτανῶν

296 1976 429 2020 θέλοιμ’
448 1975 590 2023 ἄγεσθαι
606 1978 709 2011 πάλιν
726 1977 768 2013 ἐς-
778 1974 933 2023 Ἀργείαν
949 1976 1064 2022 χθόνα.

289 2028 370 2073 ,ἐμοὶ
388 2027 418 2062 δ’
438 2028 533 2072 ἔδοξε
550 2030 608 2063 τὸν
623 2028 685 2072 μὲν
703 2029 738 2063 ἐν
755 2028 856 2075 Τροίᾳ
873 2031 977 2075 μόρον

293 2080 431 2124 Ἑλένης
449 2081 558 2119 ἐᾶσαι,
578 2082 730 2129 ναυπόρῳ
747 2080 776 2116 δ’
795 2080 889 2128 ἄγειν
904 2082 1015 2125 πλάτῃ

295 2131 463 2176 Ἑλληνίδ’
484 2133 518 2168 ἐς
534 2134 608 2179 γῆν,
627 2130 697 2179 κᾷτ’
719 2134 787 2169 ἐκεῖ
802 2133 916 2169 δοῦναι
933 2135 1070 2176 κτανεῖν,

295 2185 412 2221 ποινὰς
429 2183 521 2220 ὅσων
537 2183 672 2221 τεθνᾶσ’
692 2185 728 2220 ἐν
745 2183 837 2234 Ἰλίῳ
855 2186 965 2232 φίλοι.

296 2235 376 2271 ἀλλ’
395 2234 445 2272 εἷα
461 2238 590 2284 χωρεῖτ’
611 2238 646 2274 ἐς
663 2239 794 2283 δόμους,
813 2239 961 2280 ὀπάονες,

298 2289 437 2334 κομίζετ’
456 2289 568 2334 αὐτὴν,
587 2291 646 2335 τῆς
661 2292 928 2336 μιαιφονωτάτης

299 2342 399 2386 κόμης
416 2341 673 2378 ἐπισπάσαντες·
701 2344 807 2389 οὔριοι
825 2343 854 2377 δ’
873 2342 952 2380 ὅταν

298 2394 396 2428 πνοαὶ
412 2395 558 2439 μόλωσι,
575 2394 756 2441 πέμψομέν
774 2409 824 2430 νιν
839 2394 999 2430 Ἐλλάδα.

299 2445 326 2479 ὦ
342 2447 404 2491 γῆς
422 2445 531 2492 ὄχημα
549 2447 628 2483 κάπὶ
644 2448 706 2493 γῆς
723 2447 811 2492 ἔχων
828 2447 936 2493 ἕδραν,

301 2498 395 2534 ὅστις
411 2497 486 2533 ποτ’
507 2494 541 2532 εἶ
555 2498 611 2542 σὺ,
630 2499 865 2535 δυστόπαστος
883 2499 1013 2541 εἰδέναι,

301 2549 392 2589 Ζεὺς,
412 2548 470 2584 εἶτ’
488 2550 611 2594 ἀνάγκη
629 2549 760 2596 φύσεος
778 2549 844 2586 ε’ίτε
862 2554 938 2587 νοῦς
954 2552 1097 2596 βροτῶν,

299 2601 540 2647 προσηυξάμην
552 2617 604 2637 σε·
630 2604 737 2638 πάντα
753 2604 819 2650 γὰρ
837 2602 880 2638 δι’
899 2602 1044 2648 ἀψόφου

300 2653 425 2695 βαίνων
442 2653 602 2688 κελεύθου
620 2655 702 2689 κατὰ
719 2654 812 2699 δίκην
829 2656 871 2691 τὰ
889 2651 980 2698 θνήτ’
1000 2654 1100 2700 ἄγεις.

301 2706 334 2740 τί
352 2705 381 2739 δ’
401 2706 515 2745 ἕστινς
542 2706 642 2751 εὐχὰς
660 2707 703 2742 ὡς
721 2706 887 2743 ἐκαίνισας
905 2706 1000 2741 θεῶν.

300 2757 379 2791 αἶνῶ
397 2772 450 2800 σε,
470 2756 632 2800 Μενέλα’,
651 2759 680 2792 εἶ
698 2761 821 2795 κτενεῖς
839 2759 988 2804 δάμαρτα
1006 2755 1080 2802 σήν.

303 2811 389 2855 ὁρῶν
406 2809 442 2843 δὲ
459 2808 567 2852 τήνδε,
587 2810 704 2856 φεῦγε,
723 2809 768 2855 μή
787 2807 823 2845 σ’
843 2810 905 2854 ἕλῃ
922 2809 1026 2857 πόθῳ.

304 2862 391 2906 αἱρεῖ
406 2861 472 2907 γὰρ
490 2861 764 2907 ἀνδρῶν-ὄμματ’,
783 2861 908 2908 ἐξαιρεῖ
922 2863 1048 2902 πόλεις,

303 2915 471 2959 πίμπρησι
490 2912 520 2947 δ’
540 2911 659 2950 οἴκους·
688 2911 745 2948 ὧδ’
764 2914 836 2958 ἔχει
853 2912 1033 2958 κηλήματα.

305 2965 370 3011 ἐγώ
389 2978 438 2999 νιν
455 2961 528 2999 οἶδα
545 2966 598 3000 καὶ
616 2965 661 3000 σὺ
677 2965 735 3010 χοί
750 2965 961 3001 πεπονθότες.

307 3018 471 3057 Μενέλαε,
491 3017 650 3063 φροίμιον
665 3019 727 3062 μὲν
744 3017 838 3060 ἄξιον
854 3017 969 3062 φόβου

304 3069 372 3104 τόδ’
392 3067 494 3103 ἐστίν·
522 3069 557 3102 ἐν
573 3069 639 3115 γὰρ
655 3070 758 3115 χερσὶ
774 3070 980 3115 προσπόλων
998 3068 1097 3104 σε’θεν

306 3121 367 3165 βίᾳ
383 3120 450 3166 πρὸ
466 3120 569 3155 τῶνδε
587 3121 746 3165 δωμάτων
763 3119 979 3165 ἐκπέμπομαι.

308 3173 391 3219 ἀτὰρ
410 3173 535 3216 σχεδὸν
550 3173 611 3217 μὲν
624 3169 698 3207 οἶδά
716 3187 773 3207 σοι
791 3172 1008 3218 στυγουμένη,

309 3223 397 3268 ὅμως
414 3224 442 3258 δ’
464 3224 598 3270 ἐρέσθαι
615 3222 784 3269 βούλομαι
801 3228 928 3270 γνῶμαι
944 3224 1031 3265 τίνες

304 3275 454 3319 Ἕλλησι
473 3277 525 3310 καὶ
544 3277 600 3311 σοὶ
617 3277 676 3320 τῆς
694 3275 772 3320 ἐμῆς
788 3276 906 3322 ψυχῆς
922 3275 1011 3323 πέρι.

312 3328 372 3362 οὐκ
389 3327 437 3363 εἷς
453 3326 588 3374 ἀκριβὲς
605 3325 719 3371 ἦλθες,
737 3325 818 3362 ἀλλ’
836 3327 922 3364 ἅπας
940 3329 1084 3374 στρατὸς

311 3382 438 3414 κτανεῖν
455 3380 528 3424 ε’μοί
546 3379 579 3414 σ’
599 3380 730 3419 ἔδωκεν,
750 3379 851 3424 ὅνπερ
868 3377 1000 3424 ἠδίκεις.

311 3431 445 3475 ἔξεστιν
460 3430 519 3466 οὖν
535 3431 619 3478 πρὸς
635 3429 727 3465 ταῦτ’
746 3428 958 3476 ἀμείψασθαι
974 3432 1081 3479 λόγῳ,

311 3483 357 3519 ὥς
372 3483 412 3518 οὗ
429 3483 571 3526 δικαίως,
590 3482 630 3527 ἦν
648 3482 747 3522 θάνω,
768 3481 952 3527 θανούμεθα
962 3497 974 3524 ,·

211 3541 286 3571 NE.
310 3534 369 3568 οὐκ
387 3535 420 3570 ές
435 3536 559 3581 λόγους
577 3533 729 3578 ἐλήλυθ’,
748 3534 838 3569 ἀλλά
856 3548 898 3570 σε
915 3538 1047 3573 κτενῶν.

190 1191 265 1222 ΜΕ.

201 2449 269 2479 ΕΚ.

203 2711 276 2740 ΜΕ.

204 2763 271 2791 ΕΚ.

205 3023 271 3052 ΕΛ.

209 3333 283 3362 ME.

210 3437 277 3466 EA.

910 403 982 444 ἀντ.
1003 409 1067 453 849
1095 399 1216 453 [ἦλθες

1237 611 1240 659 5
1262 617 1325 647 ME

1156 773 1218 814 850
1235 674 1242 765 ’
1262 774 1329 804 ΕΛ.

1238 832 1243 983 ἱ

1157 983 1218 1024 855

1158 1191 1221 1224 860

1161 1453 1221 1495 865

1164 1716 1226 1757 870

1167 2241 1229 2273 880

1168 2502 1227 2542 885

1175 3023 1234 3063 895

1178 3289 1240 3321 900

1259 3167 1264 3391 Ι

1261 3394 1266 3538 1

1363 402 1530 442 Μενέλαε,
1550 404 1604 440 καὶ
1622 402 1679 439 δὸς
1695 404 1773 440 τοὺς
1790 404 1955 442 ἐναντίους
1971 407 2095 452 λόγους

1363 455 1441 500 ἡμῖν
1457 454 1528 491 κατ’
1547 455 1658 500 αὐτῆς·
1686 458 1752 491 τῶν
1767 456 1833 503 γὰρ
1852 457 1888 491 ἐν
1904 458 2005 504 Τροίᾳ
2023 461 2130 495 κακῶν

1363 508 1459 542 οὐδὲν
1476 507 1647 544 κάτοισθα.
1685 507 1855 546 συντεθεὶς
1873 509 1900 544 δ’
1921 511 1939 543 ὁ
1955 511 2021 546 πᾶς
2037 512 2141 557 λόγος

1363 561 1470 594 κτενεῖ
1486 573 1536 595 νιν
1553 558 1657 596 οὕτως
1674 559 1764 596 ὥστε
1780 560 1937 605 μηδαμῶς
1954 564 2088 609 φυγεῖν.
2236 576 2298 605 oto

1328 637 1336 646 .
1365 612 1496 657 σχολῆς
1513 611 1552 646 τὸ
1570 612 1686 658 δῶρον·
1714 611 1744 647 εἶ
1762 612 1799 650 δὲ
1815 611 1976 654 βούλεται
1994 615 2115 661 λέγειν,

1364 664 1487 707 ἔξεστι.
1523 667 1589 699 τῶν
1607 668 1678 700 σῶν
1695 661 1726 702 δ’
1745 661 1868 709 οὕνεχ’,
1888 665 1932 711 ὡς
1948 666 2050 712 μάθῃ,
2068 669 2192 714 λόγων,

1363 717 1463 752 δώσω
1481 715 1550 751 τόδ’
1567 717 1662 761 αὐτῇ,
1681 715 1786 760 τῆσδε
1803 716 1832 751 δ’
1852 716 1891 751 οὔ
1909 717 2008 754 δώσω
2025 719 2133 765 χάριν.

1361 767 1446 805 ἴσως
1461 784 1514 814 με,
1535 768 1595 804 κᾶν
1612 767 1650 804 εὖ
1666 767 1727 803 κᾶν
1744 770 1850 805 κακῶς
1867 768 1956 811 δόξω
1975 769 2099 816 λέγειν,

1363 822 1422 856 οὐκ
1440 820 1649 867 ἀνταμείψει,
1666 820 1832 865 πολεμίαν
1848 819 2039 867 ἡγούμενος.

1366 873 1432 920 ἐγὼ
1449 873 1492 913 δ’,
1512 873 1534 908 ἅ
1551 871 1588 908 σ’
1607 870 1698 918 οἶμαι
1716 873 1771 908 διὰ
1787 874 1901 920 λόγων
1918 873 1997 909 ἰόντ’
2018 875 2099 919 ἐμοῦ

1366 924 1606 972 κατηγορήσειν
1623 924 1783 961 ἆνι-ιθεῖσ’
1801 926 1990 972 ἀμείψομαι

1363 980 1434 1014 τοῖς
1451 980 1557 1019 σοῖσι,
1575 978 1664 1023 τάμὰ
1681 977 1734 1016 καὶ
1751 978 1794 1012 τὰ
1810 976 1846 1014 σ’
1863 978 2047 1024 αῖτιάματα.

1364 1034 1497 1076 πρῶτον
1513 1031 1575 1075 μὲν
1591 1030 1698 1076 ἀρχὰς
1715 1030 1824 1068 ἔτεκεν
1840 1030 1900 1075 ἥδε
1917 1034 1983 1066 τῶν
2000 1035 2106 1066 κακῶν

1367 1085 1475 1130 Πάριν
1491 1084 1646 1117 τεκοῦσα·
1674 1081 1829 1129 δεύτερον
1846 1083 1875 1117 δ’
1894 1083 2053 1119 ἀπώλεσε

1366 1135 1487 1181 Τροίαν
1502 1149 1541 1170 τε
1557 1131 1634 1179 κᾶμ’
1653 1137 1672 1169 ὁ
1688 1133 1854 1181 πρέσβυς,
1873 1134 1912 1169 οὗ
1930 1136 2054 1170 κτανὼν
2070 1135 2213 1183 βρέφος,

1368 1187 1473 1222 δαλοῦ
1489 1187 1608 1233 πικρὸν
1623 1186 1753 1232 μίμημ’,
1774 1185 1998 1235 Ἀλέξανδρόν
2014 1202 2109 1223 ποτε.

1367 1239 1496 1275 ἐνθένδε
1512 1237 1686 1275 τάπίλοιπ’
1705 1239 1852 1275 ἄκουσον
1868 1240 1913 1276 ὦς
1929 1241 2013 1286 ἔχει.

1368 1293 1474 1339 ἔκρινε
1490 1292 1635 1338 τρισσὸν
1653 1292 1768 1338 ζεῦγος
1785 1291 1842 1328 ὅδε
1859 1295 2011 1338 τρισσῶν
2028 1292 2124 1328 θεῶν.

1368 1345 1421 1379 καὶ
1439 1344 1620 1380 Παλλάδος
1636 1345 1697 1389 μὲν
1713 1342 1753 1388 ἦν
1771 1341 1984 1392 Ἀλεξάνδρῳ
2003 1346 2099 1381 δόσις

1370 1397 1475 1442 Φρυξὶ
1493 1396 1733 1443 στρατηγοῦνθ’
1751 1395 1890 1432 Ἑλλάδ’
1911 1396 2134 1440 ἐξανιστάναι,

1363 1447 1459 1494 Ἠρα
1476 1448 1506 1483 δ’
1525 1446 1686 1494 ὑπέσχετ’
1707 1447 1836 1485 Ἀσιάδ’
1856 1448 2016 1495 Εὐρώπης
2035 1449 2065 1484 θ’
2085 1449 2183 1497 ὅρους

1369 1500 1531 1547 τυραννίδ’
1551 1500 1649 1544 ἕξειν,
1669 1498 1702 1538 εἴ
1717 1501 1790 1546 σφε
1807 1501 1946 1547 κρίνειεν
1963 1502 2080 1549 Πάρις,

1372 1553 1498 1600 Κύπρις
1515 1552 1552 1588 δὲ
1569 1553 1692 1598 τούμὸν
1710 1550 1797 1590 εἶδος
1816 1554 2063 1599 ἐκπαγλουμένη

1372 1606 1494 1641 δώσειν
1510 1605 1682 1651 ὑπέσχετ’,
1702 1606 1731 1640 εἷ
1749 1604 1827 1641 θεὸς
1843 1605 2048 1652 ὑπερδράμοι

1372 1660 1499 1693 κάλλει·
1527 1658 1585 1692 τὸν
1603 1656 1724 1692 ἐνθένδ’
1743 1658 1787 1693 ὡς
1804 1657 1875 1702 ἔχει
1893 1657 2022 1704 σκέψαι
2039 1658 2157 1704 λόγον·

1372 1714 1444 1756 νικᾷ
1461 1708 1587 1756 Κύπρις
1605 1709 1692 1750 θεὰς,
1712 1711 1766 1755 καὶ
1782 1709 1916 1744 τοσόνδ’
1936 1710 2031 1755 οὑμοὶ
2049 1711 2151 1756 γάμοι

1373 1762 1504 1807 ὤνησαν
1518 1761 1670 1801 Ἑλλάδ’,
1690 1763 1729 1796 οὐ
1747 1760 1915 1808 κρατεῖσθ’
1935 1762 1971 1797 ἐκ
1987 1762 2184 1809 βαρβάρων,

1373 1815 1442 1850 οὔτ’
1463 1815 1497 1851 ἐς
1515 1815 1595 1861 δόρυ
1613 1814 1801 1858 σταθέντες,
1819 1814 1858 1849 οὐ
1875 1815 2054 1861 τυραννίδι.

1373 1866 1395 1902 ἃ
1413 1866 1443 1903 δ’
1462 1867 1649 1916 ηὐτύχησεν
1665 1866 1802 1909 Ἐλλὰς,
1821 1867 1955 1914 ὠλόμην
1972 1867 2038 1916 ἐγὼ

1375 1920 1542 1968 εὐμορφίᾳ
1558 1921 1736 1968 πραθεῖσα,
1756 1921 1980 1967 κώνειδίζομαι

1376 1975 1414 2020 ἐξ
1432 1975 1477 2010 ὧν
1495 1975 1596 2021 ἐχρῆν
1611 1989 1654 2019 με
1672 1973 1841 2019 στέφανον
1859 1975 1913 2009 ἐπὶ
1931 1975 2015 2021 κάρᾳ
2031 1974 2162 2016 λαβεῖν.

1374 2030 1465 2063 οὔπω
1482 2042 1524 2072 με
1541 2025 1666 2071 φήσεις
1683 2026 1765 2069 αὐτὰ
1781 2025 1841 2061 τάν
1857 2027 1961 2062 ποσὶν
1976 2027 2101 2073 λέγειν,

1375 2080 1464 2116 ὅπως
1480 2075 1660 2125 ἀφώρμησ’
1682 2079 1718 2114 ἐκ
1735 2078 1844 2123 δόμων
1860 2082 1926 2114 τῶν
1943 2082 2014 2114 σῶν
2029 2077 2149 2124 λάθρα.

1374 2130 1450 2176 ἦλθ’
1470 2132 1546 2177 οὐχὶ
1562 2131 1680 2176 μικρὰν
1698 2130 1774 2165 θεὸν
1791 2132 1877 2175 ἔχων
1894 2131 1994 2166 αὑτοῦ
2011 2131 2094 2176 με’τα

1374 2186 1393 2219 ὁ
1410 2183 1505 2228 τῆσδ’
1524 2183 1694 2228 ἀλάστωρ,
1713 2180 1771 2221 εἶτ’
1791 2180 2015 2228 Ἀλέξανδρον
2034 2182 2149 2218 θέλεις

1377 2237 1512 2281 ὀνόματι
1529 2235 1747 2282 προσφωνεῖν
1764 2249 1814 2270 νιν
1831 2233 1897 2280 εἴτε
1914 2235 1968 2270 καὶ
1986 2236 2106 2281 Πάριν·

1377 2288 1425 2329 ὃν,
1445 2288 1471 2323 ὦ
1489 2290 1636 2326 κάκιστε,
1656 2288 1771 2322 σοῖσιν
1789 2287 1824 2321 ἐν
1841 2287 1954 2331 δόμοις
1970 2287 2078 2323 λιπὼν

1375 2343 1526 2386 Σπάρτης
1543 2339 1670 2386 ἀπῆρας
1687 2340 1738 2383 νηὶ
1757 2339 1906 2386 Κρησίαν
1922 2338 2039 2384 χθόνα.

1376 2391 1453 2429 εἷεν.

1376 2447 1416 2481 οὐ
1434 2445 1480 2484 σ’,
1501 2443 1577 2479 ἀλλ’
1597 2443 1738 2488 ἐμαυτὴν
1754 2443 1852 2479 τούπὶ
1868 2441 1943 2491 τῷδ’
1963 2440 2126 2489 ἐρήσομαι

1377 2498 1411 2533 τί
1428 2498 1467 2542 δὴ
1485 2495 1648 2542 φρονοῦσ’
1668 2496 1703 2530 ἐκ
1721 2496 1879 2540 δωμάτων
1896 2493 1952 2539 ἅμ’
1973 2495 2124 2539 ἑσπόμην

1377 2550 1471 2597 ξένῳ,
1490 2549 1664 2595 προδοῦσα
1680 2547 1823 2594 πατρίδα
1841 2548 1894 2582 καὶ
1907 2548 2029 2592 δόμους
2046 2544 2153 2592 ἐμούς.

1377 2602 1438 2646 τὴν
1455 2601 1531 2636 θεὸν
1548 2601 1679 2643 κόλαζε,
1698 2601 1751 2635 καὶ
1770 2599 1849 2636 Διὸς
1867 2598 2035 2644 κρείσσων
2046 2601 2156 2645 γενοῦ.

2237 837 2295 869 9¹5

2238 1098 2300 1130 920

2240 1358 2299 1390 9²5

2242 1618 2303 1650 930

2243 1877 2302 1911 935

2242 2141 2305 2174 940

1379 2653 1416 2690 ὃς
1432 2656 1497 2688 τῶν
1514 2652 1574 2697 μὲν
1591 2652 1705 2687 ἄλλων
1722 2652 1884 2697 δαιμόνων
1901 2651 1971 2696 ἔχει
1989 2652 2119 2696 κράτος,
2177 2671 2182 2675 ·

1379 2708 1484 2750 κείνης
1503 2705 1538 2739 δὲ
1556 2704 1677 2740 δοῦλός
1695 2704 1779 2739 ἐστι·
1809 2704 1988 2751 συγγνώμη
2006 2702 2038 2738 δ’
2057 2702 2142 2748 ἐμοί.

1379 2758 1472 2794 ἔνθεν
1490 2756 1517 2791 δ’
1537 2757 1627 2801 ἔχοις
1645 2757 1685 2791 ἂν
1703 2756 1750 2792 εἷς
1766 2756 1816 2802 ἔμ’
1835 2757 1980 2802 εὐπρεπῆ
1998 2756 2113 2802 λόγον,

1382 2811 1453 2845 ἐπεὶ
1472 2809 1578 2843 θανὼν
1594 2809 1656 2854 γῆς
1672 2804 1750 2852 ἦλθ’
1771 2807 1993 2854 Ἀλέξανδρος
2009 2807 2146 2852 μυχοὺς,

1379 2863 1466 2908 χρῆν
1482 2859 1530 2906 μ’,
1550 2859 1631 2903 ἡνίκ’
1648 2861 1707 2895 οὐκ
1723 2858 1764 2904 ἦν
1781 2860 1964 2903 θεοπόνητά
1979 2874 2043 2904 μου
2060 2860 2158 2904 λέχη,

1381 2915 1550 2948 λιποῦσαν
1568 2910 1678 2948 οἴκους
1695 2915 1772 2948 ναῦς
1789 2912 1841 2948 ἐπ’
1862 2909 2024 2957 Ἀργείων
2040 2912 2166 2956 μολεῖν.

1384 2964 1548 3000 ἔσπευδον
1564 2964 1644 2999 αὐτὸ
1661 2966 1770 3000 τοῦτο·
1796 2964 1959 3010 μάρτυρες
1976 2964 2013 2998 δέ
2029 2976 2086 3008 μοι

1381 3016 1519 3062 πύργων
1533 3017 1684 3062 πυλωροὶ
1702 3016 1786 3052 κάπὸ
1803 3015 1941 3060 τειχέων
1958 3015 2090 3054 σκοποὶ,

1383 3065 1416 3102 οἳ
1432 3067 1597 3103 πολλάκις
1613 3066 1649 3113 μ’
1669 3068 1816 3115 ἐφηῦρον
1833 3067 1871 3111 ἐξ
1888 3066 2061 3110 ἐπάλξεων

1383 3120 1582 3155 πλεκταῖσιν
1599 3120 1633 3156 ἐς
1648 3121 1712 3166 γῆν
1729 3124 1828 3165 σῶμα
1845 3120 2056 3154 κλέπτουσαν
2071 3118 2160 3153 τόδε.

1382 3171 1443 3216 βίᾳ
1461 3170 1489 3207 δ’
1508 3173 1527 3206 ὁ
1545 3174 1654 3208 καινός
1670 3170 1703 3216 μ’
1722 3171 1819 3208 οὗτος
1835 3171 1990 3218 ἁρπάσας
2006 3173 2108 3206 πόσις

1386 3223 1562 3268 Δηίφοβος
1577 3224 1706 3268 ἄλοχον
1722 3221 1812 3268 εἶχεν
1829 3222 1974 3258 ἀκόντων
1990 3226 2140 3269 Φρυγῶν.

1383 3278 1455 3310 πῶς
1471 3273 1530 3308 οὖν
1546 3273 1590 3311 ἔτ’
1609 3275 1650 3321 ἂν
1667 3273 1842 3321 θνήσκοιμ’
1861 3275 1902 3309 ἂν
1918 3274 2062 3317 ἐνδίκως,
2079 3276 2176 3317 πόσι,

1384 3327 1469 3372 πρὸς
1487 3328 1551 3361 σοῦ
1565 3327 1709 3368 δικαίως,
1727 3325 1767 3371 ἣν
1784 3329 1803 3361 ὁ
1820 3327 1881 3372 μὲν
1897 3326 1959 3372 βίᾳ
1975 3328 2086 3372 γαμεῖ,

1386 3379 1429 3412 τὰ
1446 3377 1474 3412 δ’
1494 3376 1624 3416 οἴκοθεν
1641 3378 1717 3414 κεῖν’
1736 3378 1808 3414 ἀντὶ
1826 3378 2018 3423 νικητηρίων

1386 3433 1511 3476 πικρῶς
1527 3428 1726 3471 ἐδούλευσ’,·
1752 3431 1782 3466 εἷ
1800 3431 1837 3466 δὲ
1853 3433 1920 3465 τῶν
1937 3430 2022 3464 θεῶν
2038 3430 2169 3476 κρατεῖν

1387 3480 1520 3523 βούλει,
1538 3483 1577 3517 τὸ
1594 3481 1730 3528 χρῄζειν
1746 3481 1870 3527 ἀμαθές
1889 3481 1964 3525 ἐστί
1982 3496 2039 3516 σοι
2055 3481 2142 3516 τόδε.

2248 2711 2311 2745 950

2252 2973 2311 3005 955

2255 3223 2316 3265 960

2250 3482 2310 3527 965

1181 3546 1241 3579 905
1285 3539 1357 3569 XO.
1386 3533 1548 3575 βασίλει’,
1567 3533 1691 3579 ὅμυνον
1709 3536 1783 3570 σοῖς
1799 3535 1946 3570 τέκνοισι
1964 3534 2016 3568 καὶ
2033 3531 2154 3578 πάτρᾳ,
