2488 3860
995 250 1488 313 ΑἠοΣΠΑΣΜΑτιΑ.

590 380 826 424 ΔΑΝΑῙΔΕΞ.

2228 254 2308 316 595

1656 379 1920 419 mmmmm.

205 443 426 492 Dissertatio
445 453 651 492 Hermanni
668 455 706 491 in
725 454 865 504 Opusc.
886 449 1030 492 vol.11.
1050 466 1088 503 p.
1110 455 1200 491 319.
1242 436 1248 520 Ι
1315 469 1378 506 47·
1409 465 1632 517 Hesychius,
1660 469 1668 482 ’
1672 476 1724 505 Ao
1733 469 1774 516 ζὴ
1783 486 1838 507 σω
1868 469 2004 516 (codex
2028 471 2206 519 ἅοξὴσω);
2240 473 2311 508 &za-

233 525 296 562 37.
327 523 535 561 Scholiasta
547 524 696 560 Pindari
714 524 822 572 Pyth.
839 522 911 566 III,
929 524 990 560 27.
1017 526 1064 561 Τὸ
1084 525 1228 561 ὑποκου-
1262 523 1405 568 κονὴσω,
1424 522 1644 570 ὑπουργήσω.

179 579 333 625 ρι’ζεσθαι
351 579 478 616 ἀοιδαῖς
494 576 569 615 εἶπε
592 580 648 614 διὰ
671 580 710 614 τὸ
731 579 810 615 τοὺς
834 579 1017 624 ὑμνοῦντας
1040 579 1227 626 ε’πευφημι-

1699 524 1873 570 Αἰσχύλος
1890 525 2127 563 Ἐλευσινίαις.

1316 577 1379 612 48.
1409 574 1628 611 Plutarchus
1649 574 1688 610 in
1711 575 1855 612 Theseo
1880 589 1912 613 c.
1935 579 1995 613 29.
2019 591 2056 626 p.
2085 580 2128 614 14
2147 590 2180 614 a.
2211 580 2310 615 Συνέ-

181 632 337 679 ζομένους
356 633 471 681 λέγειν
498 634 563 668 σὺν
589 635 700 680 κόροις
726 647 763 668 τε
790 633 844 668 καὶ
871 633 996 679 κόραις.
1053 631 1229 679 Αἰσχύλος
1261 632 1369 677 πραξε
1387 630 1424 665 δὲ
1444 628 1614 677 (Θησεὺς)
1631 630 1685 664 καὶ
1697 628 1877 679 Ἀδράστῳ
1897 631 1957 676 τὴν
1974 632 2145 686 ἀναίρεσιν
2162 636 2228 669 τῶν
2246 635 2311 669 ὑπὸ

181 684 324 722 Δαναΐσι

286 739 435 776 Koila-tara
453 736 483 775 δ’
503 737 571 776 εἶσι
589 740 746 787 λαμπρὸν
763 739 860 785 ἡλίου
877 739 978 786 φάος,

286 794 348 830 ἕως
367 794 484 841 ἐγείρω
502 796 697 841 πρευμενεῖς
715 794 793 830 τοὺς
811 793 977 840 νυμφίους

286 849 421 893 νόμοισι
439 848 563 883 θέντων
581 848 646 883 σὺν
664 849 776 894 κόροις
792 861 829 881 τε
847 848 900 882 καὶ
919 848 1044 894 κόραις.

233 900 295 935 38.
324 899 528 936 Athenaeus
546 897 659 935 XIII.
679 911 716 947 p.
739 899 815 935 600
837 910 871 935 a.
901 901 966 935 Καὶ
985 902 1003 935 ὁ
1022 901 1228 946 σεμνότατος

180 953 210 989 δ’
229 953 412 1000 Αἰσχύλος
430 955 466 990 ἐν
483 956 554 991 ταῖς
569 951 732 990 Δαναΐσιν
745 953 847 998 αὐτὴν
859 954 1004 1001 παράγει
1021 953 1081 1000 τὴν
1097 953 1226 1001 Ἀφρο-

180 1008 273 1054 δίτην
288 1008 462 1055 λέγουσαν

283 1061 368 1109 Ἐρᾷ
385 1063 448 1108 μὲν
464 1061 565 1109 ἁγνὸς
584 1061 724 1108 οὐρανὸς
741 1064 871 1108 τρῶσαι
889 1060 1007 1107 χθόνα,

285 1116 369 1163 ἔρως
387 1117 423 1151 δέ
441 1118 540 1162 γαῖαν
556 1116 722 1161 λαμβάνει
739 1116 850 1161 γάμου
869 1117 996 1160 τυχεῖν·

285 1169 414 1217 ὄμβρος
432 1169 461 1205 δ’
481 1168 536 1205 ἀπ’
557 1169 728 1205 εύνάεντος
746 1169 888 1215 ούρανοῦ
906 1169 1023 1203 πεσὼν

285 1223 387 1259 ἔκυσε
403 1225 514 1271 γαῖαν·
543 1221 564 1267 ἡ
583 1223 620 1258 δὲ
638 1222 783 1258 τίκτεται
799 1223 937 1269 βροτοῖς

284 1276 402 1322 μήλων
419 1292 455 1312 τε
471 1276 604 1320 βοσκὰς
621 1276 676 1311 καὶ
692 1276 770 1319 βίον
789 1274 989 1321 Δημήτριον·

285 1331 464 1378 δενδρῶτις
481 1331 551 1376 ὥρα
569 1329 598 1365 δ’
619 1330 655 1364 ἐκ
674 1330 859 1373 νοτίζοντος
875 1329 987 1376 γάμου

283 1384 414 1421 τέλειός
431 1384 519 1420 ἐστι.
548 1387 615 1419 τῶν
632 1382 662 1419 δ’
683 1383 750 1430 ἐγὼ
768 1383 954 1430 παραίτιος-

235 1437 298 1473 39.
328 1435 550 1485 Hesychius,
583 1437 837 1484 Καθαίρομαι
866 1438 1014 1484 γῆραςε
1059 1433 1228 1482 ἐκδύομαι.

183 1490 358 1538 Αἰσχύλος
376 1488 531 1527 Δαναΐσι.
591 1488 722 1525 Codex
739 1491 844 1526 δαίσι.

554 1633 865 1665 ΔῙΚΤΥΟΥΛΚΟῙ.

234 1717 299 1752 40.
327 1714 499 1752 [Elianus
517 1715 570 1752 N.
590 1715 637 1751 A.
654 1714 743 1757 VII,
763 1716 826 1752 47.
854 1719 928 1752 Τῶν
942 1717 978 1752 δὲ
992 1717 1164 1766 ὑστρίχων
1178 1718 1232 1754 καὶ

183 1775 248 1807 τῶν
265 1770 424 1806 τοιούτων
442 1771 568 1818 ἀγρίων
585 1771 627 1806 τὰ
644 1771 765 1817 ἔκγονα
782 1771 883 1817 ὅβρια
905 1773 1064 1807 καλεῖται.
1094 1772 1147 1807 καὶ
1170 1771 1229 1818 μέ-

183 1825 301 1870 μνηται
315 1825 497 1872 Εὐριπίδης
515 1825 551 1859 ἐν
569 1824 717 1859 Πελιάσι
731 1826 791 1859 τοῦ
809 1823 972 1870 ὀνόματος
990 1826 1044 1860 καὶ
1059 1824 1233 1872 Αἰσχύλος

185 1879 220 1912 ἐν
248 1878 471 1925 Ἀγαμέμνονι
502 1876 625 1923 (143.)
654 1878 709 1912 καὶ
735 1880 983 1915 Δικτυουλκοῖς.
1014 1876 1168 1913 Photius
1193 1890 1229 1926 p.

185 1931 274 1971 314,
301 1931 363 1967 23.
397 1930 545 1978 *Οβρια
572 1931 635 1965 καὶ
661 1931 880 1979 ὀβρίκαλατ
926 1932 968 1967 τὰ
994 1935 1061 1967 τῶν
1087 1933 1233 1968 λεόντων

184 1985 238 2019 καὶ
263 1983 374 2020 λύκων
392 1984 547 2030 σκύμνια.
587 1984 763 2030 Αἰσχύλος
782 1986 1029 2022 Δικτυουλκοῖς.
1060 1982 1192 2020 Codex
1210 1997 1232 2021 a

184 2048 240 2084 pr.
259 2048 311 2072 m.
330 2043 373 2073 ut
390 2036 535 2073 videtur
551 2038 803 2075 δικτυουλικοῖς.

236 2090 300 2125 41.
329 2088 550 2138 Hesychius,
567 2092 730 2128 Θῶσθαι
746 2106 754 2128 :
783 2091 961 2128 δαίνυσθαι
981 2089 1115 2140 (codex
1131 2091 1230 2128 δύνα-

185 2143 298 2189 σθαι).
328 2144 499 2180 θωνᾶσθαι
520 2143 711 2193 (θωρᾶσθαι
741 2157 789 2180 ex
819 2143 1034 2193 Etymolog.
1065 2144 1231 2180 Parisino

185 2194 333 2231 Bastius
351 2196 399 2232 ad
418 2196 577 2245 Gregor.
595 2209 634 2245 p.
655 2198 778 2245 358.),
798 2199 1012 2245 εὐωχεῖσθαι.
1057 2198 1232 2246 Αἰσχύλος

185 2252 430 2287 Δικτυουλκοῖς.

238 2303 302 2338 42.
331 2301 462 2339 Pollux
475 2301 565 2344 VII,
587 2305 650 2341 35.
672 2304 841 2353 ’Υφασμα
859 2306 898 2341 δέ
911 2306 986 2341 ἐστι
998 2305 1135 2347 λεπτὸν,
1155 2307 1231 2342 εὐυ·

185 2355 262 2402 φές,
276 2354 406 2403 ἰσχνὸν,
419 2357 581 2406 εὗὴτριον,
598 2361 773 2395 εὔπλοκον.
792 2361 832 2396 τὸ
847 2360 883 2395 δὲ
898 2359 1050 2407 εὐήτριον
1064 2360 1099 2396 ἐν
1113 2366 1231 2396 Δικτυ-

186 2411 320 2447 ουλκοῖς
337 2410 512 2457 Αἰσχύλος
529 2412 559 2446 εἰ
577 2413 630 2447 καὶ
647 2412 692 2459 μὴ
707 2413 761 2449 ε’πὶ
776 2413 929 2459 ἐσθῆτος,
949 2413 1026 2448 ἀλλ’
1046 2412 1106 2450 οὖν
1123 2413 1233 2462 εἴρηκε

188 2465 211 2483 “
224 2462 367 2499 Δικτύου
386 2464 415 2499 δ’
435 2463 609 2510 εὐήτρια.”
664 2465 790 2513 Vulgo
809 2468 1083 2515 δικτυουργικοῖς.
1140 2467 1230 2504 Cor-

1260 686 1300 728 τῇ
1311 683 1460 730 Καδμείᾳ
1473 684 1658 723 πεσόντων,
1672 684 1747 729 οὐχ,
1761 684 1804 720 ὣς
1819 686 2000 731 Εὐριπίδης
2014 686 2171 732 ἐποίησεν
2182 688 2217 722 ἐν
2230 703 2311 735 τρα-

1261 737 1379 786 γῳδίᾳ,
1398 738 1490 783 μάχῃ
1517 740 1585 772 τῶν
1603 738 1761 781 θηβαίων
1789 737 1967 784 κρατήσας,
1994 739 2084 774 ἀλλὰ
2109 741 2232 778 πείσας
2259 742 2312 777 καὶ

1262 791 1500 836 σπεισάμενος·
1530 789 1618 826 οὕτω
1631 791 1697 837 γὰρ
1711 792 1742 825 οἱ
1760 793 1919 827 πλεῖστοι
1936 791 2092 839 λέγουσι·
2122 796 2312 841 Φιλόχορος

1262 845 1297 879 δὲ
1317 845 1371 879 καὶ
1390 844 1540 880 σπονδὰς
1553 844 1630 890 περὶ
1644 848 1767 891 νεκρῶν
1781 845 1983 893 ἀναιρέσεως
2000 847 2161 893 γενέσθαι
2178 851 2312 895 πρώτας

1261 898 1397 935 ἐκείνας.
1427 897 1480 934 ὅτι
1502 898 1539 932 δέ
1557 897 1728 944 Ἡρακλῆς
1751 902 1884 945 πρῶτος
1908 899 2058 935 ἀπέδωκε
2082 901 2217 948 νεκροὺς
2241 905 2312 939 τοῖς

1260 952 1435 998 πολεμίοις
1454 952 1489 986 ἐν
1506 953 1576 988 τοῖς
1599 952 1676 998 περὶ
1693 951 1902 999 Ἱ-Ιρακλέους
1924 953 2121 1000 γέγραπται.
2149 956 2255 1001 ταφαὶ
2275 956 2311 991 δέ

1260 1009 1328 1041 τῶν
1343 1006 1406 1051 μὲν
1423 1007 1563 1040 πολλῶν
1582 1005 1617 1040 ἐν
1634 1004 1848 1052 Ἐλευθεραῖς
1873 1007 2067 1048 δείκνυνται,
2088 1012 2155 1043 τῶν
2179 1009 2216 1044 δέ
2234 1008 2311 1056 ἡγε-

1261 1061 1372 1106 μόνων
1402 1060 1480 1106 περὶ
1510 1058 1703 1100 Ἐλευσῖνα,
1736 1060 1790 1094 καὶ
1825 1062 1926 1096 τοῦτο
1962 1060 2104 1105 Θησέως
2133 1061 2312 1111 Ἀδράστῳ

1261 1113 1502 1161 χαρισαμένου.
1533 1115 1825 1160 καταμαρτυροῦσι
1850 1114 1887 1148 δὲ
1912 1117 1978 1149 τῶν
1997 1115 2181 1162 Εὐριπίδου
2198 1115 2311 1151 Ἱκετί-

1262 1168 1329 1203 δων
1347 1168 1379 1202 οἱ
1397 1165 1574 1212 Αἰσχύλου
1591 1165 1808 1210 Ἐλευσίνιοι,
1830 1166 1866 1203 ἐν
1890 1165 1940 1205 οἷς
1966 1169 2020 1204 καὶ
2043 1171 2147 1204 ταῦτα
2164 1169 2275 1217 λέγων
2293 1172 2311 1205 ὁ

1264 1221 1398 1267 Θησεὺς
1414 1221 1603 1266 πεποίηται.

1672 1357 1900 1390 EtnroNox.

1317 1440 1380 1475 49.
1411 1437 1619 1475 Scholiasta
1647 1436 1796 1475 Pindari
1823 1437 1956 1475 Isthm.
1987 1435 2056 1480 VI,
2090 1439 2148 1476 10.
2182 1440 2248 1477 Τὸν
2275 1441 2311 1477 δὲ

1263 1495 1378 1542 τρίτον
1405 1496 1553 1542 κρατῆρα
1583 1494 1663 1531 Διὸς
1694 1495 1847 1541 σωτῆρος
1874 1494 2126 1542 {heyam—‘rou
2155 1495 2216 1541 μὲν
2245 1496 2312 1542 γὰρ

1262 1551 1397 1596 πρῶτον
1433 1549 1514 1585 Διὸς
1542 1547 1732 1594 Ὀλυμπίου
1769 1547 1957 1595 ε’κίρνασαν,
1990 1548 2049 1583 τὸν
2084 1548 2122 1583 δέ
2158 1547 2314 1595 δεύτερον

1263 1602 1390 1650 ἡρώων,
1410 1601 1469 1638 τὸν
1487 1602 1524 1637 δὲ
1542 1602 1656 1650 τρίτον
1675 1602 1754 1638 Διὸς
1773 1603 1935 1649 σωτῆρος.
1964 1601 2048 1637 καθὰ
2067 1602 2120 1638 καὶ
2137 1602 2313 1650 Αἰσχύλος

1264 1656 1299 1693 ἐν
1319 1655 1514 1704 Ἐπιγόνοις

1371 1710 1497 1752 Λοιβὰς
1516 1710 1595 1746 Διὸς
1613 1710 1674 1756 μὲν
1691 1713 1824 1757 πρῶτον
1843 1708 1964 1757 ὡραίου
1985 1710 2095 1758 γάμου

1364 1763 1477 1811 ’Ἤρας
1493 1779 1542 1800 τε.

1318 1814 1389 1854 εἶτα

1370 1872 1430 1918 τὴν
1449 1871 1607 1919 δευτέραν
1624 1872 1662 1908 δὲ
1682 1873 1802 1919 κρᾶσιν
1819 1871 1948 1919 ἥρωσιν
1965 1870 2066 1918 νέμω.

1318 1940 1390 1961 ειτα

1371 1979 1484 2027 τρίτον
1503 1980 1582 2016 Διὸς
1602 1980 1754 2027 σωτῆρος
1772 1980 1923 2015 εὐκταίαν
1940 1979 2034 2022 λίβα.

1318 2032 1381 2067 50.
1413 2031 1635 2081 Hesychius,
1654 2032 1887 2080 Τιμαλφήςε
1916 2034 2059 2079 ἔντιμος,
2077 2032 2174 2079 τιμὴν
2197 2032 2311 2080 ἀλφά·

1264 2101 1383 2128 νουσα,
1403 2087 1459 2122 διὰ
1475 2088 1571 2133 τιμῆς
1595 2085 1984 2134 ἅγομὲνη.-Αἰσχύλος
2007 2087 2045 2122 δὲ
2069 2086 2105 2122 ἐν
2120 2085 2313 2135 Ἐπιγόνοις

1265 2141 1319 2176 ἐπὶ
1337 2143 1398 2176 τοῦ
1416 2140 1563 2186 ἐντίμου.

1319 2194 1384 2229 51.
1412 2192 1525 2241 Apud
1545 2191 1764 2228 Athenaeum
1782 2191 1894 2229 XIII.
1914 2205 1951 2241 p.
1972 2193 2050 2229 584
2069 2191 2106 2229 d.
2125 2191 2310 2229 Androni-

1266 2257 1331 2281 cus
1358 2244 1488 2282 histrio
1515 2257 1664 2282 versum
1690 2257 1737 2282 ex
1764 2244 1944 2294 Epigonis
1971 2245 2145 2282 recitasse
2170 2257 2311 2282 memo-

1266 2303 1368 2335 ratur
1408 2308 1411 2311 ·

1371 2352 1534 2400 Ὀλόμενε
1551 2354 1690 2395 παίδων,
1709 2355 1806 2389 ποῖον
1824 2352 1955 2401 εἴρηκας
1973 2355 2102 2402 λόγον;

1266 2404 1466 2442 Dubitatur
1488 2411 1614 2441 utrum
1636 2404 1807 2453 AEschyli
1829 2417 1876 2442 an
1901 2404 2100 2454 Sophoclis
2122 2403 2314 2455 Epigonos

1267 2457 1376 2495 dicat.
1428 2457 1664 2494 Andronicus
1699 2462 1824 2494 autem
1859 2457 2123 2497 Demosthenis
2158 2457 2315 2495 oratoris

186 2519 328 2551 rectum
347 2527 395 2551 ex
417 2516 544 2553 codice
569 2515 864 2568 Falckenburgii.
904 2521 1123 2569 Δικτυουργοὶ
1142 2519 1230 2558 scri-
1267 2516 1377 2549 aetate
1395 2510 1500 2548 Vixit·

186 2566 285 2605 bitur
301 2567 339 2604 in
358 2567 553 2618 Cutnlogo.

501 2695 723 2734 ΔΙΟΝΥΣΟΥ
749 2702 918 2734 ΤΡοΦοι.

240 2783 304 2820 43.
335 2781 458 2820 Schol.
471 2782 661 2831 Aristoph.
670 2782 794 2831 Equit.
803 2796 839 2820 v.
852 2785 963 2821 1318.
977 2785 1113 2834 Ὥσπερ
1125 2785 1144 2831 ἡ
1157 2785 1232 2831 Μή-

189 2837 262 2874 δεια
278 2837 426 2886 λέγεται,
442 2840 486 2875 ὡς
503 2839 564 2883 μὲν
581 2836 756 2884 Αἰσχύλος
774 2839 914 2886 ἱστορεῖ,
929 2840 989 2877 τὰς
1006 2840 1157 2887 τροφοὺς
1174 2842 1235 2875 τοῦ

1572 2657 1756 2688 ΕΥΡΩΠΗ
1785 2656 1818 2687 Η
1846 2657 1998 2688 ΚΑΡΕΣ.

1319 2737 1382 2773 52.
1414 2736 1585 2773 Stobaeus
1604 2736 1668 2779 LI,
1691 2738 1752 2773 26.
1783 2737 1960 2785 Αἰσχύλου
1983 2742 2103 2786 Καρῶν

1852 2792 1950 2828 Ἀλλ’
1971 2791 2078 2840 ’Ἄρης
2095 2794 2194 2839 φιλεῖ

1375 2845 1425 2880 ἀεὶ
1444 2846 1483 2880 τὰ
1501 2848 1620 2894 λῷστα
1637 2846 1747 2881 πάντα
1764 2846 1967 2892 τάνθρώπων
1984 2849 2147 2893 στρατοῦ.

189 2891 358 2928 Διονύσου
382 2891 602 2939 ἀφεψήσασα
626 2891 806 2927 ἀνανεάσαι
829 2894 969 2937 ποιῆσαι
993 2894 1077 2939 μετὰ
1093 2897 1160 2929 τῶν
1177 2893 1234 2929 ἄν·
1269 2894 1478 2933 Erfurdtius
1501 2897 1548 2933 ad
1572 2896 1767 2945 Sophoclis
1790 2897 1946 2934 Philoct.
1967 2899 2056 2935 437.
2076 2910 2115 2946 p.
2137 2899 2212 2934 223
2231 2914 2314 2935 παν-

189 2946 279 2992 δρῶν
296 2946 416 2980 αὐτῶν.
463 2942 629 2991 Scriptor
647 2943 856 2991 argumenti
873 2943 1020 2980 Medeae
1037 2943 1234 2993 Euripidis,
1268 2952 1326 2987 τὸς
1343 2951 1547 3000 ἀνατρέπων.
1579 2946 1731 2986 Poterat
1747 2950 1820 2986 hoc
1837 2949 1978 2986 facilius
1995 2952 2089 2988 πάντ’
2108 2952 2313 2999 ἀνατρέπων.

189 2997 365 3045 Αἰσχύλος
389 2998 417 3034 δ’
439 2998 474 3033 ἐν
497 3000 569 3034 ταῖς
592 2999 653 3033 τοῦ
678 2997 845 3034 Διονύσου
863 3000 1014 3046 Τροφοῖς
1037 3000 1167 3046 ἱστορεῖ
1184 2999 1236 3034 ὅτι
1270 3001 1412 3038 Similia
1438 3002 1484 3038 de
1502 3002 1627 3038 Marte
1654 3001 1752 3038 dicta
1777 3007 1970 3051 poetarum
1988 3003 2138 3053 collegit
2155 3003 2313 3040 Valcke-

190 3053 244 3088 καὶ
261 3053 321 3090 τὰς
340 3051 508 3088 Διονύσου
526 3050 677 3098 τροφοὺς
698 3051 783 3097 μετὰ
806 3055 872 3087 τῶν
889 3052 1018 3100 ἀνδρῶν
1036 3053 1144 3088 αὐτῶν
1161 3052 1235 3088 ἀνε-
1268 3054 1391 3091 narius
1409 3054 1566 3091 Diatrib.
1587 3053 1714 3102 Eurip.
1734 3067 1771 3103 p.
1793 3057 1882 3092 225.

189 3105 342 3154 φήσασα
360 3106 567 3149 ε’νεοποίησε.

1321 3109 1385 3143 53.
1416 3106 1627 3155 Stephanus
1658 3106 1766 3155 Byz.‚
1799 3109 1996 3146 Μύλασαε
2041 3113 2143 3148 πόλις
2178 3111 2314 3158 Καρίας,

241 3159 305 3194 44.
335 3156 557 3206 Hesychius.
577 3157 700 3205 Δίκρα
724 3156 846 3205 ὄψις-ε
875 3158 895 3204 ἡ
918 3159 1034 3205 διπλῆ.
1063 3158 1238 3206 Αἰσχύλος
1268 3162 1335 3197 ἀπὸ
1367 3160 1726 3208 Μυλάσου-λέγεται
1756 3163 1810 3198 καὶ
1842 3162 1973 3205 Μύλας,
2002 3164 2047 3201 ὡς
2078 3164 2254 3211 Αἰσχύλος
2280 3165 2317 3200 ἐν

191 3213 353 3260 Τροφοῖς.

1270 3215 1401 3262 Καρσὶν
1431 3213 1450 3259 ἢ
1480 3215 1637 3262 Εὐρώπῃ.
1694 3211 1787 3250 Haec
1819 3214 1978 3252 nominis
2009 3215 2129 3251 forma
2158 3215 2316 3251 fortasse

244 3265 308 3300 45.
341 3261 560 3311 Hesychius,
580 3264 777 3300 Πεδοίκου
804 3265 1038 3311 χελιδόνος;
1068 3266 1236 3302 συνοίκου.
1269 3265 1496 3302 restituenda
1514 3264 1693 3301 Machoni
1709 3265 1807 3313 apud
1819 3264 2042 3304 Athenaeum
2060 3267 2172 3304 VIII.
2187 3280 2225 3316 p.
2240 3268 2315 3304 336

191 3318 367 3364 Αἰσχύλος
385 3319 544 3364 Τροφοις.
586 3361 595 3366 κ

243 3370 308 3406 46.
338 3368 491 3406 Photius
502 3381 539 3417 p.
552 3368 616 3410 47,
634 3364 692 3405 10.
711 3369 934 3417 Ἐψιοῦσαε
955 3373 1085 3420 τροφὰς
1096 3372 1239 3408 διδοῦσα

191 3423 338 3471 χόνδρου
369 3424 424 3459 καὶ
454 3423 496 3458 τὰ
526 3423 651 3471 ἐψητά.
706 3423 879 3472 Αἰσχύλος
905 3426 1054 3473 Τροφοῖς
1083 3428 1106 3445 “
1120 3425 1239 3472 Βιοτὴν

192 3477 333 3525 αὔξιμον
350 3474 541 3525 ἑψιοῦσα.”
569 3474 749 3523 Ἱππῶναξ.
1163 3482 1166 3485 “

1270 3331 1303 3355 c.
1323 3317 1387 3354 ubi
1404 3330 1502 3354 nunc
1517 3315 1708 3366 AEgyptiae
1733 3317 1833 3355 urbis
1856 3331 1993 3356 nomen
2011 3320 2160 3357 Μύλωνα
2179 3319 2219 3356 in
2241 3319 2316 3356 fine

1270 3369 1427 3407 trimetri
1453 3367 1613 3419 legitur:
1654 3369 1726 3405 nisi
1753 3375 1818 3407 aut
1845 3371 2034 3409 elisionem
2062 3371 2223 3414 admisit,
2242 3377 2317 3409 ‘aut

1272 3424 1398 3460 Μύλων
1427 3421 1582 3471 scripsit.
1640 3423 1818 3461 Μύλασσα
1842 3423 1939 3461 male
1968 3422 2140 3462 scribitur
2166 3422 2254 3462 ibid.
2275 3437 2314 3478 p.

1274 3476 1348 3513 348
1368 3474 1404 3513 d.
1435 3473 1589 3525 Corrige
1607 3475 1770 3514 Μύλασα.
