2488 3860
150 269 237 327 {234

138 396 218 433 ‘EA.

139 455 214 486 HA.

139 503 218 539 ‘EA.

140 562 217 592 HA.

139 609 218 645 ‘EA.

140 668 214 699 HA.

137 715 216 751 ‘EA.

140 775 214 805 HA.

136 823 216 859 ‘EA.

141 882 217 912 HA.

138 930 217 965 ‘EA.

138 989 213 1019 HA.

137 1037 218 1073 ‘EA.

138 1097 214 1127 HA.

140 1145 219 1180 ‘EA.

142 1203 218 1233 HA.

139 1251 220 1287 ‘EA.

137 1311 214 1340 HA.

134 1357 214 1394 ‘EA.

134 1416 211 1447 HA.

136 1464 218 1500 ‘EA.

134 1523 212 1555 HA.

133 1572 215 1609 ‘EA.

131 2430 206 2466 HA.

130 3339 203 3373 XO.

131 3395 206 3426 HA.

131 3498 204 3534 XO.

1050 267 1389 322 ΕΥΡΙΠΙΔΟΫ

254 395 367 431 πόσον
378 394 504 442 χρόνον
522 391 558 430 δὲ
576 390 723 441 δεμνίοις
738 390 890 440 πέπτωχ’
908 392 987 435 ὅδες

254 448 294 493 ἐξ
312 448 417 496 οὗπερ
436 445 516 494 αἷμα
533 448 709 496 γενέθλιον
727 446 924 493 κατήνυσεν.

249 503 276 538 ὢ
294 501 431 548 μέλεος,
450 502 470 547 ἡ
489 504 636 538 τεκοῦσά
655 503 699 547 θ’,
722 503 767 538 ὡς
783 501 937 537 διώλετο.
985 547 988 551 ’

250 554 357 591 οὕτως
374 555 447 602 ἔχει
464 554 554 599 τάδ’,
574 555 657 591 ὥστ’
677 554 858 603 ἀπείρηκεν
877 555 1000 591 κακοῖς.

247 609 333 656 πρὸς
347 609 444 653 θεῶν,
464 608 569 646 πίθοι’
589 609 630 645 ἂν
649 610 733 655 δῆτά
750 608 810 655 μοί
827 623 871 654 τι,
890 608 1035 655 παρθένε
1046 622 1058 649 ,·

246 664 291 698 ὡς
309 662 466 708 ἅσχολός
483 678 524 710 γε
543 665 716 711 συγγόνου
734 662 936 710 προσεδρίᾳ.

246 715 369 760 βούλει
387 717 500 762 τάφον
518 732 576 762 μοι
592 718 679 765 πρὸς
697 715 900 764 κασιγνήτης
917 716 1062 761 μολεῖν;

243 770 369 817 μητρὸς
389 769 540 807 κελεύεις
558 772 616 816 τῆς
634 772 738 815 ε’μῆς;
766 770 858 805 τίνος
871 770 994 816 χάριν,·

247 824 351 868 κόμης
368 823 524 870 ἀπαρχὰς
543 825 598 860 καὶ
614 825 700 870 χοὰς
717 822 864 871 φέρουσ’
883 822 976 868 ἐμάς.

249 877 307 913 σοὶ
325 876 355 912 δ’
374 876 454 924 οὐχὶ
473 877 610 923 θεμιτὸν
627 878 712 924 πρὸς
729 877 845 923 φίλων
864 875 1015 922 στείχειν
1033 874 1168 921 τάφον,·

249 930 357 975 δεῖξαι
374 931 441 977 γὰρ
459 930 648 979 Ἀργείοισι
667 930 753 976 σῶμ’
772 929 989 975 αἰσχύνομαι.

244 983 319 1031 ὀψέ
332 998 374 1028 γε
392 986 532 1030 φρονεῖς
550 984 598 1028 εὖ,
617 985 694 1020 τότε
711 982 852 1019 λιποῦσ’
867 983 1021 1030 αἰσχρῶς
1037 983 1172 1029 δόμους.

246 1037 356 1084 ὀρθῶς
374 1036 510 1080 ἔλεξας,
528 1039 568 1073 οὗ
587 1037 701 1084 φίλως
719 1037 757 1072 δέ
774 1051 832 1082 μοι
850 1036 976 1083 λέγεις.
1139 1051 1200 1073 100

242 1091 344 1127 αἰδὼς
362 1090 400 1126 δὲ
418 1091 457 1136 δὴ
475 1092 527 1127 τίς
545 1091 579 1127 σ’
599 1093 634 1127 ἐς
652 1089 863 1135 Μυκηναίους
880 1090 977 1135 ἔχεις

249 1144 383 1180 δέδοικα
399 1144 546 1191 πατέρας
562 1148 630 1180 τῶν
648 1144 703 1180 ὑπ’
722 1143 749 1179 ’l
757 1144 822 1192 λίῳ
840 1147 976 1190 νεκρῶν.

247 1197 357 1233 δεινὸν
373 1199 441 1244 γάρ
451 1197 574 1245 Ἀργει
591 1199 619 1232 τ’
640 1197 770 1243 ἀναβοᾷ
788 1197 844 1232 διὰ
861 1198 985 1242 στόμα.

250 1250 296 1287 σύ
314 1265 373 1287 νυν
390 1253 492 1298 χάριν
508 1266 578 1297 μοι,
596 1252 655 1286 τὸν
674 1252 790 1297 φόβον
807 1249 961 1291 λύσασα,
982 1251 1050 1286 δός.

243 1305 303 1340 οὐκ
322 1304 363 1339 ἂν
381 1305 543 1350 δυναίμην
560 1305 685 1352 μητρὸς
703 1304 883 1351 ἐσβλέψαι
901 1304 1024 1350 τάφον.

244 1358 392 1405 αἰσχρόν
409 1373 450 1404 γε
467 1358 582 1404 μέντοι
600 1359 824 1404 προσπόλους
841 1357 961 1404 φέρειν
978 1357 1071 1393 τάδε.

239 1411 273 1446 τί
291 1410 322 1447 δ’
341 1412 419 1457 οὐχὶ
437 1412 605 1460 θυγατρὸς
621 1411 798 1457 Ἑρμιόνης
815 1411 959 1457 πέμπεις
977 1408 1103 1457 δέμαςῐ

247 1464 295 1501 εἷς
313 1464 421 1512 ὅχλον
439 1464 554 1513 ἕρπειν
571 1465 792 1513 παρθένοισιν
809 1466 849 1500 οὐ
867 1465 983 1501 καλόν.

241 1519 294 1554 καὶ
311 1518 377 1563 μὴν
396 1519 481 1555 τίνοι
498 1518 530 1566 γ’
551 1518 592 1554 ἂν
609 1523 649 1564 τῇ
669 1517 847 1565 τεθνηκυίᾳ
864 1519 1008 1565 τροφάς.

244 1573 359 1608 καλῶς
375 1572 510 1617 ἔλεξας,
530 1571 691 1618 πείθομαί
707 1572 747 1607 τέ
763 1588 832 1614 σοι,
849 1575 943 1620 κόρη.
1135 1585 1194 1607 110

239 1621 314 1674 [καὶ
331 1625 518 1674 πέμψομέν
535 1641 576 1674 γε
596 1625 764 1673 θυγατέρ’·
793 1626 830 1662 εὖ
848 1627 915 1673 γάρ
933 1641 986 1662 τοι
1003 1621 1147 1673 λέγεις.]

240 1679 267 1714 ὦ
285 1680 411 1724 τέκνον,
432 1680 560 1725 ἔξελθ’,
579 1678 750 1726 Ἑρμιόνη,
770 1680 882 1726 δόμων
899 1681 1019 1726 πάρος,

237 1733 293 1768 καὶ
309 1734 399 1776 λαβὲ
417 1734 503 1780 χοὰς
520 1734 619 1770 τάσδ’
638 1734 675 1769 ἐν
690 1736 808 1780 χεροῖν
825 1735 929 1779 κόμας
946 1730 976 1769 τ’
999 1733 1091 1778 ἐμάς·

235 1786 390 1822 ἐλθοῦσα
408 1787 438 1822 δ’
458 1787 549 1833 ἀμφὶ
565 1787 626 1822 τὸν
643 1786 949 1835 Κλυταιμνήστρας
967 1787 1080 1832 τάφον

235 1839 410 1888 μελίκρατ’
428 1840 517 1887 ἄφες
533 1842 703 1888 γάλακτος
721 1840 865 1876 οἶνωπόν
882 1840 913 1875 τ’
933 1840 1050 1886 ἄχνην,

238 1894 294 1929 καὶ
314 1892 418 1930 στᾶσ’
438 1892 491 1930 ἐπ’
512 1894 617 1941 ἄκρου
634 1895 791 1940 χώματος
809 1894 913 1938 λέξον
931 1894 1024 1929 τάδε·

235 1946 357 1993 Ἑλένη
377 1948 410 1983 σ’
430 1947 567 1994 ἀδελφὴ
585 1948 706 1983 ταῖσδε
725 1948 880 1994 δωρεῖται
899 1949 1008 1994 χοαῖς,

234 2001 340 2049 φόβῳ
358 1998 566 2048 προσελθεῖν
582 2002 696 2047 μνῆμα
714 2001 790 2042 σὸν,
809 2002 989 2047 ταρβοῦσά
1004 2015 1042 2036 τε

236 2052 394 2102 Ἀργεῖον
411 2054 530 2101 όχλον.
585 2055 706 2099 εὐμενῆ
726 2054 754 2090 δ’
774 2054 885 2102 ἅνωγέ
903 2069 954 2090 νιν

236 2108 312 2153 ἐμοί
327 2123 366 2143 τε
384 2109 438 2143 καὶ
458 2109 515 2144 σοὶ
534 2108 588 2143 καὶ
605 2110 709 2144 πόσει
726 2109 863 2156 γνώμην
881 2108 974 2154 ἔχειν

236 2162 310 2196 τοῖν
327 2161 356 2197 τ’
377 2161 511 2198 ἀθλίοιν
527 2161 643 2205 τοῖνδ’,
664 2161 721 2198 οὓς
739 2161 921 2197 ἀπώλεσεν
939 2162 1026 2198 θεός.

238 2214 262 2249 ἂ
279 2213 310 2250 δ’
330 2216 379 2252 εἷς
394 2216 552 2262 ἀδελφὴν
570 2218 684 2263 καιρὸς
703 2216 856 2251 ἐκπονεῖν
873 2215 943 2261 ἐμὲ,

233 2267 356 2304 ἅπανθ’
376 2270 549 2316 ὑπισχνοῦ
567 2269 731 2316 νερτέρων
749 2267 939 2315 δωρήματα.
1211 2278 1213 2294 ·’

234 2319 280 2357 ἴθ’
301 2322 327 2357 ὦ
345 2324 462 2359 τέκνον
478 2337 547 2369 μοι,
568 2324 706 2363 σπεῦδε,
728 2322 783 2357 καὶ
800 2323 885 2368 χοὰς
902 2325 1002 2371 τάφῳ
1211 2299 1214 2366 Ι

234 2375 331 2412 δοῧσ’
352 2377 397 2413 ὣς
414 2377 563 2422 τάχιστα
581 2378 641 2422 τῆς
658 2379 764 2412 πάλιν
780 2376 922 2421 μέμνησ’
944 2376 1038 2411 ὁδοῦ.

235 2427 262 2463 ὦ
282 2428 403 2475 φύσις,
422 2429 459 2465 ἐν
477 2429 708 2477 ἀνθρώποισιν
726 2430 769 2466 ὡς
786 2427 863 2476 μέγ’
884 2426 919 2464 εἷ
932 2430 1045 2470 κακὸν,

234 2480 403 2530 σωτήριόν
420 2498 457 2519 τε
475 2485 546 2520 τοῖς
564 2485 676 2520 καλῶς
693 2484 914 2527 κεκτημένοις.

237 2535 343 2572 ε’ίδετε
359 2535 439 2582 παρ’
459 2536 562 2583 ἄκρας
581 2538 625 2574 ὡς
643 2537 829 2585 ἀπέθρισεν
845 2537 975 2584 τρίχας,
1008 2584 1009 2587 ¹

234 2591 397 2633 σώζουσα
415 2590 565 2631 κάλλος,·
594 2590 670 2626 ἔστι
688 2590 718 2625 δ’
733 2591 753 2636 ἡ
771 2590 879 2625 πάλαι
896 2590 991 2638 γυνή.

235 2642 309 2679 θεοί
326 2659 369 2680 σε
387 2641 581 2689 μισήσειαν,
604 2645 650 2680 ὥς
665 2639 699 2688 μ’
718 2644 902 2681 ἀπώλεσας

236 2696 290 2732 καὶ
307 2698 405 2733 τόνδε
421 2698 538 2733 πᾶσάν
555 2697 586 2732 θ’
606 2697 760 2733 Ἑλλάδ’.
789 2696 815 2730 ὢ
834 2695 964 2733 τάλαιν’
983 2696 1063 2746 ἐγώ.

235 2748 299 2785 αἵδ’
319 2750 361 2786 αὖ
377 2752 518 2798 πάρεισι
535 2752 607 2787 τοῖς
624 2750 717 2797 ἐμοῖς
735 2749 927 2798 θρηνήμασι

234 2803 338 2849 φίλαι
356 2803 510 2853 ξυνῳδοί·
537 2805 626 2850 τάχα
642 2803 897 2850 μεταστήσουσ’
915 2803 1023 2841 ὕπνου

234 2855 325 2892 τόνδ’
345 2855 562 2903 ἡσυχάζοντ’,
583 2857 674 2904 ὅμμα
693 2856 723 2894 δ’
744 2857 925 2903 ἐκτήξουσ’
945 2857 1027 2905 ἐμὸν

235 2909 403 2957 δακρύοις,
425 2910 579 2957 ἀδελφὸν
598 2910 679 2946 ὅταν
696 2912 764 2957 ὁρῶ
781 2912 963 2957 μεμηνότα.

236 2962 264 2998 ὦ
281 2963 445 3008 φίλταται
457 2966 623 3011 γυναῖκες,
642 2963 762 3014 ἡσύχῳ
780 2965 861 3000 ποδὶ

232 3018 388 3062 χωρεῖτε,
405 3017 451 3063 μὴ
469 3017 634 3064 ψοφεῖτε,
653 3019 729 3064 μηδ’
750 3018 840 3054 ἔστω
859 3018 994 3055 κτύπος·

235 3069 340 3115 φιλία
355 3070 423 3117 γὰρ
441 3069 461 3115 ἡ
480 3072 525 3115 σὴ
543 3072 730 3118 πρευμενὴς
747 3072 820 3118 μὲν,
841 3072 922 3109 ἀλλ’
941 3071 1016 3119 ἐμοὶ

234 3123 324 3158 τόνδ’
344 3122 511 3170 ἐξεγεῖραι
529 3124 692 3171 ξυμφορὰ
708 3125 899 3173 γενήσεται.

235 3178 321 3223 σῖγα
340 3179 435 3224 σῖγα,
453 3177 580 3214 λεπτὸν
597 3176 693 3223 ἴχνος
711 3178 865 3224 ἀρβύλης

235 3228 357 3271 τίθετε,
374 3230 420 3276 μὴ
437 3231 603 3277 ψοφεῖτε,
625 3231 671 3276 μὴ
690 3229 775 3267 ’στω
793 3231 926 3269 κτύπος.

233 3282 368 3330 ἀποπρὸ
384 3283 462 3327 βᾶτ’
481 3283 585 3320 ἐκεῖσ’
603 3283 738 3331 ἀποπρό
753 3299 811 3331 μοι
830 3287 954 3322 κοίτας.

232 3336 317 3379 ἰδοὺ,
334 3336 502 3384 πείθομαι.

234 3390 289 3432 ἀᾶ,
308 3390 474 3439 σύριγγος
490 3390 583 3428 ὅπως
599 3393 687 3428 πνοὰ

232 3445 362 3480 λεπτοῦ
381 3445 530 3488 δόνακος,
550 3445 576 3480 ὦ
594 3445 697 3491 φίλα,
717 3446 825 3492 φώνει
844 3460 915 3491 μοι.
1079 3456 1149 3490 145,
1170 3447 1190 3480 6

232 3495 292 3539 ἴδ’,
310 3498 491 3544 άτρεμαίαν
509 3499 554 3535 ὧς
571 3499 752 3546 ὑπόροφον
769 3500 866 3547 φέρω
884 3500 983 3542 βοάν.
1032 3503 1107 3534 ΗΛ.
1138 3498 1190 3534 ναὶ

289 3549 390 3596 οὕτω,
878 3555 881 3558 ’
1076 3564 1147 3597 147,
1170 3556 1189 3587 8

234 3605 359 3651 κάταγε
397 3606 533 3652 κάταγε,
571 3604 711 3651 πρόσιθ’
753 3606 909 3654 ἀτρέμας,
947 3606 1092 3653 ἀτρέμας
1127 3604 1188 3641 ἰ’θι·

286 3658 393 3708 λόγον
411 3657 537 3696 ἀπόδος
554 3657 612 3707 ἐφ’
632 3656 652 3694 ὅ
670 3673 703 3695 τι
1056 3673 1126 3709 149,
1147 3671 1189 3705 50

1137 1316 1194 1348 105

1135 1853 1192 1883 115

1133 2121 1193 2144 120

1132 2388 1189 2419 1²5

1131 2655 1191 2688 130

1131 2925 1188 2958 135

1131 3139 1190 3191 139

1048 3191 1128 3225 στρ.
1147 3193 1190 3214 α.

1349 391 1451 440 χρέος
1481 389 1626 438 ἐμόλετέ
1646 402 1741 428 ποτε.
1794 389 1917 440 χρόνια
1931 389 1999 440 γὰρ
2024 382 2143 428 πεσὼν
2169 373 2221 426 δ’δ’
2246 378 2302 425 εύ·

1402 446 1546 488 νάξεται.
2158 482 2160 484 ,
2193 456 2263 489 151,
2284 457 2302 480 ἰ

1162 515 1206 550 90
1246 504 1316 534 XO.
1344 502 1417 534 πῶς
1435 499 1533 544 ἕχει,·
1561 499 1669 546 λόγου
1686 499 1839 544 μετάδος,
1858 498 1884 534 ὦ
1901 500 2003 545 φίλα.
2174 497 2247 534 ἀντ.
2267 498 2300 533 ά.

1246 558 1322 588 ΗΛ.
1351 552 1427 587 τίνα
1443 550 1551 598 τύχαν
1570 551 1676 594 ε’ίπω,·
1703 551 1777 588 τίνα
1793 553 1831 588 δὲ
1849 553 2057 598 συμφοράν,-

1349 605 1400 640 ἕτι
1418 604 1479 650 μὲν
1496 606 1643 652 ἐμπνέει,
1661 605 1778 653 βραχὺ
1796 604 1826 642 δ’
1843 606 2029 643 ἀναστένει.
2243 615 2303 651 155

1243 665 1316 695 XO.
1345 657 1380 693 τί
1397 657 1489 704 φῄς,·
1518 659 1544 694 ὦ
1561 660 1678 695 τάλας.

1245 718 1318 748 HA.
1348 712 1453 754 ὀλεῖς,
1473 712 1503 748 εἶ
1520 713 1686 759 βλέφαρα
1705 711 1852 759 κινήσεις

1160 780 1200 815 95
1349 764 1456 815 ὕπνου
1473 767 1689 814 γλυκυτάταν
1706 767 1883 815 φερομένῳ
1901 768 2013 814 χάριν.
2192 768 2264 810 158,
2283 779 2304 813 9

1242 826 1315 857 XO.
1343 819 1469 866 μέλεος
1498 820 1671 866 ἐχθίστων
1702 819 1820 856 θεόθεν
1855 821 2041 868 ἐργμάτων.
2078 821 2196 864 τάλας,
2234 818 2304 865 φεῦ

1397 872 1549 920 μόχθων.
2193 874 2263 914 160,
2287 886 2300 908 1

1243 933 1316 963 HA.
1344 926 1459 964 ἄδικος
1477 927 1574 963 ἄδικα
1591 926 1661 963 τότ’
1679 926 1731 975 t'z'p'
1751 926 1872 962 ἔλακεν
1894 927 2030 970 ἔλακεν,
2058 927 2236 974 ἀπόφονον
2254 923 2303 961 ὅτ’

1398 980 1455 1016 ἐπὶ
1473 981 1608 1028 τρίποδι
2192 983 2264 1020 162,
2285 994 2304 1025 3

1345 1035 1492 1081 Θέμιδος
1517 1033 1571 1082 ἄρ’
1599 1033 1737 1070 ἐδίκασε
1765 1035 1873 1082 φόνον
1899 1037 1918 1070 ὁ
1945 1034 2070 1081 Λοξίας
2095 1034 2177 1081 ε’μᾶς
2202 1031 2304 1079 ματέ-

1394 1103 1466 1133 ρος.
2193 1090 2264 1133 164,
2285 1098 2304 1132 5

1239 1147 1311 1178 ΧΟ.
1339 1143 1445 1189 ὁρᾷς,·
1474 1142 1511 1178 ἐν
1527 1142 1695 1179 πέπλοισι
1714 1145 1797 1179 κινεῖ
1814 1143 1929 1189 δέμας.
2153 1155 2232 1188 στρ·
2252 1139 2302 1183 β’·

1241 1201 1315 1230 ΗΛ.
1347 1196 1393 1232 σὺ
1410 1197 1478 1243 γάρ
1497 1211 1558 1241 νιν,
1578 1196 1604 1231 ὦ
1622 1198 1776 1239 τάλαινα,
2196 1203 2201 1207 “

1344 1247 1496 1294 θωΰξασ’
1515 1251 1641 1293 ἔβαλες
1659 1250 1698 1295 ἐξ
1716 1248 1836 1286 ὕπνου.

1237 1310 1309 1339 ΧΟ.
1340 1302 1450 1339 εὕδειν
1466 1304 1529 1349 μὲν
1547 1303 1606 1339 οὖν
1623 1303 1737 1348 ἔδοξα.

1238 1363 1315 1393 HA.
1345 1357 1405 1392 οὐκ
1421 1357 1486 1404 ἀφ’
1507 1356 1612 1403 ἡμῶν,
1632 1358 1692 1393 οὐκ
1711 1354 1768 1392 ἀπ’
1787 1354 1887 1392 οἴκων
2244 1369 2303 1403 170

1341 1411 1447 1447 πάλιν
1453 1411 1515 1447 ἀνὰ
1525 1412 1615 1447 πόδα
1622 1413 1686 1446 σὸν
1698 1409 1849 1455 εἱλίξεις,
1857 1409 2022 1457 μεθεμένα
2033 1409 2161 1447 κτύπου
2166 1424 2177 1452 ,·
2196 1421 2268 1456 171,
2284 1425 2302 1446 α

1236 1470 1309 1500 ΧΟ.
1339 1465 1530 1501 ὑπνώσσει.
1587 1470 1664 1500 HA.
1693 1465 1809 1511 λέγεις
1827 1462 1879 1500 εὖ.

1235 1524 1308 1554 ΧΟ.
1337 1519 1458 1555 πότνια
1488 1511 1609 1555 πότνια
1641 1518 1713 1565 νὺξ,
1745 1517 1968 1564 ὑπνοδότειρα
1997 1522 2066 1556 τῶν
2099 1519 2302 1555 πολυπόνων

1393 1575 1542 1619 βροτῶν,
2207 1585 2302 1619 Ῑ74τ5

1339 1625 1502 1673 ἐρεβόθεν
1518 1625 1578 1668 ἰ’θι,
1596 1625 1684 1670 μόλε
1699 1625 1787 1670 μόλε
1805 1626 2013 1675 κατάπτερος
2190 1630 2261 1675 176,
2284 1639 2302 1673 7

1338 1682 1399 1715 τὸν
1415 1679 1680 1728 Ἀγαμεμνόνιον
1698 1677 1755 1713 ἐπὶ
1773 1679 1888 1725 δόμον.
2190 1686 2263 1728 178,
2283 1696 2303 1729 9

1339 1733 1407 1769 ὑπὸ
1424 1735 1491 1781 γὰρ
1509 1733 1644 1780 ἀλγέων
1661 1732 1728 1767 ὑπό
1745 1747 1783 1768 τε
1801 1734 1987 1782 συμφορᾶς
2243 1740 2302 1772 180

1339 1786 1538 1833 διοιχόμεθ’,
1558 1786 1732 1833 οἰχόμεθα.
1790 1791 1867 1826 HA.
1897 1787 2023 1825 κτύπον
2045 1785 2197 1837 ἠγάγετ’·
2224 1788 2303 1834 οὐχὶ

1393 1842 1478 1888 σῖγα
2189 1844 2262 1886 181,
2277 1857 2302 1883 ,2

1339 1895 1425 1941 σῖγα
1442 1894 1699 1940 φυλασσομένα

1338 1948 1508 1993 στόματος
1526 1947 1735 1985 ἀνακέλαδον
1753 1949 1820 1985 ἅπο
1838 1948 1961 1995 λέχεος
2187 1954 2271 1998 184,
2283 1962 2302 1996 5

1338 2000 1472 2047 ἥσυχον
1489 2000 1596 2037 ὕπνου
1614 2002 1716 2048 χάριν
1733 2003 1906 2050 παρέξεις,
1926 2001 2041 2049 φίλας
2211 1998 2214 2002 ’

1234 2060 1305 2089 ΧΟ.
1336 2054 1430 2101 θρόει
1448 2054 1500 2091 τίς
1518 2058 1628 2090 κακῶν
1645 2057 1791 2091 τελευτὰ
1807 2057 1901 2102 μένει
2155 2055 2230 2094 (ivr.
2248 2054 2300 2100 β’.

1235 2114 1309 2143 HA.
1339 2108 1452 2144 θανεῖν
1469 2108 1594 2144 θανεῖν·
1622 2109 1657 2144 τί
1675 2110 1705 2145 δ’
1723 2109 1815 2144 ἄλλο
1829 2126 1842 2152 ,·
2243 2119 2246 2122 ”

1340 2162 1418 2197 οὐδὲ
1437 2162 1504 2209 γὰρ
1523 2161 1630 2198 πόθον
1650 2164 1722 2208 ἕχει
1738 2165 1862 2211 βορᾶς.

1233 2222 1305 2252 ΧΟ.
1334 2216 1509 2262 πρόδηλος
1527 2214 1580 2263 ἆρ’
1603 2217 1622 2250 ὁ
1639 2218 1780 2262 πότμος.
2239 2232 2300 2268 19ο

1236 2277 1309 2305 11A.
1340 2267 1480 2312 ἐξέθυσ’
1500 2270 1519 2303 ὁ
1539 2271 1668 2312 Φοῖβος
1686 2269 1773 2316 ἡμᾶς

1336 2321 1462 2368 μέλεον
1505 2322 1683 2370 ἀπόφονον
1728 2320 1811 2369 αἷμα
1854 2324 1935 2361 δοὺς
1977 2325 2201 2375 πατροφόνου
2234 2337 2298 2371 μα·

1386 2377 1477 2424 τρός.
2186 2392 2258 2427 192,
2281 2394 2300 2425 3

1230 2436 1302 2466 XO.
1331 2428 1407 2476 δίκᾳ
1424 2429 1497 2475 μὲν,
1513 2431 1624 2466 καλῶς
1642 2428 1673 2465 δ’
1694 2433 1746 2466 οὕ.

1233 2490 1306 2519 HA.
1335 2483 1451 2519 ἔθανες
1486 2482 1612 2526 ἔθανες,
1650 2483 1677 2518 ῶ
1712 2484 1874 2530 τεκομένα
1914 2499 1957 2531 με
1999 2486 2119 2534 μᾶτερ,
2154 2485 2224 2521 ἀπὸ
2268 2482 2298 2520 δ’

1387 2537 1523 2574 ὤλεσας
2187 2551 2258 2588 195,
2278 2542 2299 2575 6

1333 2590 1463 2636 πατέρα
1480 2591 1579 2626 τέκνα
1596 2605 1634 2625 τε
1651 2590 1732 2626 τάδε
1750 2591 1853 2627 σέθεν
1869 2589 1934 2639 ἀφ’
1953 2590 2103 2638 αἵματος·
2187 2605 2260 2642 197,
2278 2597 2300 2628 8

1334 2643 1472 2690 ὀλόμεθ’
1493 2643 1639 2680 ἶσονέκυ’
1657 2644 1820 2690 ὀλόμεθα.
2141 2659 2215 2695 199,
2235 2660 2299 2684 200

1336 2696 1382 2733 σύ
1399 2712 1437 2732 τε
1454 2698 1522 2745 γὰρ
1541 2696 1577 2733 ἐν
1595 2699 1738 2746 νεκροῖς,
1756 2699 1797 2734 τό
1814 2696 1846 2733 τ’
1866 2698 1949 2745 ἐμὸν
1966 2696 2104 2745 οἴχεται

1333 2750 1415 2793 βίου
1450 2754 1491 2786 τὸ
1526 2751 1634 2787 πλέον
1677 2751 1781 2800 μέρος
1823 2751 1861 2788 ἐν
1907 2752 2116 2800 στοναχαῖσί
2157 2767 2196 2788 τε
2240 2751 2297 2788 καὶ

1386 2805 1504 2853 γόοισι
2180 2820 2256 2852 292,
2277 2821 2297 2853 3

1333 2858 1479 2904 δάκρυσί
1495 2853 1527 2893 τ’
1549 2857 1724 2904 ἐννυχίοις·

1333 2912 1474 2960 ἄγαμος,
1494 2911 1593 2954 ἔπιδ’,
1612 2913 1749 2950 ἄτεκνος
1767 2912 1827 2948 ὅτε
1843 2911 1964 2956 βίοτον
2182 2924 2257 2960 205,
2275 2915 2297 2950 6

1333 2969 1355 2999 ἁ
1372 2965 1499 3007 μέλεος
1516 2964 1553 3000 ἐς
1569 2966 1628 3001 τὸν
1645 2965 1716 3002 aliu
1734 2964 1828 3002 ἕλκω
1845 2969 1980 3013 χρόνον.

1228 3023 1299 3054 XO.
1331 3017 1395 3065 ὅρα
1411 3019 1582 3065 παροῦσα,
1602 3017 1743 3066 παρθέν’
1762 3015 1945 3067 Ἠλεκτρα,
1964 3018 2086 3065 πέλας,

1332 3071 1379 3117 μὴ
1397 3071 1570 3107 κατθανών
1588 3087 1632 3108 σε
1651 3072 1822 3120 σύγγονος
1838 3072 1961 3118 λέληθ’
1981 3073 2050 3110 οδε·

1332 3125 1372 3160 οὐ
1390 3126 1457 3172 γὰρ
1474 3122 1508 3171 μ’
1528 3125 1666 3171 ἀρέσκει
1683 3129 1731 3174 τῷ
1749 3125 1829 3162 λίαν
1846 3124 2046 3176 παρειμένῳ.
2232 3138 2295 3166 210

1231 3184 1296 3215 ΟΡ.
1330 3177 1356 3213 ὦ
1375 3178 1484 3224 φίλον
1500 3175 1607 3214 ὕπνου
1625 3178 1827 3226 θέλγητρον,
1845 3178 2026 3227 ἐπίκουρον
2041 3178 2161 3223 νόσου,
2203 3175 2207 3181 “

1333 3232 1379 3267 ὡς
1395 3231 1459 3276 ἡδύ
1475 3245 1535 3278 μοι
1550 3231 1750 3278 προσῆλθες
1767 3232 1804 3268 ἐν
1822 3232 1932 3268 δέοντί
1947 3247 1998 3268 τε.

1336 3284 1362 3319 ὦ
1379 3285 1500 3320 πότνια
1516 3282 1606 3330 λήθη
1624 3289 1692 3321 τῶν
1708 3289 1829 3328 κακῶν,
1848 3286 1894 3322 ὣς
1909 3281 1945 3321 εἶ
1958 3284 2067 3332 σοφὴ,

1334 3339 1389 3373 καὶ
1406 3341 1499 3374 τοῖσι
1517 3340 1752 3385 δυστυχοῦσιν
1769 3337 1904 3374 εὐκταία
1922 3339 2008 3376 θεός.

1332 3391 1437 3427 πόθεν
1453 3390 1530 3428 ποτ’
1548 3390 1656 3436 ἦλθον
1673 3393 1774 3440 δεῦρο
1788 3408 1799 3433 ,·
1824 3395 1896 3429 πῶς
1913 3391 1943 3427 δ’
1962 3390 2158 3438 ἀφικόμην,·
2226 3402 2290 3440 215

1331 3444 1510 3490 ἀμνημονῶ
1526 3447 1606 3493 γὰρ,
1624 3449 1692 3481 τῶν
1707 3446 1789 3491 πρὶν
1806 3443 2031 3492 ἀπολειφθεὶς
2047 3445 2196 3492 φρενῶν.

1332 3497 1359 3533 ὦ
1377 3496 1534 3544 φίλταθ’,
1555 3499 1599 3535 ὣς
1616 3498 1650 3544 μ’
1670 3499 1847 3546 ηὔφρανας
1863 3497 1912 3535 εἷς
1929 3495 2035 3534 ὕπνον
2050 3499 2182 3536 πεσών.

1331 3550 1454 3593 βούλει
1474 3551 1560 3599 θίγω
1580 3566 1646 3588 σου
1665 3550 1906 3599 κάνακουφίσω
1924 3550 2026 3596 δέμας
2036 3565 2048 3592 ,-

1228 3610 1294 3641 ΟΡ.
1328 3605 1443 3648 λαβοῦ
1459 3605 1573 3647 λαβοῦ
1592 3605 1677 3650 δῆτ’,
1697 3604 1735 3641 ἐκ
1753 3604 1783 3641 δ’
1802 3602 1950 3651 ὄμορξον
1967 3602 2091 3640 ἀθλίου

1332 3659 1501 3706 στόματος
1516 3657 1660 3706 ἀφρώδη
1677 3658 1828 3696 πέλανον
1845 3656 2005 3707 ὀμμάτων
2021 3652 2053 3694 τ’
2073 3656 2175 3705 ἐμῶν.
2221 3671 2283 3697 220

1230 3503 1302 3533 HA.
