<?xml version="1.0" encoding="UTF-8"?>
<!DOCTYPE html PUBLIC "-//W3C//DTD XHTML 1.0 Transitional//EN"
    "http://www.w3.org/TR/xhtml1/DTD/xhtml1-transitional.dtd">
<html xmlns="http://www.w3.org/1999/xhtml" xml:lang="en" lang="en">
 <head>
  <title>
</title>
<meta http-equiv="Content-Type" content="text/html;charset=utf-8" />
  <meta name='ocr-system' content='tesseract 3.04.00' />
  <meta name='ocr-capabilities' content='ocr_page ocr_carea ocr_par ocr_line ocrx_word'/>
</head>
<body>
  <div class='ocr_page' id='page_1' title='image "./poetarumscenicor00dinduoft_0694.png"; bbox 0 0 2488 3860; ppageno 0'>
   <div class='ocr_carea' id='block_1_1' title="bbox 226 311 308 368">
    <p class='ocr_par' dir='ltr' id='par_1_1' title="bbox 226 311 308 368">
     <span class='ocr_line' id='line_1_1' title="bbox 226 311 308 368; baseline 0.024 -2"><span class='ocrx_word' id='word_1_1' title='bbox 226 311 308 368; x_wconf 72' lang='lat'>&#39;686</span> 
     </span>
    </p>
   </div>
   <div class='ocr_carea' id='block_1_2' title="bbox 320 437 1124 593">
    <p class='ocr_par' dir='ltr' id='par_1_2' title="bbox 320 437 1124 593">
     <span class='ocr_line' id='line_1_2' title="bbox 320 437 1079 487; baseline 0.003 -14"><span class='ocrx_word' id='word_1_2' title='bbox 320 438 454 479; x_wconf 85' lang='grc' dir='ltr'>Τυδεὺς,</span> <span class='ocrx_word' id='word_1_3' title='bbox 474 439 571 475; x_wconf 87' lang='grc' dir='ltr'>τόκος</span> <span class='ocrx_word' id='word_1_4' title='bbox 589 439 650 485; x_wconf 79' lang='grc' dir='ltr'>μὲν</span> <span class='ocrx_word' id='word_1_5' title='bbox 669 437 803 478; x_wconf 85' lang='grc' dir='ltr'>Οἰνέως,</span> <span class='ocrx_word' id='word_1_6' title='bbox 822 438 932 487; x_wconf 88' lang='grc' dir='ltr'>πατὴρ</span> <span class='ocrx_word' id='word_1_7' title='bbox 951 439 980 475; x_wconf 82' lang='grc' dir='ltr'>δ’</span> <span class='ocrx_word' id='word_1_8' title='bbox 1001 440 1079 486; x_wconf 80' lang='grc' dir='ltr'>ἐμὸς</span> 
     </span>
     <span class='ocr_line' id='line_1_3' title="bbox 321 491 1124 542; baseline 0.004 -15"><span class='ocrx_word' id='word_1_9' title='bbox 321 491 452 542; x_wconf 79' lang='grc' dir='ltr'>ᾤκησεν</span> <span class='ocrx_word' id='word_1_10' title='bbox 462 491 604 540; x_wconf 76' lang='grc' dir='ltr'>”Αργος,</span> <span class='ocrx_word' id='word_1_11' title='bbox 623 493 728 528; x_wconf 85' lang='grc' dir='ltr'>παῖδα</span> <span class='ocrx_word' id='word_1_12' title='bbox 746 491 774 527; x_wconf 79' lang='grc' dir='ltr'>δ’</span> <span class='ocrx_word' id='word_1_13' title='bbox 795 491 988 540; x_wconf 85' lang='grc' dir='ltr'>Ἀδράστου</span> <span class='ocrx_word' id='word_1_14' title='bbox 1006 495 1124 538; x_wconf 81' lang='grc' dir='ltr'>λαβὼν</span> 
     </span>
     <span class='ocr_line' id='line_1_4' title="bbox 322 546 605 593; baseline -0.011 -10"><span class='ocrx_word' id='word_1_15' title='bbox 322 546 458 593; x_wconf 76' lang='grc' dir='ltr'>συνῆψε</span> <span class='ocrx_word' id='word_1_16' title='bbox 475 546 605 593; x_wconf 89' lang='grc' dir='ltr'>γένναν.</span> 
     </span>
    </p>
   </div>
   <div class='ocr_carea' id='block_1_3' title="bbox 270 597 1270 648">
    <p class='ocr_par' dir='ltr' id='par_1_3' title="bbox 270 597 1270 648">
     <span class='ocr_line' id='line_1_5' title="bbox 270 597 1270 648; baseline 0.002 -13"><span class='ocrx_word' id='word_1_17' title='bbox 270 597 398 647; x_wconf 84' lang='grc'>(562.)</span> <span class='ocrx_word' id='word_1_18' title='bbox 425 614 455 635; x_wconf 90' lang='lat'>2.</span> <span class='ocrx_word' id='word_1_19' title='bbox 483 597 647 635; x_wconf 82' lang='lat' dir='ltr'>Erotian.</span> <span class='ocrx_word' id='word_1_20' title='bbox 674 610 710 636; x_wconf 84' lang='lat' dir='ltr'>V.</span> <span class='ocrx_word' id='word_1_21' title='bbox 737 600 962 648; x_wconf 88' lang='grc' dir='ltr'>τιμωρέουσα.</span> <span class='ocrx_word' id='word_1_22' title='bbox 990 612 1028 648; x_wconf 90' lang='lat' dir='ltr'>p.</span> <span class='ocrx_word' id='word_1_23' title='bbox 1052 601 1140 637; x_wconf 79' lang='grc'>362.</span> <span class='ocrx_word' id='word_1_24' title='bbox 1161 607 1270 648; x_wconf 89' lang='grc' dir='ltr'>Τιμω-</span> 
     </span>
    </p>
   </div>
   <div class='ocr_carea' id='block_1_4' title="bbox 1156 313 1489 374">
    <p class='ocr_par' dir='ltr' id='par_1_4' title="bbox 1156 313 1489 374">
     <span class='ocr_line' id='line_1_6' title="bbox 1156 313 1489 374; baseline -0.003 0"><span class='ocrx_word' id='word_1_25' title='bbox 1156 313 1489 374; x_wconf 63' lang='grc' dir='ltr'>ΕΥΡΙΠΙΔΟΥ</span> 
     </span>
    </p>
   </div>
   <div class='ocr_carea' id='block_1_5' title="bbox 1304 434 2366 596">
    <p class='ocr_par' dir='ltr' id='par_1_5' title="bbox 1304 434 2366 596">
     <span class='ocr_line' id='line_1_7' title="bbox 1304 434 2366 490; baseline 0.003 -13"><span class='ocrx_word' id='word_1_26' title='bbox 1304 442 1410 483; x_wconf 86' lang='grc' dir='ltr'>λίους,</span> <span class='ocrx_word' id='word_1_27' title='bbox 1441 439 1521 476; x_wconf 86' lang='grc' dir='ltr'>ὥστ’</span> <span class='ocrx_word' id='word_1_28' title='bbox 1551 440 1655 476; x_wconf 84' lang='grc' dir='ltr'>ἐνίοτε</span> <span class='ocrx_word' id='word_1_29' title='bbox 1683 437 1831 488; x_wconf 86' lang='grc' dir='ltr'>ὁρμαθὸς</span> <span class='ocrx_word' id='word_1_30' title='bbox 1857 439 1983 488; x_wconf 83' lang='grc' dir='ltr'>μακρὸς</span> <span class='ocrx_word' id='word_1_31' title='bbox 2009 438 2095 478; x_wconf 84' lang='grc' dir='ltr'>πάνυ</span> <span class='ocrx_word' id='word_1_32' title='bbox 2123 436 2287 490; x_wconf 74' lang='grc' dir='ltr'>σιδηρίων</span> <span class='ocrx_word' id='word_1_33' title='bbox 2311 434 2366 489; x_wconf 61' lang='grc' dir='ltr'>καὶ</span> 
     </span>
     <span class='ocr_line' id='line_1_8' title="bbox 1305 493 2366 541; baseline 0 -10"><span class='ocrx_word' id='word_1_34' title='bbox 1305 496 1490 531; x_wconf 85' lang='grc' dir='ltr'>δακτυλίων</span> <span class='ocrx_word' id='word_1_35' title='bbox 1518 493 1556 540; x_wconf 78' lang='grc' dir='ltr'>ἐξ</span> <span class='ocrx_word' id='word_1_36' title='bbox 1583 493 1744 539; x_wconf 60' lang='grc' dir='ltr'>ἇὶΐλὴλων</span> <span class='ocrx_word' id='word_1_37' title='bbox 1770 496 1921 541; x_wconf 80' lang='grc' dir='ltr'>ἤρτηται,</span> <span class='ocrx_word' id='word_1_38' title='bbox 1942 496 2043 532; x_wconf 82' lang='grc' dir='ltr'>κ.τ.λ.</span> <span class='ocrx_word' id='word_1_39' title='bbox 2070 493 2118 531; x_wconf 84' lang='lat' dir='ltr'>cf.</span> <span class='ocrx_word' id='word_1_40' title='bbox 2145 494 2244 533; x_wconf 77' lang='lat' dir='ltr'><strong>Plat.</strong></span> <span class='ocrx_word' id='word_1_41' title='bbox 2267 493 2366 533; x_wconf 66' lang='lat' dir='ltr'>&#39;fim-</span> 
     </span>
     <span class='ocr_line' id='line_1_9' title="bbox 1306 545 1972 596; baseline -0.002 -11"><span class='ocrx_word' id='word_1_42' title='bbox 1306 560 1341 596; x_wconf 87' lang='lat' dir='ltr'>p.</span> <span class='ocrx_word' id='word_1_43' title='bbox 1363 549 1413 584; x_wconf 90' lang='grc'>80</span> <span class='ocrx_word' id='word_1_44' title='bbox 1434 546 1479 583; x_wconf 82' lang='grc' dir='ltr'>Ο.</span> <span class='ocrx_word' id='word_1_45' title='bbox 1499 545 1649 583; x_wconf 88' lang='lat' dir='ltr'>Lucret.</span> <span class='ocrx_word' id='word_1_46' title='bbox 1671 545 1741 588; x_wconf 89' lang='lat' dir='ltr'>VI,</span> <span class='ocrx_word' id='word_1_47' title='bbox 1762 558 1799 582; x_wconf 91' lang='lat' dir='ltr'>v.</span> <span class='ocrx_word' id='word_1_48' title='bbox 1820 547 1897 583; x_wconf 91' lang='lat'>906</span> <span class='ocrx_word' id='word_1_49' title='bbox 1917 558 1972 596; x_wconf 86' lang='lat' dir='ltr'>sq.</span> 
     </span>
    </p>
   </div>
   <div class='ocr_carea' id='block_1_6' title="bbox 1359 598 2365 654">
    <p class='ocr_par' dir='ltr' id='par_1_6' title="bbox 1359 598 2365 654">
     <span class='ocr_line' id='line_1_10' title="bbox 1359 598 2365 654; baseline 0.004 -17"><span class='ocrx_word' id='word_1_50' title='bbox 1359 598 1491 651; x_wconf 85' lang='lat'>(571.)</span> <span class='ocrx_word' id='word_1_51' title='bbox 1527 616 1577 637; x_wconf 91' lang='lat'>11.</span> <span class='ocrx_word' id='word_1_52' title='bbox 1622 598 1790 649; x_wconf 82' lang='lat' dir='ltr'>Hesych.</span> <span class='ocrx_word' id='word_1_53' title='bbox 1816 611 1852 637; x_wconf 84' lang='lat' dir='ltr'>V.</span> <span class='ocrx_word' id='word_1_54' title='bbox 1880 600 2079 651; x_wconf 75' lang='grc' dir='ltr'>Ἀκρίζων“</span> <span class='ocrx_word' id='word_1_55' title='bbox 2121 603 2236 654; x_wconf 78' lang='grc' dir='ltr'>ἄκροις</span> <span class='ocrx_word' id='word_1_56' title='bbox 2261 603 2365 641; x_wconf 77' lang='grc' dir='ltr'>ποσὶν</span> 
     </span>
    </p>
   </div>
   <div class='ocr_carea' id='block_1_7' title="bbox 217 651 1937 707">
    <p class='ocr_par' dir='ltr' id='par_1_7' title="bbox 217 651 1937 707">
     <span class='ocr_line' id='line_1_11' title="bbox 217 651 1937 707; baseline 0.001 -16"><span class='ocrx_word' id='word_1_57' title='bbox 217 657 354 707; x_wconf 87' lang='grc' dir='ltr'>ρέουσα,</span> <span class='ocrx_word' id='word_1_58' title='bbox 373 653 563 699; x_wconf 85' lang='grc' dir='ltr'>βοηθοῦσα,</span> <span class='ocrx_word' id='word_1_59' title='bbox 584 655 628 691; x_wconf 85' lang='grc' dir='ltr'>ὡς</span> <span class='ocrx_word' id='word_1_60' title='bbox 642 654 695 688; x_wconf 79' lang='grc' dir='ltr'>καὶ</span> <span class='ocrx_word' id='word_1_61' title='bbox 710 654 893 702; x_wconf 85' lang='grc' dir='ltr'>Εὐριπίδης</span> <span class='ocrx_word' id='word_1_62' title='bbox 905 654 941 691; x_wconf 90' lang='grc' dir='ltr'>ε’ν</span> <span class='ocrx_word' id='word_1_63' title='bbox 956 654 1036 700; x_wconf 82' lang='grc' dir='ltr'>Οῖνῃ</span> <span class='ocrx_word' id='word_1_64' title='bbox 1050 651 1135 703; x_wconf 80' lang='lat' dir='ltr'>(Sic)</span> <span class='ocrx_word' id='word_1_65' title='bbox 1151 656 1270 702; x_wconf 87' lang='grc' dir='ltr'>φησίν·</span> <span class='ocrx_word' id='word_1_66' title='bbox 1306 656 1599 702; x_wconf 84' lang='grc' dir='ltr'>ἐπιπορευόμενος.</span> <span class='ocrx_word' id='word_1_67' title='bbox 1630 655 1814 702; x_wconf 88' lang='grc' dir='ltr'>Εὐριπίδης</span> <span class='ocrx_word' id='word_1_68' title='bbox 1834 655 1937 692; x_wconf 90' lang='grc' dir='ltr'>Οἰνεῖ.</span> 
     </span>
    </p>
   </div>
   <div class='ocr_carea' id='block_1_8' title="bbox 320 705 992 808">
    <p class='ocr_par' dir='ltr' id='par_1_8' title="bbox 320 705 992 808">
     <span class='ocr_line' id='line_1_12' title="bbox 320 705 978 756; baseline 0 -12"><span class='ocrx_word' id='word_1_69' title='bbox 320 708 410 756; x_wconf 88' lang='grc' dir='ltr'>Ἐγὼ</span> <span class='ocrx_word' id='word_1_70' title='bbox 429 707 466 742; x_wconf 80' lang='grc' dir='ltr'>δὲ</span> <span class='ocrx_word' id='word_1_71' title='bbox 484 707 612 755; x_wconf 84' lang='grc' dir='ltr'>πατρὸς</span> <span class='ocrx_word' id='word_1_72' title='bbox 630 705 698 754; x_wconf 77' lang='grc' dir='ltr'>αἷμ’</span> <span class='ocrx_word' id='word_1_73' title='bbox 720 707 978 755; x_wconf 78' lang='grc' dir='ltr'>ἐτιμωρησάμην</span> 
     </span>
     <span class='ocr_line' id='line_1_13' title="bbox 326 761 992 808; baseline -0.003 -10"><span class='ocrx_word' id='word_1_74' title='bbox 326 763 390 798; x_wconf 88' lang='grc' dir='ltr'>σὺν</span> <span class='ocrx_word' id='word_1_75' title='bbox 407 763 477 798; x_wconf 90' lang='grc' dir='ltr'>τοῖς</span> <span class='ocrx_word' id='word_1_76' title='bbox 495 761 696 808; x_wconf 81' lang='grc' dir='ltr'>ἐφηβήσασι</span> <span class='ocrx_word' id='word_1_77' title='bbox 714 765 780 798; x_wconf 87' lang='grc' dir='ltr'>τῶν</span> <span class='ocrx_word' id='word_1_78' title='bbox 798 762 992 798; x_wconf 86' lang='grc' dir='ltr'>ὀλωλότων.</span> 
     </span>
    </p>
   </div>
   <div class='ocr_carea' id='block_1_9' title="bbox 273 812 1272 862">
    <p class='ocr_par' dir='ltr' id='par_1_9' title="bbox 273 812 1272 862">
     <span class='ocr_line' id='line_1_14' title="bbox 273 812 1272 862; baseline 0 -10"><span class='ocrx_word' id='word_1_79' title='bbox 273 815 396 862; x_wconf 89' lang='grc'>(563.)</span> <span class='ocrx_word' id='word_1_80' title='bbox 417 829 449 859; x_wconf 85' lang='lat'>3.</span> <span class='ocrx_word' id='word_1_81' title='bbox 470 812 608 850; x_wconf 84' lang='lat' dir='ltr'><strong>Athen.</strong></span> <span class='ocrx_word' id='word_1_82' title='bbox 630 813 719 855; x_wconf 86' lang='lat' dir='ltr'>XV,</span> <span class='ocrx_word' id='word_1_83' title='bbox 741 815 776 856; x_wconf 83' lang='lat'>3,</span> <span class='ocrx_word' id='word_1_84' title='bbox 796 827 832 862; x_wconf 91' lang='lat' dir='ltr'>p.</span> <span class='ocrx_word' id='word_1_85' title='bbox 851 815 928 852; x_wconf 89' lang='grc'>666</span> <span class='ocrx_word' id='word_1_86' title='bbox 949 814 992 851; x_wconf 85' lang='lat' dir='ltr'>C.</span> <span class='ocrx_word' id='word_1_87' title='bbox 1049 818 1225 859; x_wconf 80' lang='grc' dir='ltr'>Κότταβος</span> <span class='ocrx_word' id='word_1_88' title='bbox 1244 817 1272 852; x_wconf 83' lang='grc' dir='ltr'>δ’</span> 
     </span>
    </p>
   </div>
   <div class='ocr_carea' id='block_1_10' title="bbox 1360 705 2182 869">
    <p class='ocr_par' dir='ltr' id='par_1_10' title="bbox 1360 705 2182 869">
     <span class='ocr_line' id='line_1_15' title="bbox 1360 705 2077 757; baseline 0.006 -13"><span class='ocrx_word' id='word_1_89' title='bbox 1360 705 1486 757; x_wconf 83' lang='grc'>(572.)</span> <span class='ocrx_word' id='word_1_90' title='bbox 1511 723 1559 745; x_wconf 84' lang='lat'>12.</span> <span class='ocrx_word' id='word_1_91' title='bbox 1588 706 1781 756; x_wconf 86' lang='lat' dir='ltr'>Aristoph.</span> <span class='ocrx_word' id='word_1_92' title='bbox 1802 706 1965 746; x_wconf 82' lang='lat' dir='ltr'><strong>Acharn.</strong></span> <span class='ocrx_word' id='word_1_93' title='bbox 1987 709 2077 750; x_wconf 91' lang='lat'>471.</span> 
     </span>
     <span class='ocr_line' id='line_1_16' title="bbox 1733 762 2059 813; baseline 0.012 -16"><span class='ocrx_word' id='word_1_94' title='bbox 1733 762 1787 797; x_wconf 81' lang='grc' dir='ltr'>καὶ</span> <span class='ocrx_word' id='word_1_95' title='bbox 1805 763 1871 811; x_wconf 91' lang='grc' dir='ltr'>γάρ</span> <span class='ocrx_word' id='word_1_96' title='bbox 1890 762 1952 810; x_wconf 74' lang='grc' dir='ltr'>εἰμ’</span> <span class='ocrx_word' id='word_1_97' title='bbox 1972 765 2059 813; x_wconf 82' lang='grc' dir='ltr'>ἇγαν</span> 
     </span>
     <span class='ocr_line' id='line_1_17' title="bbox 1414 815 2182 869; baseline 0.008 -18"><span class='ocrx_word' id='word_1_98' title='bbox 1414 816 1562 863; x_wconf 84' lang='grc' dir='ltr'>ὅχληρος</span> <span class='ocrx_word' id='word_1_99' title='bbox 1580 815 1640 852; x_wconf 77' lang='grc' dir='ltr'>οὖν</span> <span class='ocrx_word' id='word_1_100' title='bbox 1658 817 1766 852; x_wconf 84' lang='grc' dir='ltr'>δοκῶν</span> <span class='ocrx_word' id='word_1_101' title='bbox 1783 832 1824 864; x_wconf 86' lang='grc' dir='ltr'>γε</span> <span class='ocrx_word' id='word_1_102' title='bbox 1842 819 2015 866; x_wconf 85' lang='grc' dir='ltr'>κοιράνους</span> <span class='ocrx_word' id='word_1_103' title='bbox 2033 822 2182 869; x_wconf 80' lang='grc' dir='ltr'>στυγεῖν,</span> 
     </span>
    </p>
   </div>
   <div class='ocr_carea' id='block_1_11' title="bbox 218 867 2367 925">
    <p class='ocr_par' dir='ltr' id='par_1_11' title="bbox 218 867 2367 925">
     <span class='ocr_line' id='line_1_18' title="bbox 218 867 2367 925; baseline 0.002 -19"><span class='ocrx_word' id='word_1_104' title='bbox 218 871 369 907; x_wconf 76' lang='grc' dir='ltr'>ἐκαλεῖτο</span> <span class='ocrx_word' id='word_1_105' title='bbox 388 870 441 905; x_wconf 84' lang='grc' dir='ltr'>καὶ</span> <span class='ocrx_word' id='word_1_106' title='bbox 459 869 498 904; x_wconf 87' lang='grc' dir='ltr'>τὸ</span> <span class='ocrx_word' id='word_1_107' title='bbox 516 868 688 916; x_wconf 84' lang='grc' dir='ltr'>τιθέμενον</span> <span class='ocrx_word' id='word_1_108' title='bbox 706 868 812 905; x_wconf 79' lang='grc' dir='ltr'>ἆθλον</span> <span class='ocrx_word' id='word_1_109' title='bbox 828 870 915 918; x_wconf 85' lang='grc' dir='ltr'>πρὸς</span> <span class='ocrx_word' id='word_1_110' title='bbox 931 872 1002 906; x_wconf 84' lang='grc' dir='ltr'>τοῖς</span> <span class='ocrx_word' id='word_1_111' title='bbox 1020 875 1156 906; x_wconf 86' lang='grc' dir='ltr'>νικῶσιν</span> <span class='ocrx_word' id='word_1_112' title='bbox 1175 871 1210 906; x_wconf 88' lang='grc' dir='ltr'>ἐν</span> <span class='ocrx_word' id='word_1_113' title='bbox 1228 874 1274 920; x_wconf 78' lang='grc' dir='ltr'>τῷ</span> <span class='ocrx_word' id='word_1_114' title='bbox 1307 868 1355 905; x_wconf 88' lang='lat' dir='ltr'>ad</span> <span class='ocrx_word' id='word_1_115' title='bbox 1374 881 1481 917; x_wconf 91' lang='lat' dir='ltr'>quem</span> <span class='ocrx_word' id='word_1_116' title='bbox 1501 868 1625 905; x_wconf 91' lang='lat' dir='ltr'><strong>locum</strong></span> <span class='ocrx_word' id='word_1_117' title='bbox 1646 867 1773 906; x_wconf 83' lang='lat' dir='ltr'>Schol.</span> <span class='ocrx_word' id='word_1_118' title='bbox 1795 868 1948 907; x_wconf 85' lang='lat' dir='ltr'><strong>adnotat</strong></span> <span class='ocrx_word' id='word_1_119' title='bbox 1963 886 1971 908; x_wconf 89' lang='lat'>:</span> <span class='ocrx_word' id='word_1_120' title='bbox 2005 876 2106 911; x_wconf 83' lang='grc' dir='ltr'>τοῦτο</span> <span class='ocrx_word' id='word_1_121' title='bbox 2128 873 2367 925; x_wconf 70' lang='grc' dir='ltr'>πεπαρῴδηται</span> 
     </span>
    </p>
   </div>
   <div class='ocr_carea' id='block_1_12' title="bbox 217 923 1290 3599">
    <p class='ocr_par' dir='ltr' id='par_1_12' title="bbox 218 923 1240 1135">
     <span class='ocr_line' id='line_1_19' title="bbox 218 923 1240 974; baseline 0 -13"><span class='ocrx_word' id='word_1_122' title='bbox 218 927 322 974; x_wconf 81' lang='grc' dir='ltr'>πότῳ,</span> <span class='ocrx_word' id='word_1_123' title='bbox 344 925 388 960; x_wconf 86' lang='grc' dir='ltr'>ὡς</span> <span class='ocrx_word' id='word_1_124' title='bbox 405 923 589 971; x_wconf 88' lang='grc' dir='ltr'>Εὐριπίδης</span> <span class='ocrx_word' id='word_1_125' title='bbox 605 923 814 971; x_wconf 81' lang='grc' dir='ltr'>παρίστησιν</span> <span class='ocrx_word' id='word_1_126' title='bbox 833 923 867 959; x_wconf 84' lang='grc' dir='ltr'>ἐν</span> <span class='ocrx_word' id='word_1_127' title='bbox 887 924 978 959; x_wconf 82' lang='grc' dir='ltr'>Οἰνεῖ</span> <span class='ocrx_word' id='word_1_128' title='bbox 995 923 1106 972; x_wconf 90' lang='grc' dir='ltr'>λέγων</span> <span class='ocrx_word' id='word_1_129' title='bbox 1124 923 1240 961; x_wconf 75' lang='grc' dir='ltr'>οὕτως·</span> 
     </span>
     <span class='ocr_line' id='line_1_20' title="bbox 324 976 1055 1024; baseline -0.001 -10"><span class='ocrx_word' id='word_1_130' title='bbox 324 979 469 1015; x_wconf 84' lang='grc' dir='ltr'>Πυκνοῖς</span> <span class='ocrx_word' id='word_1_131' title='bbox 487 976 515 1012; x_wconf 82' lang='grc' dir='ltr'>δ’</span> <span class='ocrx_word' id='word_1_132' title='bbox 536 977 686 1016; x_wconf 78' lang='grc' dir='ltr'>ἔβαλλον</span> <span class='ocrx_word' id='word_1_133' title='bbox 704 978 851 1024; x_wconf 77' lang='grc' dir='ltr'>Βακχίου</span> <span class='ocrx_word' id='word_1_134' title='bbox 869 977 1055 1023; x_wconf 79' lang='grc' dir='ltr'>τοξεύμασι</span> 
     </span>
     <span class='ocr_line' id='line_1_21' title="bbox 322 1030 1070 1080; baseline -0.004 -11"><span class='ocrx_word' id='word_1_135' title='bbox 322 1034 406 1080; x_wconf 88' lang='grc' dir='ltr'>κάρα</span> <span class='ocrx_word' id='word_1_136' title='bbox 423 1031 593 1079; x_wconf 85' lang='grc' dir='ltr'>γέροντος·</span> <span class='ocrx_word' id='word_1_137' title='bbox 623 1031 683 1068; x_wconf 80' lang='grc' dir='ltr'>τὸν</span> <span class='ocrx_word' id='word_1_138' title='bbox 698 1033 852 1075; x_wconf 86' lang='grc' dir='ltr'>βαλόντα</span> <span class='ocrx_word' id='word_1_139' title='bbox 871 1031 908 1066; x_wconf 82' lang='grc' dir='ltr'>δὲ</span> <span class='ocrx_word' id='word_1_140' title='bbox 927 1030 1070 1077; x_wconf 84' lang='grc' dir='ltr'>στέφειν</span> 
     </span>
     <span class='ocr_line' id='line_1_22' title="bbox 324 1084 1033 1135; baseline -0.004 -13"><span class='ocrx_word' id='word_1_141' title='bbox 324 1088 390 1135; x_wconf 83' lang='grc' dir='ltr'>ἐγὼ</span> <span class='ocrx_word' id='word_1_142' title='bbox 407 1085 598 1133; x_wconf 81' lang='grc' dir='ltr'>’τετάγμην,</span> <span class='ocrx_word' id='word_1_143' title='bbox 618 1084 707 1122; x_wconf 79' lang='grc' dir='ltr'>ἆθλα</span> <span class='ocrx_word' id='word_1_144' title='bbox 726 1087 890 1128; x_wconf 85' lang='grc' dir='ltr'>κότταβον</span> <span class='ocrx_word' id='word_1_145' title='bbox 908 1085 1033 1121; x_wconf 78' lang='grc' dir='ltr'>διδούς.</span> 
     </span>
    </p>

    <p class='ocr_par' dir='ltr' id='par_1_13' title="bbox 217 1135 1277 1445">
     <span class='ocr_line' id='line_1_23' title="bbox 274 1135 1270 1187; baseline -0.002 -11"><span class='ocrx_word' id='word_1_146' title='bbox 274 1137 399 1187; x_wconf 90' lang='grc'>(564.)</span> <span class='ocrx_word' id='word_1_147' title='bbox 427 1154 460 1184; x_wconf 83' lang='lat'>4.</span> <span class='ocrx_word' id='word_1_148' title='bbox 489 1137 705 1175; x_wconf 83' lang='lat' dir='ltr'>Philostrat.</span> <span class='ocrx_word' id='word_1_149' title='bbox 734 1135 884 1174; x_wconf 82' lang='lat' dir='ltr'>Heroic.</span> <span class='ocrx_word' id='word_1_150' title='bbox 905 1149 942 1185; x_wconf 86' lang='lat' dir='ltr'>p.</span> <span class='ocrx_word' id='word_1_151' title='bbox 966 1138 1040 1174; x_wconf 84' lang='lat'>663</span> <span class='ocrx_word' id='word_1_152' title='bbox 1069 1135 1194 1174; x_wconf 85' lang='lat' dir='ltr'><strong>Olear.</strong></span> <span class='ocrx_word' id='word_1_153' title='bbox 1215 1135 1270 1185; x_wconf 90' lang='lat' dir='ltr'>(p.</span> 
     </span>
     <span class='ocr_line' id='line_1_24' title="bbox 221 1188 1275 1240; baseline -0.003 -11"><span class='ocrx_word' id='word_1_154' title='bbox 221 1194 269 1229; x_wconf 85' lang='lat'>12</span> <span class='ocrx_word' id='word_1_155' title='bbox 297 1189 435 1240; x_wconf 83' lang='lat' dir='ltr'>Boiss.)</span> <span class='ocrx_word' id='word_1_156' title='bbox 474 1193 558 1228; x_wconf 84' lang='grc' dir='ltr'>Νυνὶ</span> <span class='ocrx_word' id='word_1_157' title='bbox 586 1192 623 1228; x_wconf 88' lang='grc' dir='ltr'>δέ</span> <span class='ocrx_word' id='word_1_158' title='bbox 651 1208 708 1240; x_wconf 90' lang='grc' dir='ltr'>μοι</span> <span class='ocrx_word' id='word_1_159' title='bbox 736 1188 839 1227; x_wconf 84' lang='grc' dir='ltr'>ἐκεῖνο</span> <span class='ocrx_word' id='word_1_160' title='bbox 868 1191 953 1228; x_wconf 86' lang='grc' dir='ltr'>εἰπέ·</span> <span class='ocrx_word' id='word_1_161' title='bbox 985 1192 1087 1227; x_wconf 78' lang='grc' dir='ltr'>οἰκεῖα</span> <span class='ocrx_word' id='word_1_162' title='bbox 1113 1194 1275 1240; x_wconf 83' lang='grc' dir='ltr'>γεωργεῖς</span> 
     </span>
     <span class='ocr_line' id='line_1_25' title="bbox 218 1245 1276 1293; baseline -0.001 -10"><span class='ocrx_word' id='word_1_163' title='bbox 218 1250 332 1290; x_wconf 84' lang='grc' dir='ltr'>ταῦτα,</span> <span class='ocrx_word' id='word_1_164' title='bbox 351 1247 370 1293; x_wconf 88' lang='grc' dir='ltr'>ἢ</span> <span class='ocrx_word' id='word_1_165' title='bbox 390 1248 558 1292; x_wconf 87' lang='grc' dir='ltr'>δεσπότης</span> <span class='ocrx_word' id='word_1_166' title='bbox 575 1248 637 1293; x_wconf 84' lang='grc' dir='ltr'>μὲν</span> <span class='ocrx_word' id='word_1_167' title='bbox 654 1248 763 1283; x_wconf 86' lang='grc' dir='ltr'>αὐτῶν</span> <span class='ocrx_word' id='word_1_168' title='bbox 781 1246 905 1293; x_wconf 84' lang='grc' dir='ltr'>ἕτερος,</span> <span class='ocrx_word' id='word_1_169' title='bbox 926 1245 976 1281; x_wconf 88' lang='grc' dir='ltr'>σὺ</span> <span class='ocrx_word' id='word_1_170' title='bbox 1004 1246 1045 1281; x_wconf 81' lang='grc' dir='ltr'>δὲ</span> <span class='ocrx_word' id='word_1_171' title='bbox 1070 1246 1276 1293; x_wconf 86' lang='grc' dir='ltr'>τρέφοντα</span> 
     </span>
     <span class='ocr_line' id='line_1_26' title="bbox 217 1299 1273 1350; baseline -0.002 -13"><span class='ocrx_word' id='word_1_172' title='bbox 217 1304 360 1337; x_wconf 88' lang='grc' dir='ltr'>τοῦτον</span> <span class='ocrx_word' id='word_1_173' title='bbox 394 1300 571 1350; x_wconf 82' lang='grc' dir='ltr'>τρέφεις,</span> <span class='ocrx_word' id='word_1_174' title='bbox 600 1302 717 1350; x_wconf 79' lang='grc' dir='ltr'>ὥσπερ</span> <span class='ocrx_word' id='word_1_175' title='bbox 752 1301 810 1336; x_wconf 91' lang='grc' dir='ltr'>τὸν</span> <span class='ocrx_word' id='word_1_176' title='bbox 845 1302 905 1335; x_wconf 88' lang='grc' dir='ltr'>τοῦ</span> <span class='ocrx_word' id='word_1_177' title='bbox 931 1299 1117 1347; x_wconf 84' lang='grc' dir='ltr'>Εὐριπίδου</span> <span class='ocrx_word' id='word_1_178' title='bbox 1151 1300 1273 1342; x_wconf 87' lang='grc' dir='ltr'>Οἶνέα;</span> 
     </span>
     <span class='ocr_line' id='line_1_27' title="bbox 217 1351 1277 1402; baseline 0 -12"><span class='ocrx_word' id='word_1_179' title='bbox 217 1353 281 1390; x_wconf 86' lang='lat' dir='ltr'>ubi</span> <span class='ocrx_word' id='word_1_180' title='bbox 299 1353 414 1390; x_wconf 85' lang='lat' dir='ltr'>schol.</span> <span class='ocrx_word' id='word_1_181' title='bbox 436 1366 494 1402; x_wconf 84' lang='lat' dir='ltr'>ap.</span> <span class='ocrx_word' id='word_1_182' title='bbox 510 1351 681 1391; x_wconf 80' lang='lat' dir='ltr'>Boisson.</span> <span class='ocrx_word' id='word_1_183' title='bbox 701 1355 752 1391; x_wconf 84' lang='grc' dir='ltr'>τὶς</span> <span class='ocrx_word' id='word_1_184' title='bbox 769 1353 891 1401; x_wconf 79' lang='grc' dir='ltr'>τρέφει</span> <span class='ocrx_word' id='word_1_185' title='bbox 908 1354 967 1389; x_wconf 88' lang='grc' dir='ltr'>τὸν</span> <span class='ocrx_word' id='word_1_186' title='bbox 987 1352 1087 1390; x_wconf 90' lang='grc' dir='ltr'>Οἰνέα</span> <span class='ocrx_word' id='word_1_187' title='bbox 1104 1353 1277 1401; x_wconf 80' lang='grc' dir='ltr'>τρέφοντα</span> 
     </span>
     <span class='ocr_line' id='line_1_28' title="bbox 218 1405 966 1445; baseline -0.003 -1"><span class='ocrx_word' id='word_1_188' title='bbox 218 1409 330 1445; x_wconf 81' lang='grc' dir='ltr'>αὐτόν.</span> <span class='ocrx_word' id='word_1_189' title='bbox 361 1405 472 1443; x_wconf 80' lang='lat' dir='ltr'>Hinc.</span> <span class='ocrx_word' id='word_1_190' title='bbox 494 1405 633 1444; x_wconf 83' lang='lat' dir='ltr'>Matth.</span> <span class='ocrx_word' id='word_1_191' title='bbox 655 1419 803 1444; x_wconf 83' lang='lat' dir='ltr'>versum</span> <span class='ocrx_word' id='word_1_192' title='bbox 822 1405 966 1442; x_wconf 74' lang='lat' dir='ltr'>eIicuit:</span> 
     </span>
    </p>

    <p class='ocr_par' dir='ltr' id='par_1_14' title="bbox 218 1460 1274 1994">
     <span class='ocr_line' id='line_1_29' title="bbox 323 1460 998 1510; baseline 0 -13"><span class='ocrx_word' id='word_1_193' title='bbox 323 1461 368 1497; x_wconf 83' lang='grc' dir='ltr'>σὺ</span> <span class='ocrx_word' id='word_1_194' title='bbox 387 1461 427 1508; x_wconf 89' lang='grc' dir='ltr'>δὴ</span> <span class='ocrx_word' id='word_1_195' title='bbox 445 1461 616 1509; x_wconf 88' lang='grc' dir='ltr'>τρέφοντά</span> <span class='ocrx_word' id='word_1_196' title='bbox 634 1477 684 1498; x_wconf 92' lang='grc' dir='ltr'>νιν</span> <span class='ocrx_word' id='word_1_197' title='bbox 701 1460 839 1510; x_wconf 87' lang='grc' dir='ltr'>τρέφεις</span> <span class='ocrx_word' id='word_1_198' title='bbox 857 1480 909 1486; x_wconf 87' lang='lat'><em>-</em></span> <span class='ocrx_word' id='word_1_199' title='bbox 926 1474 998 1500; x_wconf 79' lang='grc' dir='ltr'>-ς</span> 
     </span>
     <span class='ocr_line' id='line_1_30' title="bbox 218 1513 462 1552; baseline -0.008 0"><span class='ocrx_word' id='word_1_200' title='bbox 218 1513 462 1552; x_wconf 83' lang='lat' dir='ltr'>Welckerus:</span> 
     </span>
     <span class='ocr_line' id='line_1_31' title="bbox 324 1565 1106 1617; baseline 0 -13"><span class='ocrx_word' id='word_1_201' title='bbox 324 1569 369 1605; x_wconf 83' lang='grc' dir='ltr'>σὺ</span> <span class='ocrx_word' id='word_1_202' title='bbox 388 1569 424 1604; x_wconf 83' lang='grc' dir='ltr'>δὲ</span> <span class='ocrx_word' id='word_1_203' title='bbox 442 1568 613 1617; x_wconf 88' lang='grc' dir='ltr'>τρέφοντα</span> <span class='ocrx_word' id='word_1_204' title='bbox 630 1571 750 1605; x_wconf 83' lang='grc' dir='ltr'>τοῦτον</span> <span class='ocrx_word' id='word_1_205' title='bbox 771 1565 863 1616; x_wconf 83' lang='grc' dir='ltr'>(νῦν)</span> <span class='ocrx_word' id='word_1_206' title='bbox 882 1567 1020 1616; x_wconf 81' lang='grc' dir='ltr'>τρέφεις</span> <span class='ocrx_word' id='word_1_207' title='bbox 1037 1582 1106 1610; x_wconf 88' lang='lat'>·—-;</span> 
     </span>
     <span class='ocr_line' id='line_1_32' title="bbox 218 1620 1274 1660; baseline -0.002 0"><span class='ocrx_word' id='word_1_208' title='bbox 218 1621 315 1660; x_wconf 88' lang='lat' dir='ltr'>Mihi</span> <span class='ocrx_word' id='word_1_209' title='bbox 350 1626 473 1658; x_wconf 84' lang='lat' dir='ltr'><strong>autem</strong></span> <span class='ocrx_word' id='word_1_210' title='bbox 501 1621 748 1658; x_wconf 81' lang='lat' dir='ltr'>Philostratus</span> <span class='ocrx_word' id='word_1_211' title='bbox 777 1621 902 1657; x_wconf 87' lang='lat' dir='ltr'><strong>locum</strong></span> <span class='ocrx_word' id='word_1_212' title='bbox 930 1620 977 1656; x_wconf 83' lang='lat' dir='ltr'>ad</span> <span class='ocrx_word' id='word_1_213' title='bbox 1012 1620 1126 1657; x_wconf 88' lang='lat' dir='ltr'>finem</span> <span class='ocrx_word' id='word_1_214' title='bbox 1164 1633 1274 1658; x_wconf 89' lang='lat' dir='ltr'>suum</span> 
     </span>
     <span class='ocr_line' id='line_1_33' title="bbox 218 1672 1245 1723; baseline -0.002 -9"><span class='ocrx_word' id='word_1_215' title='bbox 218 1674 529 1717; x_wconf 79' lang='lat' dir='ltr'>accommodasse,</span> <span class='ocrx_word' id='word_1_216' title='bbox 550 1674 744 1723; x_wconf 87' lang='lat' dir='ltr'>Euripides</span> <span class='ocrx_word' id='word_1_217' title='bbox 761 1686 849 1711; x_wconf 85' lang='lat' dir='ltr'>vero</span> <span class='ocrx_word' id='word_1_218' title='bbox 869 1672 1059 1721; x_wconf 80' lang='lat' dir='ltr'>scripsisse</span> <span class='ocrx_word' id='word_1_219' title='bbox 1078 1672 1245 1712; x_wconf 82' lang='lat' dir='ltr'><strong>videtur:</strong></span> 
     </span>
     <span class='ocr_line' id='line_1_34' title="bbox 321 1725 1191 1779; baseline 0.001 -14"><span class='ocrx_word' id='word_1_220' title='bbox 321 1749 375 1755; x_wconf 89' lang='lat'>—-</span> <span class='ocrx_word' id='word_1_221' title='bbox 391 1749 445 1754; x_wconf 92' lang='lat'><strong>—</strong></span> <span class='ocrx_word' id='word_1_222' title='bbox 463 1730 509 1765; x_wconf 84' lang='grc' dir='ltr'>σὺ</span> <span class='ocrx_word' id='word_1_223' title='bbox 527 1731 565 1766; x_wconf 80' lang='grc' dir='ltr'>δὲ</span> <span class='ocrx_word' id='word_1_224' title='bbox 584 1729 760 1779; x_wconf 73' lang='grc' dir='ltr'>θρέψαντα</span> <span class='ocrx_word' id='word_1_225' title='bbox 777 1732 898 1766; x_wconf 83' lang='grc' dir='ltr'>τοῦτον</span> <span class='ocrx_word' id='word_1_226' title='bbox 917 1725 1009 1776; x_wconf 83' lang='grc' dir='ltr'>(νῦν)</span> <span class='ocrx_word' id='word_1_227' title='bbox 1030 1728 1191 1776; x_wconf 86' lang='grc' dir='ltr'>τρέφεις;</span> 
     </span>
     <span class='ocr_line' id='line_1_35' title="bbox 272 1780 830 1832; baseline -0.004 -12"><span class='ocrx_word' id='word_1_228' title='bbox 272 1781 396 1832; x_wconf 88' lang='lat'>(565.)</span> <span class='ocrx_word' id='word_1_229' title='bbox 420 1798 452 1829; x_wconf 86' lang='lat'>5.</span> <span class='ocrx_word' id='word_1_230' title='bbox 476 1780 648 1819; x_wconf 85' lang='lat' dir='ltr'>Stobaeus</span> <span class='ocrx_word' id='word_1_231' title='bbox 669 1782 772 1825; x_wconf 89' lang='lat' dir='ltr'>CVI,</span> <span class='ocrx_word' id='word_1_232' title='bbox 795 1783 830 1818; x_wconf 88' lang='lat'>3.</span> 
     </span>
     <span class='ocr_line' id='line_1_36' title="bbox 316 1834 1055 1886; baseline 0.001 -13"><span class='ocrx_word' id='word_1_233' title='bbox 316 1834 424 1874; x_wconf 80' lang='grc' dir='ltr'>Ὀταν</span> <span class='ocrx_word' id='word_1_234' title='bbox 441 1838 536 1873; x_wconf 82' lang='grc' dir='ltr'>κακοὶ</span> <span class='ocrx_word' id='word_1_235' title='bbox 553 1838 744 1886; x_wconf 78' lang='grc' dir='ltr'>πράξωσιν,</span> <span class='ocrx_word' id='word_1_236' title='bbox 765 1837 791 1872; x_wconf 86' lang='grc' dir='ltr'><em>ὦ</em></span> <span class='ocrx_word' id='word_1_237' title='bbox 810 1836 913 1882; x_wconf 80' lang='grc' dir='ltr'>ξένοι,</span> <span class='ocrx_word' id='word_1_238' title='bbox 934 1838 1055 1877; x_wconf 85' lang='grc' dir='ltr'>καλῶς,</span> 
     </span>
     <span class='ocr_line' id='line_1_37' title="bbox 320 1890 1016 1939; baseline 0 -13"><span class='ocrx_word' id='word_1_239' title='bbox 320 1892 406 1939; x_wconf 79' lang='grc' dir='ltr'>ἷίγαν</span> <span class='ocrx_word' id='word_1_240' title='bbox 424 1894 620 1939; x_wconf 85' lang='grc' dir='ltr'>κρατοῦντες</span> <span class='ocrx_word' id='word_1_241' title='bbox 638 1893 697 1927; x_wconf 88' lang='grc' dir='ltr'>κού</span> <span class='ocrx_word' id='word_1_242' title='bbox 716 1891 905 1938; x_wconf 79' lang='grc' dir='ltr'>νομίζοντες</span> <span class='ocrx_word' id='word_1_243' title='bbox 923 1890 1016 1936; x_wconf 83' lang='grc' dir='ltr'>δίκην</span> 
     </span>
     <span class='ocr_line' id='line_1_38' title="bbox 323 1944 1019 1994; baseline -0.003 -12"><span class='ocrx_word' id='word_1_244' title='bbox 323 1947 457 1986; x_wconf 87' lang='grc' dir='ltr'>δώσειν,</span> <span class='ocrx_word' id='word_1_245' title='bbox 477 1947 626 1994; x_wconf 69' lang='grc' dir='ltr'>ἔδρασαν</span> <span class='ocrx_word' id='word_1_246' title='bbox 643 1946 739 1982; x_wconf 84' lang='grc' dir='ltr'>πάντ’</span> <span class='ocrx_word' id='word_1_247' title='bbox 761 1945 900 1992; x_wconf 85' lang='grc' dir='ltr'>ἐφέντες</span> <span class='ocrx_word' id='word_1_248' title='bbox 917 1944 1019 1990; x_wconf 85' lang='grc' dir='ltr'>ἡδονῇ</span> 
     </span>
    </p>

    <p class='ocr_par' dir='ltr' id='par_1_15' title="bbox 272 1997 1275 2047">
     <span class='ocr_line' id='line_1_39' title="bbox 272 1997 1275 2047; baseline 0 -12"><span class='ocrx_word' id='word_1_249' title='bbox 272 1998 398 2047; x_wconf 83' lang='grc'>(566.)</span> <span class='ocrx_word' id='word_1_250' title='bbox 420 2003 451 2036; x_wconf 91' lang='grc'>6.</span> <span class='ocrx_word' id='word_1_251' title='bbox 474 1997 598 2035; x_wconf 83' lang='lat' dir='ltr'>Schol.</span> <span class='ocrx_word' id='word_1_252' title='bbox 618 1997 734 2034; x_wconf 78' lang='lat' dir='ltr'>Arist.</span> <span class='ocrx_word' id='word_1_253' title='bbox 757 1997 851 2033; x_wconf 82' lang='lat' dir='ltr'>Ran.</span> <span class='ocrx_word' id='word_1_254' title='bbox 874 1997 935 2034; x_wconf 81' lang='lat'>72.</span> <span class='ocrx_word' id='word_1_255' title='bbox 958 2000 990 2034; x_wconf 83' lang='grc' dir='ltr'>οἶ</span> <span class='ocrx_word' id='word_1_256' title='bbox 1008 1997 1150 2047; x_wconf 77' lang='grc' dir='ltr'>μὲνγὰρ</span> <span class='ocrx_word' id='word_1_257' title='bbox 1169 1998 1275 2035; x_wconf 70' lang='grc' dir='ltr'>οὐκέτ’</span> 
     </span>
    </p>

    <p class='ocr_par' dir='ltr' id='par_1_16' title="bbox 218 2053 1099 2209">
     <span class='ocr_line' id='line_1_40' title="bbox 218 2053 744 2100; baseline 0.004 -12"><span class='ocrx_word' id='word_1_258' title='bbox 218 2053 317 2090; x_wconf 78' lang='grc' dir='ltr'>εἰσὶν·</span> <span class='ocrx_word' id='word_1_259' title='bbox 347 2054 531 2100; x_wconf 77' lang='grc' dir='ltr'>Εὐριπίδου</span> <span class='ocrx_word' id='word_1_260' title='bbox 550 2053 589 2098; x_wconf 81' lang='grc' dir='ltr'>ἐξ</span> <span class='ocrx_word' id='word_1_261' title='bbox 608 2053 744 2090; x_wconf 79' lang='grc' dir='ltr'>Οἰνέως·</span> 
     </span>
     <span class='ocr_line' id='line_1_41' title="bbox 323 2106 1074 2155; baseline -0.004 -12"><span class='ocrx_word' id='word_1_262' title='bbox 323 2108 367 2143; x_wconf 83' lang='grc' dir='ltr'>σύ</span> <span class='ocrx_word' id='word_1_263' title='bbox 386 2107 415 2143; x_wconf 76' lang='grc' dir='ltr'>δ’</span> <span class='ocrx_word' id='word_1_264' title='bbox 435 2107 491 2143; x_wconf 73' lang='grc' dir='ltr'>ὧδ’</span> <span class='ocrx_word' id='word_1_265' title='bbox 511 2109 633 2155; x_wconf 78' lang='grc' dir='ltr'>ἔρημος</span> <span class='ocrx_word' id='word_1_266' title='bbox 651 2108 836 2154; x_wconf 81' lang='grc' dir='ltr'>ξυμμάχων</span> <span class='ocrx_word' id='word_1_267' title='bbox 854 2106 1051 2142; x_wconf 85' lang='grc' dir='ltr'>ἀπόλλυσαι</span> <span class='ocrx_word' id='word_1_268' title='bbox 1066 2118 1074 2149; x_wconf 91' lang='grc'><strong>;</strong></span> 
     </span>
     <span class='ocr_line' id='line_1_42' title="bbox 324 2158 1099 2209; baseline -0.003 -13"><span class='ocrx_word' id='word_1_269' title='bbox 324 2163 356 2196; x_wconf 80' lang='grc' dir='ltr'>οἱ</span> <span class='ocrx_word' id='word_1_270' title='bbox 373 2162 434 2207; x_wconf 79' lang='grc' dir='ltr'>μὲν</span> <span class='ocrx_word' id='word_1_271' title='bbox 451 2163 517 2209; x_wconf 86' lang='grc' dir='ltr'>γὰρ</span> <span class='ocrx_word' id='word_1_272' title='bbox 536 2160 642 2197; x_wconf 86' lang='grc' dir='ltr'>οὐκέτ’</span> <span class='ocrx_word' id='word_1_273' title='bbox 663 2162 761 2203; x_wconf 80' lang='grc' dir='ltr'>εἰσὶν,</span> <span class='ocrx_word' id='word_1_274' title='bbox 781 2161 813 2195; x_wconf 86' lang='grc' dir='ltr'>οἶ</span> <span class='ocrx_word' id='word_1_275' title='bbox 832 2159 860 2195; x_wconf 74' lang='grc' dir='ltr'>δ’</span> <span class='ocrx_word' id='word_1_276' title='bbox 881 2158 975 2197; x_wconf 73' lang='grc' dir='ltr'>ὄντες</span> <span class='ocrx_word' id='word_1_277' title='bbox 993 2160 1099 2195; x_wconf 89' lang='grc' dir='ltr'>κακοί.</span> 
     </span>
    </p>

    <p class='ocr_par' dir='ltr' id='par_1_17' title="bbox 274 2211 881 2262">
     <span class='ocr_line' id='line_1_43' title="bbox 274 2211 881 2262; baseline -0.003 -12"><span class='ocrx_word' id='word_1_278' title='bbox 274 2211 404 2262; x_wconf 90' lang='grc'>(567.)</span> <span class='ocrx_word' id='word_1_279' title='bbox 425 2227 454 2259; x_wconf 88' lang='lat'>7.</span> <span class='ocrx_word' id='word_1_280' title='bbox 476 2213 648 2250; x_wconf 84' lang='lat' dir='ltr'>Stobaeus</span> <span class='ocrx_word' id='word_1_281' title='bbox 670 2212 822 2254; x_wconf 88' lang='lat' dir='ltr'>CXIII,</span> <span class='ocrx_word' id='word_1_282' title='bbox 847 2214 881 2249; x_wconf 85' lang='lat'>1.</span> 
     </span>
    </p>

    <p class='ocr_par' dir='ltr' id='par_1_18' title="bbox 323 2267 1095 2369">
     <span class='ocr_line' id='line_1_44' title="bbox 325 2267 1090 2317; baseline -0.003 -13"><span class='ocrx_word' id='word_1_283' title='bbox 325 2268 436 2315; x_wconf 85' lang='grc' dir='ltr'>Σχολὴ</span> <span class='ocrx_word' id='word_1_284' title='bbox 455 2269 516 2314; x_wconf 84' lang='grc' dir='ltr'>μὲν</span> <span class='ocrx_word' id='word_1_285' title='bbox 534 2269 624 2315; x_wconf 86' lang='grc' dir='ltr'>οὐχί·</span> <span class='ocrx_word' id='word_1_286' title='bbox 653 2271 699 2317; x_wconf 79' lang='grc' dir='ltr'>τῷ</span> <span class='ocrx_word' id='word_1_287' title='bbox 719 2269 755 2303; x_wconf 83' lang='grc' dir='ltr'>δὲ</span> <span class='ocrx_word' id='word_1_288' title='bbox 775 2267 1001 2314; x_wconf 80' lang='grc' dir='ltr'>δυστυχοῦντί</span> <span class='ocrx_word' id='word_1_289' title='bbox 1018 2282 1090 2303; x_wconf 87' lang='grc' dir='ltr'>πως</span> 
     </span>
     <span class='ocr_line' id='line_1_45' title="bbox 323 2320 1095 2369; baseline -0.001 -12"><span class='ocrx_word' id='word_1_290' title='bbox 323 2323 466 2369; x_wconf 86' lang='grc' dir='ltr'>τερπνὸν</span> <span class='ocrx_word' id='word_1_291' title='bbox 482 2323 521 2358; x_wconf 87' lang='grc' dir='ltr'>τὸ</span> <span class='ocrx_word' id='word_1_292' title='bbox 539 2322 638 2367; x_wconf 84' lang='grc' dir='ltr'>λέξαι</span> <span class='ocrx_word' id='word_1_293' title='bbox 656 2320 960 2358; x_wconf 81' lang='grc' dir='ltr'>κάποκλαῦσασθαι</span> <span class='ocrx_word' id='word_1_294' title='bbox 977 2322 1095 2356; x_wconf 88' lang='grc' dir='ltr'>πάλιν.</span> 
     </span>
    </p>

    <p class='ocr_par' dir='ltr' id='par_1_19' title="bbox 274 2372 1271 2423">
     <span class='ocr_line' id='line_1_46' title="bbox 274 2372 1271 2423; baseline 0 -12"><span class='ocrx_word' id='word_1_295' title='bbox 274 2373 401 2423; x_wconf 91' lang='grc'>(568.)</span> <span class='ocrx_word' id='word_1_296' title='bbox 429 2381 461 2412; x_wconf 88' lang='grc'>8.</span> <span class='ocrx_word' id='word_1_297' title='bbox 493 2373 611 2412; x_wconf 87' lang='lat' dir='ltr'>Clem.</span> <span class='ocrx_word' id='word_1_298' title='bbox 641 2373 753 2412; x_wconf 85' lang='lat' dir='ltr'><strong>Alex.</strong></span> <span class='ocrx_word' id='word_1_299' title='bbox 784 2372 924 2410; x_wconf 84' lang='lat' dir='ltr'><strong>Strom.</strong></span> <span class='ocrx_word' id='word_1_300' title='bbox 954 2373 1025 2415; x_wconf 91' lang='lat' dir='ltr'>VI,</span> <span class='ocrx_word' id='word_1_301' title='bbox 1059 2376 1092 2415; x_wconf 93' lang='lat'>1,</span> <span class='ocrx_word' id='word_1_302' title='bbox 1124 2376 1141 2419; x_wconf 82' lang='lat'>§</span> <span class='ocrx_word' id='word_1_303' title='bbox 1174 2374 1209 2415; x_wconf 84' lang='lat'>7,</span> <span class='ocrx_word' id='word_1_304' title='bbox 1234 2386 1271 2422; x_wconf 91' lang='lat' dir='ltr'>p.</span> 
     </span>
    </p>

    <p class='ocr_par' dir='ltr' id='par_1_20' title="bbox 324 2482 1114 2530">
     <span class='ocr_line' id='line_1_47' title="bbox 324 2482 1114 2530; baseline -0.004 -11"><span class='ocrx_word' id='word_1_305' title='bbox 324 2483 400 2520; x_wconf 80' lang='grc' dir='ltr'>ἀλλ’</span> <span class='ocrx_word' id='word_1_306' title='bbox 421 2484 527 2529; x_wconf 75' lang='grc' dir='ltr'>ἄλλος</span> <span class='ocrx_word' id='word_1_307' title='bbox 544 2485 664 2521; x_wconf 74' lang='grc' dir='ltr'>ἄλλοις</span> <span class='ocrx_word' id='word_1_308' title='bbox 681 2485 815 2530; x_wconf 82' lang='grc' dir='ltr'>μᾶλλον</span> <span class='ocrx_word' id='word_1_309' title='bbox 832 2482 946 2528; x_wconf 84' lang='grc' dir='ltr'>ἥδεται</span> <span class='ocrx_word' id='word_1_310' title='bbox 964 2483 1114 2530; x_wconf 92' lang='grc' dir='ltr'>τρόποις.</span> 
     </span>
    </p>

    <p class='ocr_par' dir='ltr' id='par_1_21' title="bbox 272 2533 882 2585">
     <span class='ocr_line' id='line_1_48' title="bbox 272 2533 882 2585; baseline 0 -13"><span class='ocrx_word' id='word_1_311' title='bbox 272 2533 398 2585; x_wconf 89' lang='grc'>(569.)</span> <span class='ocrx_word' id='word_1_312' title='bbox 418 2552 452 2584; x_wconf 88' lang='lat'>9.</span> <span class='ocrx_word' id='word_1_313' title='bbox 473 2535 644 2573; x_wconf 83' lang='lat' dir='ltr'>Stobaeus</span> <span class='ocrx_word' id='word_1_314' title='bbox 662 2533 824 2580; x_wconf 90' lang='lat' dir='ltr'>LXXV,</span> <span class='ocrx_word' id='word_1_315' title='bbox 846 2537 882 2572; x_wconf 88' lang='lat'>3.</span> 
     </span>
    </p>

    <p class='ocr_par' dir='ltr' id='par_1_22' title="bbox 323 2589 1130 2692">
     <span class='ocr_line' id='line_1_49' title="bbox 323 2589 1130 2639; baseline -0.001 -13"><span class='ocrx_word' id='word_1_316' title='bbox 323 2589 383 2628; x_wconf 77' lang='grc' dir='ltr'>Ὠς</span> <span class='ocrx_word' id='word_1_317' title='bbox 400 2591 498 2627; x_wconf 79' lang='grc' dir='ltr'>οὐδὲν</span> <span class='ocrx_word' id='word_1_318' title='bbox 515 2591 611 2639; x_wconf 80' lang='grc' dir='ltr'>ἀνδρὶ</span> <span class='ocrx_word' id='word_1_319' title='bbox 628 2589 753 2627; x_wconf 78' lang='grc' dir='ltr'>πιστὸν</span> <span class='ocrx_word' id='word_1_320' title='bbox 770 2590 870 2632; x_wconf 71' lang='grc' dir='ltr'>ἄλλο,</span> <span class='ocrx_word' id='word_1_321' title='bbox 888 2590 978 2635; x_wconf 89' lang='grc' dir='ltr'>πλὴν</span> <span class='ocrx_word' id='word_1_322' title='bbox 995 2589 1130 2626; x_wconf 81' lang='grc' dir='ltr'>τέκνων·</span> 
     </span>
     <span class='ocr_line' id='line_1_50' title="bbox 325 2643 1058 2692; baseline -0.001 -13"><span class='ocrx_word' id='word_1_323' title='bbox 325 2646 461 2692; x_wconf 86' lang='grc' dir='ltr'>κέρδους</span> <span class='ocrx_word' id='word_1_324' title='bbox 478 2643 509 2680; x_wconf 84' lang='grc' dir='ltr'>δ’</span> <span class='ocrx_word' id='word_1_325' title='bbox 530 2646 620 2681; x_wconf 84' lang='grc' dir='ltr'>ἕκατι</span> <span class='ocrx_word' id='word_1_326' title='bbox 639 2646 692 2681; x_wconf 78' lang='grc' dir='ltr'>καὶ</span> <span class='ocrx_word' id='word_1_327' title='bbox 709 2643 749 2680; x_wconf 83' lang='grc' dir='ltr'>τὸ</span> <span class='ocrx_word' id='word_1_328' title='bbox 769 2644 932 2691; x_wconf 76' lang='grc' dir='ltr'>συγγενὲς</span> <span class='ocrx_word' id='word_1_329' title='bbox 950 2646 1058 2679; x_wconf 85' lang='grc' dir='ltr'>νοσεῖ.</span> 
     </span>
    </p>

    <p class='ocr_par' dir='ltr' id='par_1_23' title="bbox 217 2694 1290 3599">
     <span class='ocr_line' id='line_1_51' title="bbox 274 2694 1275 2746; baseline -0.005 -11"><span class='ocrx_word' id='word_1_330' title='bbox 274 2695 400 2746; x_wconf 87' lang='grc'>(570.)</span> <span class='ocrx_word' id='word_1_331' title='bbox 426 2715 474 2735; x_wconf 82' lang='grc' dir='ltr'>ιο.</span> <span class='ocrx_word' id='word_1_332' title='bbox 495 2695 599 2734; x_wconf 82' lang='lat' dir='ltr'><strong>Suid.</strong></span> <span class='ocrx_word' id='word_1_333' title='bbox 618 2710 654 2734; x_wconf 87' lang='lat' dir='ltr'>V.</span> <span class='ocrx_word' id='word_1_334' title='bbox 681 2696 922 2746; x_wconf 85' lang='grc' dir='ltr'>Ἡρακλείαν</span> <span class='ocrx_word' id='word_1_335' title='bbox 946 2697 1076 2733; x_wconf 86' lang='grc' dir='ltr'>λίθον.</span> <span class='ocrx_word' id='word_1_336' title='bbox 1106 2695 1194 2732; x_wconf 78' lang='grc' dir='ltr'>τινὲς</span> <span class='ocrx_word' id='word_1_337' title='bbox 1215 2694 1275 2741; x_wconf 91' lang='grc' dir='ltr'>τὴν</span> 
     </span>
     <span class='ocr_line' id='line_1_52' title="bbox 220 2747 1272 2799; baseline -0.005 -11"><span class='ocrx_word' id='word_1_338' title='bbox 220 2753 420 2799; x_wconf 80' lang='grc' dir='ltr'>Μαγνησίαν</span> <span class='ocrx_word' id='word_1_339' title='bbox 436 2753 608 2789; x_wconf 84' lang='grc' dir='ltr'>ἀπέδοσαν</span> <span class='ocrx_word' id='word_1_340' title='bbox 626 2753 679 2788; x_wconf 83' lang='grc' dir='ltr'>διὰ</span> <span class='ocrx_word' id='word_1_341' title='bbox 701 2747 741 2789; x_wconf 71' lang='grc' dir='ltr'>τὸ</span> <span class='ocrx_word' id='word_1_342' title='bbox 755 2753 815 2798; x_wconf 90' lang='grc' dir='ltr'>τὴν</span> <span class='ocrx_word' id='word_1_343' title='bbox 830 2750 1035 2799; x_wconf 73' lang='grc' dir='ltr'>“Ηράκλειαν</span> <span class='ocrx_word' id='word_1_344' title='bbox 1055 2752 1114 2795; x_wconf 90' lang='grc' dir='ltr'>τῆς</span> <span class='ocrx_word' id='word_1_345' title='bbox 1133 2756 1272 2796; x_wconf 85' lang='grc' dir='ltr'>Μαγνη-</span> 
     </span>
     <span class='ocr_line' id='line_1_53' title="bbox 220 2803 1273 2853; baseline -0.004 -11"><span class='ocrx_word' id='word_1_346' title='bbox 220 2807 298 2842; x_wconf 80' lang='grc' dir='ltr'>σίας</span> <span class='ocrx_word' id='word_1_347' title='bbox 332 2803 426 2842; x_wconf 72' lang='grc' dir='ltr'>εἶναι.</span> <span class='ocrx_word' id='word_1_348' title='bbox 455 2808 488 2842; x_wconf 80' lang='grc' dir='ltr'>οἱ</span> <span class='ocrx_word' id='word_1_349' title='bbox 515 2806 551 2841; x_wconf 83' lang='grc' dir='ltr'>δὲ</span> <span class='ocrx_word' id='word_1_350' title='bbox 588 2805 639 2842; x_wconf 85' lang='grc' dir='ltr'>ὅτι</span> <span class='ocrx_word' id='word_1_351' title='bbox 667 2806 686 2851; x_wconf 85' lang='grc' dir='ltr'>ἡ</span> <span class='ocrx_word' id='word_1_352' title='bbox 714 2806 776 2853; x_wconf 78' lang='grc' dir='ltr'>μὲν</span> <span class='ocrx_word' id='word_1_353' title='bbox 803 2805 1018 2851; x_wconf 79' lang='grc' dir='ltr'>ἐπισπωμένη</span> <span class='ocrx_word' id='word_1_354' title='bbox 1046 2805 1105 2840; x_wconf 87' lang='grc' dir='ltr'>τὸν</span> <span class='ocrx_word' id='word_1_355' title='bbox 1133 2803 1273 2850; x_wconf 87' lang='grc' dir='ltr'>σίδηρον</span> 
     </span>
     <span class='ocr_line' id='line_1_54' title="bbox 218 2855 1273 2907; baseline -0.003 -12"><span class='ocrx_word' id='word_1_356' title='bbox 218 2857 466 2906; x_wconf 86' lang='grc' dir='ltr'>Ἠρακλειῶτις,</span> <span class='ocrx_word' id='word_1_357' title='bbox 494 2859 514 2904; x_wconf 88' lang='grc' dir='ltr'>ἡ</span> <span class='ocrx_word' id='word_1_358' title='bbox 543 2860 579 2894; x_wconf 81' lang='grc' dir='ltr'>δὲ</span> <span class='ocrx_word' id='word_1_359' title='bbox 607 2862 778 2907; x_wconf 83' lang='grc' dir='ltr'>Μαγνῆτις</span> <span class='ocrx_word' id='word_1_360' title='bbox 804 2855 939 2907; x_wconf 80' lang='grc' dir='ltr'>ἀργύρῳ</span> <span class='ocrx_word' id='word_1_361' title='bbox 967 2858 1066 2904; x_wconf 89' lang='grc' dir='ltr'>ὁμοία</span> <span class='ocrx_word' id='word_1_362' title='bbox 1093 2858 1198 2899; x_wconf 84' lang='grc' dir='ltr'>ἐστὶν,</span> <span class='ocrx_word' id='word_1_363' title='bbox 1228 2857 1273 2893; x_wconf 81' lang='grc' dir='ltr'>ὣς</span> 
     </span>
     <span class='ocr_line' id='line_1_55' title="bbox 220 2913 1269 2960; baseline -0.002 -12"><span class='ocrx_word' id='word_1_364' title='bbox 220 2913 401 2960; x_wconf 79' lang='grc' dir='ltr'>Εὐριπίδης</span> <span class='ocrx_word' id='word_1_365' title='bbox 427 2915 462 2950; x_wconf 81' lang='grc' dir='ltr'>ἐν</span> <span class='ocrx_word' id='word_1_366' title='bbox 491 2913 591 2949; x_wconf 84' lang='grc' dir='ltr'>Οἰνεῖ·</span> <span class='ocrx_word' id='word_1_367' title='bbox 632 2914 701 2950; x_wconf 88' lang='grc' dir='ltr'>τὰς</span> <span class='ocrx_word' id='word_1_368' title='bbox 726 2916 885 2960; x_wconf 79' lang='grc' dir='ltr'>βροτῶν</span> <span class='ocrx_word' id='word_1_369' title='bbox 910 2914 1070 2959; x_wconf 86' lang='grc' dir='ltr'>γνώμας</span> <span class='ocrx_word' id='word_1_370' title='bbox 1098 2914 1269 2952; x_wconf 86' lang='grc' dir='ltr'>σκοπῶν,</span> 
     </span>
     <span class='ocr_line' id='line_1_56' title="bbox 219 2965 1268 3015; baseline -0.004 -12"><span class='ocrx_word' id='word_1_371' title='bbox 219 2968 324 3003; x_wconf 81' lang='grc' dir='ltr'>ὥστε</span> <span class='ocrx_word' id='word_1_372' title='bbox 351 2969 554 3015; x_wconf 86' lang='grc' dir='ltr'>Μαγνῆτις</span> <span class='ocrx_word' id='word_1_373' title='bbox 578 2966 693 3004; x_wconf 82' lang='grc' dir='ltr'>λίθος</span> <span class='ocrx_word' id='word_1_374' title='bbox 719 2967 788 3012; x_wconf 88' lang='grc' dir='ltr'>τὴν</span> <span class='ocrx_word' id='word_1_375' title='bbox 823 2967 944 3012; x_wconf 82' lang='grc' dir='ltr'>δόξαν</span> <span class='ocrx_word' id='word_1_376' title='bbox 971 2966 1078 3001; x_wconf 84' lang='grc' dir='ltr'>ἕλκει</span> <span class='ocrx_word' id='word_1_377' title='bbox 1106 2965 1168 3000; x_wconf 86' lang='grc' dir='ltr'>καὶ</span> <span class='ocrx_word' id='word_1_378' title='bbox 1203 2980 1268 3010; x_wconf 92' lang='grc' dir='ltr'>με-</span> 
     </span>
     <span class='ocr_line' id='line_1_57' title="bbox 219 3017 1269 3068; baseline -0.002 -12"><span class='ocrx_word' id='word_1_379' title='bbox 219 3021 409 3066; x_wconf 87' lang='grc' dir='ltr'>θίστησιν</span> <span class='ocrx_word' id='word_1_380' title='bbox 434 3022 566 3055; x_wconf 83' lang='grc' dir='ltr'>πάλιν.</span> <span class='ocrx_word' id='word_1_381' title='bbox 606 3021 644 3055; x_wconf 88' lang='grc' dir='ltr'>οὐ</span> <span class='ocrx_word' id='word_1_382' title='bbox 670 3020 763 3068; x_wconf 87' lang='grc' dir='ltr'>λέγει</span> <span class='ocrx_word' id='word_1_383' title='bbox 791 3022 848 3055; x_wconf 85' lang='grc' dir='ltr'>νῦν</span> <span class='ocrx_word' id='word_1_384' title='bbox 875 3019 940 3055; x_wconf 81' lang='grc' dir='ltr'>ὑπὸ</span> <span class='ocrx_word' id='word_1_385' title='bbox 967 3021 1028 3064; x_wconf 86' lang='grc' dir='ltr'>τῆς</span> <span class='ocrx_word' id='word_1_386' title='bbox 1055 3017 1269 3066; x_wconf 81' lang='grc' dir='ltr'>Μαγνήτιδος</span> 
     </span>
     <span class='ocr_line' id='line_1_58' title="bbox 217 3072 1268 3120; baseline -0.003 -9"><span class='ocrx_word' id='word_1_387' title='bbox 217 3075 317 3110; x_wconf 78' lang='grc' dir='ltr'>λίθου</span> <span class='ocrx_word' id='word_1_388' title='bbox 351 3075 412 3111; x_wconf 86' lang='grc' dir='ltr'>τὸν</span> <span class='ocrx_word' id='word_1_389' title='bbox 446 3074 598 3120; x_wconf 85' lang='grc' dir='ltr'>σίδηρον,</span> <span class='ocrx_word' id='word_1_390' title='bbox 625 3074 715 3108; x_wconf 80' lang='grc' dir='ltr'>ἀλλὰ</span> <span class='ocrx_word' id='word_1_391' title='bbox 749 3073 808 3118; x_wconf 89' lang='grc' dir='ltr'>τὴν</span> <span class='ocrx_word' id='word_1_392' title='bbox 834 3076 900 3108; x_wconf 89' lang='grc' dir='ltr'>τῶν</span> <span class='ocrx_word' id='word_1_393' title='bbox 927 3072 1101 3118; x_wconf 89' lang='grc' dir='ltr'>θεωμένων</span> <span class='ocrx_word' id='word_1_394' title='bbox 1127 3073 1268 3116; x_wconf 87' lang='grc' dir='ltr'>δόκησιν</span> 
     </span>
     <span class='ocr_line' id='line_1_59' title="bbox 219 3123 1266 3174; baseline -0.004 -12"><span class='ocrx_word' id='word_1_395' title='bbox 219 3127 395 3168; x_wconf 80' lang='grc' dir='ltr'>ἕλκεσθαι,</span> <span class='ocrx_word' id='word_1_396' title='bbox 414 3126 640 3172; x_wconf 89' lang='grc' dir='ltr'>πλανωμένων</span> <span class='ocrx_word' id='word_1_397' title='bbox 664 3128 708 3163; x_wconf 85' lang='grc' dir='ltr'>ὡς</span> <span class='ocrx_word' id='word_1_398' title='bbox 732 3126 786 3162; x_wconf 78' lang='grc' dir='ltr'>ε’πὶ</span> <span class='ocrx_word' id='word_1_399' title='bbox 809 3124 954 3174; x_wconf 77' lang='grc' dir='ltr'>ἀργύρῳ.</span> <span class='ocrx_word' id='word_1_400' title='bbox 1012 3123 1122 3160; x_wconf 88' lang='lat' dir='ltr'><strong>Hunc</strong></span> <span class='ocrx_word' id='word_1_401' title='bbox 1144 3123 1266 3160; x_wconf 88' lang='lat' dir='ltr'>locum</span> 
     </span>
     <span class='ocr_line' id='line_1_60' title="bbox 218 3177 1266 3228; baseline -0.004 -12"><span class='ocrx_word' id='word_1_402' title='bbox 218 3179 381 3228; x_wconf 87' lang='lat' dir='ltr'>respexit</span> <span class='ocrx_word' id='word_1_403' title='bbox 409 3178 517 3216; x_wconf 77' lang='lat' dir='ltr'><strong>Plato</strong></span> <span class='ocrx_word' id='word_1_404' title='bbox 544 3179 582 3214; x_wconf 91' lang='lat' dir='ltr'>in</span> <span class='ocrx_word' id='word_1_405' title='bbox 610 3179 701 3215; x_wconf 83' lang='lat' dir='ltr'>Ione</span> <span class='ocrx_word' id='word_1_406' title='bbox 727 3190 763 3226; x_wconf 91' lang='lat' dir='ltr'>p.</span> <span class='ocrx_word' id='word_1_407' title='bbox 786 3179 862 3215; x_wconf 88' lang='lat'>533</span> <span class='ocrx_word' id='word_1_408' title='bbox 891 3177 940 3213; x_wconf 95' lang='lat' dir='ltr'>D.</span> <span class='ocrx_word' id='word_1_409' title='bbox 972 3180 1047 3214; x_wconf 74' lang='grc' dir='ltr'>ἔστι</span> <span class='ocrx_word' id='word_1_410' title='bbox 1073 3179 1139 3226; x_wconf 85' lang='grc' dir='ltr'>γὰρ</span> <span class='ocrx_word' id='word_1_411' title='bbox 1167 3180 1266 3213; x_wconf 79' lang='grc' dir='ltr'>τοῦτο</span> 
     </span>
     <span class='ocr_line' id='line_1_61' title="bbox 217 3230 1266 3281; baseline -0.005 -11"><span class='ocrx_word' id='word_1_412' title='bbox 217 3234 318 3281; x_wconf 86' lang='grc' dir='ltr'>τέχνη</span> <span class='ocrx_word' id='word_1_413' title='bbox 345 3235 407 3281; x_wconf 83' lang='grc' dir='ltr'>μὲν</span> <span class='ocrx_word' id='word_1_414' title='bbox 433 3234 492 3269; x_wconf 88' lang='grc' dir='ltr'>οὐκ</span> <span class='ocrx_word' id='word_1_415' title='bbox 519 3234 557 3268; x_wconf 83' lang='grc' dir='ltr'>ὂν</span> <span class='ocrx_word' id='word_1_416' title='bbox 578 3234 669 3276; x_wconf 86' lang='grc' dir='ltr'>παρὰ</span> <span class='ocrx_word' id='word_1_417' title='bbox 692 3233 750 3267; x_wconf 78' lang='grc' dir='ltr'>σοὶ</span> <span class='ocrx_word' id='word_1_418' title='bbox 771 3233 847 3278; x_wconf 84' lang='grc' dir='ltr'>περὶ</span> <span class='ocrx_word' id='word_1_419' title='bbox 869 3231 1019 3278; x_wconf 79' lang='grc' dir='ltr'>Ὁμήρου</span> <span class='ocrx_word' id='word_1_420' title='bbox 1039 3230 1075 3266; x_wconf 81' lang='grc' dir='ltr'>εὖ</span> <span class='ocrx_word' id='word_1_421' title='bbox 1098 3231 1222 3279; x_wconf 88' lang='grc' dir='ltr'>λέγειν,</span> <span class='ocrx_word' id='word_1_422' title='bbox 1249 3230 1266 3265; x_wconf 84' lang='grc' dir='ltr'><em>ὃ</em></span> 
     </span>
     <span class='ocr_line' id='line_1_62' title="bbox 218 3285 1267 3334; baseline -0.004 -10"><span class='ocrx_word' id='word_1_423' title='bbox 218 3291 277 3323; x_wconf 84' lang='grc' dir='ltr'>νῦν</span> <span class='ocrx_word' id='word_1_424' title='bbox 295 3289 335 3334; x_wconf 86' lang='grc' dir='ltr'>δὴ</span> <span class='ocrx_word' id='word_1_425' title='bbox 354 3290 488 3334; x_wconf 81' lang='grc' dir='ltr'>ἔλεγον,</span> <span class='ocrx_word' id='word_1_426' title='bbox 509 3287 582 3322; x_wconf 89' lang='grc' dir='ltr'>θεία</span> <span class='ocrx_word' id='word_1_427' title='bbox 600 3288 637 3322; x_wconf 83' lang='grc' dir='ltr'>δέ</span> <span class='ocrx_word' id='word_1_428' title='bbox 657 3285 805 3331; x_wconf 72' lang='grc' dir='ltr'>δύναμις,</span> <span class='ocrx_word' id='word_1_429' title='bbox 826 3286 847 3330; x_wconf 81' lang='grc' dir='ltr'><em>ἥ</em></span> <span class='ocrx_word' id='word_1_430' title='bbox 871 3301 912 3320; x_wconf 88' lang='grc' dir='ltr'>σε</span> <span class='ocrx_word' id='word_1_431' title='bbox 934 3287 1015 3320; x_wconf 87' lang='grc' dir='ltr'>κινεῖ</span> <span class='ocrx_word' id='word_1_432' title='bbox 1038 3286 1154 3333; x_wconf 84' lang='grc' dir='ltr'>ὥσπερ</span> <span class='ocrx_word' id='word_1_433' title='bbox 1173 3286 1210 3320; x_wconf 79' lang='grc' dir='ltr'>ἐν</span> <span class='ocrx_word' id='word_1_434' title='bbox 1227 3287 1267 3329; x_wconf 85' lang='grc' dir='ltr'>τῇ</span> 
     </span>
     <span class='ocr_line' id='line_1_63' title="bbox 217 3338 1267 3391; baseline -0.004 -15"><span class='ocrx_word' id='word_1_435' title='bbox 217 3342 315 3391; x_wconf 80' lang='grc' dir='ltr'>λίθῳ,</span> <span class='ocrx_word' id='word_1_436' title='bbox 353 3341 393 3387; x_wconf 84' lang='grc' dir='ltr'>ἣν</span> <span class='ocrx_word' id='word_1_437' title='bbox 427 3341 610 3389; x_wconf 88' lang='grc' dir='ltr'>Εὐριπίδης</span> <span class='ocrx_word' id='word_1_438' title='bbox 644 3339 705 3385; x_wconf 81' lang='grc' dir='ltr'>μὲν</span> <span class='ocrx_word' id='word_1_439' title='bbox 741 3340 912 3385; x_wconf 81' lang='grc' dir='ltr'>Μαγνῆτιν</span> <span class='ocrx_word' id='word_1_440' title='bbox 948 3339 1133 3383; x_wconf 86' lang='grc' dir='ltr'>ὠνόμασεν,</span> <span class='ocrx_word' id='word_1_441' title='bbox 1164 3340 1196 3373; x_wconf 77' lang='grc' dir='ltr'>οἱ</span> <span class='ocrx_word' id='word_1_442' title='bbox 1231 3338 1267 3373; x_wconf 81' lang='grc' dir='ltr'>δὲ</span> 
     </span>
     <span class='ocr_line' id='line_1_64' title="bbox 217 3390 1270 3442; baseline -0.004 -12"><span class='ocrx_word' id='word_1_443' title='bbox 217 3396 343 3430; x_wconf 81' lang='grc' dir='ltr'>πολλοὶ</span> <span class='ocrx_word' id='word_1_444' title='bbox 376 3395 591 3442; x_wconf 82' lang='grc' dir='ltr'>Ἡράκλειαν.</span> <span class='ocrx_word' id='word_1_445' title='bbox 622 3394 676 3428; x_wconf 75' lang='grc' dir='ltr'>καὶ</span> <span class='ocrx_word' id='word_1_446' title='bbox 710 3393 776 3439; x_wconf 83' lang='grc' dir='ltr'>γὰρ</span> <span class='ocrx_word' id='word_1_447' title='bbox 811 3390 892 3437; x_wconf 74' lang='grc' dir='ltr'>αὕτη</span> <span class='ocrx_word' id='word_1_448' title='bbox 923 3390 941 3435; x_wconf 89' lang='grc' dir='ltr'>ἡ</span> <span class='ocrx_word' id='word_1_449' title='bbox 973 3392 1069 3428; x_wconf 88' lang='grc' dir='ltr'>λίθος</span> <span class='ocrx_word' id='word_1_450' title='bbox 1098 3393 1137 3427; x_wconf 84' lang='grc' dir='ltr'>οὐ</span> <span class='ocrx_word' id='word_1_451' title='bbox 1168 3391 1270 3438; x_wconf 89' lang='grc' dir='ltr'>μόνον</span> 
     </span>
     <span class='ocr_line' id='line_1_65' title="bbox 218 3445 1269 3493; baseline -0.004 -10"><span class='ocrx_word' id='word_1_452' title='bbox 218 3449 339 3485; x_wconf 80' lang='grc' dir='ltr'>αὐτοὺς</span> <span class='ocrx_word' id='word_1_453' title='bbox 364 3449 442 3485; x_wconf 84' lang='grc' dir='ltr'>τούς</span> <span class='ocrx_word' id='word_1_454' title='bbox 471 3447 668 3484; x_wconf 80' lang='grc' dir='ltr'>δακτυλίους</span> <span class='ocrx_word' id='word_1_455' title='bbox 694 3446 769 3493; x_wconf 76' lang='grc' dir='ltr'>ι’ἷγει</span> <span class='ocrx_word' id='word_1_456' title='bbox 794 3445 872 3481; x_wconf 83' lang='grc' dir='ltr'>τοὺς</span> <span class='ocrx_word' id='word_1_457' title='bbox 899 3445 1070 3492; x_wconf 75' lang='grc' dir='ltr'>σιδηροῦς»</span> <span class='ocrx_word' id='word_1_458' title='bbox 1098 3445 1189 3480; x_wconf 81' lang='grc' dir='ltr'>ἀλλὰ</span> <span class='ocrx_word' id='word_1_459' title='bbox 1216 3446 1269 3480; x_wconf 85' lang='grc' dir='ltr'>καὶ</span> 
     </span>
     <span class='ocr_line' id='line_1_66' title="bbox 218 3497 1269 3547; baseline -0.003 -11"><span class='ocrx_word' id='word_1_460' title='bbox 218 3500 357 3547; x_wconf 71' lang='grc' dir='ltr'>δύναμιν</span> <span class='ocrx_word' id='word_1_461' title='bbox 391 3502 540 3546; x_wconf 79' lang='grc' dir='ltr'>ἐντίθησι</span> <span class='ocrx_word' id='word_1_462' title='bbox 575 3502 645 3538; x_wconf 79' lang='grc' dir='ltr'>τοῖς</span> <span class='ocrx_word' id='word_1_463' title='bbox 680 3499 881 3538; x_wconf 86' lang='grc' dir='ltr'>δακτυλίοις,</span> <span class='ocrx_word' id='word_1_464' title='bbox 911 3498 990 3533; x_wconf 82' lang='grc' dir='ltr'>ὥστ’</span> <span class='ocrx_word' id='word_1_465' title='bbox 1028 3497 1069 3534; x_wconf 83' lang='grc' dir='ltr'>αὐ</span> <span class='ocrx_word' id='word_1_466' title='bbox 1105 3497 1269 3534; x_wconf 71' lang='grc' dir='ltr'>δύνασθαι</span> 
     </span>
     <span class='ocr_line' id='line_1_67' title="bbox 217 3551 1290 3599; baseline -0.004 -7"><span class='ocrx_word' id='word_1_467' title='bbox 217 3556 340 3592; x_wconf 70' lang='grc' dir='ltr'>ταύτὸν</span> <span class='ocrx_word' id='word_1_468' title='bbox 356 3557 456 3592; x_wconf 85' lang='grc' dir='ltr'>τοῦτο</span> <span class='ocrx_word' id='word_1_469' title='bbox 472 3556 591 3598; x_wconf 80' lang='grc' dir='ltr'>ποιεῖν,</span> <span class='ocrx_word' id='word_1_470' title='bbox 611 3553 694 3595; x_wconf 85' lang='grc' dir='ltr'>ὅπερ</span> <span class='ocrx_word' id='word_1_471' title='bbox 717 3551 736 3597; x_wconf 91' lang='grc' dir='ltr'>ἡ</span> <span class='ocrx_word' id='word_1_472' title='bbox 755 3552 861 3596; x_wconf 85' lang='grc' dir='ltr'>λίθος,</span> <span class='ocrx_word' id='word_1_473' title='bbox 882 3551 1008 3588; x_wconf 78' lang='grc' dir='ltr'>ἄλλους</span> <span class='ocrx_word' id='word_1_474' title='bbox 1035 3552 1128 3599; x_wconf 81' lang='grc' dir='ltr'>ἆγειν</span> <span class='ocrx_word' id='word_1_475' title='bbox 1147 3553 1266 3588; x_wconf 87' lang='grc' dir='ltr'>δακτυ-</span> <span class='ocrx_word' id='word_1_476' title='bbox 1285 3552 1290 3566; x_wconf 83' lang='lat'>’</span> 
     </span>
    </p>
   </div>
   <div class='ocr_carea' id='block_1_13' title="bbox 1307 923 2368 1025">
    <p class='ocr_par' dir='ltr' id='par_1_24' title="bbox 1307 923 2368 1025">
     <span class='ocr_line' id='line_1_68' title="bbox 1307 923 2368 976; baseline 0.007 -17"><span class='ocrx_word' id='word_1_477' title='bbox 1307 923 1446 970; x_wconf 82' lang='grc' dir='ltr'>ἀσήμως</span> <span class='ocrx_word' id='word_1_478' title='bbox 1476 923 1514 968; x_wconf 84' lang='grc' dir='ltr'>ἐξ</span> <span class='ocrx_word' id='word_1_479' title='bbox 1545 923 1669 960; x_wconf 88' lang='grc' dir='ltr'>Οἰνέως</span> <span class='ocrx_word' id='word_1_480' title='bbox 1696 924 1894 973; x_wconf 83' lang='grc' dir='ltr'>Εὐριπίδου.</span> <span class='ocrx_word' id='word_1_481' title='bbox 1925 927 1944 961; x_wconf 87' lang='grc' dir='ltr'>ὁ</span> <span class='ocrx_word' id='word_1_482' title='bbox 1973 927 2011 963; x_wconf 83' lang='grc' dir='ltr'>δέ</span> <span class='ocrx_word' id='word_1_483' title='bbox 2040 926 2222 976; x_wconf 77' lang='grc' dir='ltr'>Σύμμαχος</span> <span class='ocrx_word' id='word_1_484' title='bbox 2249 929 2304 965; x_wconf 80' lang='grc' dir='ltr'>καὶ</span> <span class='ocrx_word' id='word_1_485' title='bbox 2331 929 2368 965; x_wconf 75' lang='grc' dir='ltr'>ἐκ</span> 
     </span>
     <span class='ocr_line' id='line_1_69' title="bbox 1307 978 1707 1025; baseline 0.003 -12"><span class='ocrx_word' id='word_1_486' title='bbox 1307 978 1466 1025; x_wconf 89' lang='grc' dir='ltr'>Τηλέφου</span> <span class='ocrx_word' id='word_1_487' title='bbox 1485 978 1596 1024; x_wconf 85' lang='grc' dir='ltr'>φησὶν</span> <span class='ocrx_word' id='word_1_488' title='bbox 1614 978 1707 1014; x_wconf 88' lang='grc' dir='ltr'>αὐτό.</span> 
     </span>
    </p>
   </div>
   <div class='ocr_carea' id='block_1_14' title="bbox 1784 1070 1891 1078">
    <p class='ocr_par' dir='ltr' id='par_1_25' title="bbox 1784 1070 1891 1078">
     <span class='ocr_line' id='line_1_70' title="bbox 1784 1070 1891 1078; baseline 0.009 -1"><span class='ocrx_word' id='word_1_489' title='bbox 1784 1070 1891 1078; x_wconf 77' lang='lat'>———-</span> 
     </span>
    </p>
   </div>
   <div class='ocr_carea' id='block_1_15' title="bbox 1722 1134 1970 1165">
    <p class='ocr_par' dir='ltr' id='par_1_26' title="bbox 1722 1134 1970 1165">
     <span class='ocr_line' id='line_1_71' title="bbox 1722 1134 1970 1165; baseline 0.008 -2"><span class='ocrx_word' id='word_1_490' title='bbox 1722 1134 1796 1164; x_wconf 91' lang='lat' dir='ltr'>OIN</span> <span class='ocrx_word' id='word_1_491' title='bbox 1804 1134 1970 1165; x_wconf 84' lang='grc' dir='ltr'>ΟΜΑΟΣ.</span> 
     </span>
    </p>
   </div>
   <div class='ocr_carea' id='block_1_16' title="bbox 1310 1209 2367 2987">
    <p class='ocr_par' dir='ltr' id='par_1_27' title="bbox 1310 1209 2367 2987">
     <span class='ocr_line' id='line_1_72' title="bbox 1364 1209 2013 1262; baseline 0 -13"><span class='ocrx_word' id='word_1_492' title='bbox 1364 1209 1491 1262; x_wconf 88' lang='grc'>(573.)</span> <span class='ocrx_word' id='word_1_493' title='bbox 1516 1228 1543 1249; x_wconf 86' lang='lat'>1.</span> <span class='ocrx_word' id='word_1_494' title='bbox 1574 1211 1745 1249; x_wconf 80' lang='lat' dir='ltr'>Stobaeus</span> <span class='ocrx_word' id='word_1_495' title='bbox 1765 1211 1955 1257; x_wconf 90' lang='lat' dir='ltr'>LXXVI,</span> <span class='ocrx_word' id='word_1_496' title='bbox 1976 1216 2013 1251; x_wconf 89' lang='lat'>2.</span> 
     </span>
     <span class='ocr_line' id='line_1_73' title="bbox 1414 1267 2105 1316; baseline 0.001 -12"><span class='ocrx_word' id='word_1_497' title='bbox 1414 1267 1594 1314; x_wconf 87' lang='grc' dir='ltr'>Ἀμηχανῶ</span> <span class='ocrx_word' id='word_1_498' title='bbox 1614 1267 1642 1303; x_wconf 83' lang='grc' dir='ltr'>δ’</span> <span class='ocrx_word' id='word_1_499' title='bbox 1663 1268 1772 1316; x_wconf 75' lang='grc' dir='ltr'>ἔγωγε</span> <span class='ocrx_word' id='word_1_500' title='bbox 1791 1268 1871 1304; x_wconf 89' lang='grc' dir='ltr'>κούκ</span> <span class='ocrx_word' id='word_1_501' title='bbox 1890 1269 1958 1315; x_wconf 82' lang='grc' dir='ltr'>ἔχω</span> <span class='ocrx_word' id='word_1_502' title='bbox 1976 1268 2105 1315; x_wconf 85' lang='grc' dir='ltr'>μαθεῖν,</span> 
     </span>
     <span class='ocr_line' id='line_1_74' title="bbox 1417 1321 2113 1370; baseline 0.003 -13"><span class='ocrx_word' id='word_1_503' title='bbox 1417 1321 1474 1357; x_wconf 81' lang='grc' dir='ltr'>εἴτ’</span> <span class='ocrx_word' id='word_1_504' title='bbox 1495 1321 1555 1358; x_wconf 78' lang='grc' dir='ltr'>οὐν</span> <span class='ocrx_word' id='word_1_505' title='bbox 1572 1322 1707 1369; x_wconf 76' lang='grc' dir='ltr'>ἄμεινόν</span> <span class='ocrx_word' id='word_1_506' title='bbox 1726 1323 1801 1358; x_wconf 87' lang='grc' dir='ltr'>ἐστι</span> <span class='ocrx_word' id='word_1_507' title='bbox 1818 1322 1997 1370; x_wconf 87' lang='grc' dir='ltr'>γίγνεσθαι</span> <span class='ocrx_word' id='word_1_508' title='bbox 2014 1323 2113 1359; x_wconf 83' lang='grc' dir='ltr'>τέκνα</span> 
     </span>
     <span class='ocr_line' id='line_1_75' title="bbox 1417 1374 2164 1423; baseline 0.001 -12"><span class='ocrx_word' id='word_1_509' title='bbox 1417 1376 1600 1423; x_wconf 79' lang='grc' dir='ltr'>θνητρῖσιν,</span> <span class='ocrx_word' id='word_1_510' title='bbox 1621 1374 1679 1411; x_wconf 77' lang='grc' dir='ltr'>εἴτ’</span> <span class='ocrx_word' id='word_1_511' title='bbox 1700 1376 1826 1412; x_wconf 73' lang='grc' dir='ltr'>ἄπαιδα</span> <span class='ocrx_word' id='word_1_512' title='bbox 1844 1377 2057 1423; x_wconf 84' lang='grc' dir='ltr'>καρποῦσθαι</span> <span class='ocrx_word' id='word_1_513' title='bbox 2073 1378 2164 1420; x_wconf 88' lang='grc' dir='ltr'>βίον.</span> 
     </span>
     <span class='ocr_line' id='line_1_76' title="bbox 1417 1427 2143 1478; baseline 0.004 -13"><span class='ocrx_word' id='word_1_514' title='bbox 1417 1432 1485 1478; x_wconf 87' lang='grc' dir='ltr'>ὁρῶ</span> <span class='ocrx_word' id='word_1_515' title='bbox 1503 1431 1581 1478; x_wconf 89' lang='grc' dir='ltr'>γὰρ,</span> <span class='ocrx_word' id='word_1_516' title='bbox 1601 1427 1652 1467; x_wconf 77' lang='grc' dir='ltr'>οἷς</span> <span class='ocrx_word' id='word_1_517' title='bbox 1668 1431 1730 1476; x_wconf 77' lang='grc' dir='ltr'>μὲν</span> <span class='ocrx_word' id='word_1_518' title='bbox 1748 1431 1807 1466; x_wconf 86' lang='grc' dir='ltr'>οὐκ</span> <span class='ocrx_word' id='word_1_519' title='bbox 1826 1431 1973 1477; x_wconf 71' lang='grc' dir='ltr'>ἔφυσαν,</span> <span class='ocrx_word' id='word_1_520' title='bbox 1993 1431 2143 1474; x_wconf 79' lang='grc' dir='ltr'>ἀθλίους,</span> 
     </span>
     <span class='ocr_line' id='line_1_77' title="bbox 1417 1484 2117 1532; baseline 0 -12"><span class='ocrx_word' id='word_1_521' title='bbox 1417 1484 1535 1521; x_wconf 80' lang='grc' dir='ltr'>ὅσοισι</span> <span class='ocrx_word' id='word_1_522' title='bbox 1554 1484 1583 1520; x_wconf 77' lang='grc' dir='ltr'>δ’</span> <span class='ocrx_word' id='word_1_523' title='bbox 1603 1484 1702 1526; x_wconf 77' lang='grc' dir='ltr'>εἰσὶν,</span> <span class='ocrx_word' id='word_1_524' title='bbox 1722 1485 1821 1520; x_wconf 78' lang='grc' dir='ltr'>οὐδὲν</span> <span class='ocrx_word' id='word_1_525' title='bbox 1839 1485 2117 1532; x_wconf 78' lang='grc' dir='ltr'>εὐτυχεστέρους.</span> 
     </span>
     <span class='ocr_line' id='line_1_78' title="bbox 1429 1539 2138 1587; baseline 0.001 -13"><span class='ocrx_word' id='word_1_526' title='bbox 1429 1540 1485 1574; x_wconf 85' lang='grc' dir='ltr'>καὶ</span> <span class='ocrx_word' id='word_1_527' title='bbox 1501 1539 1568 1586; x_wconf 86' lang='grc' dir='ltr'>γὰρ</span> <span class='ocrx_word' id='word_1_528' title='bbox 1587 1540 1681 1574; x_wconf 88' lang='grc' dir='ltr'>κακοὶ</span> <span class='ocrx_word' id='word_1_529' title='bbox 1698 1542 1844 1587; x_wconf 84' lang='grc' dir='ltr'>γεγῶτες</span> <span class='ocrx_word' id='word_1_530' title='bbox 1863 1539 2004 1585; x_wconf 82' lang='grc' dir='ltr'>ἐχθίστη</span> <span class='ocrx_word' id='word_1_531' title='bbox 2024 1541 2138 1582; x_wconf 79' lang='grc' dir='ltr'>νόσος,</span> 
     </span>
     <span class='ocr_line' id='line_1_79' title="bbox 1418 1591 2164 1641; baseline 0.003 -14"><span class='ocrx_word' id='word_1_532' title='bbox 1418 1593 1478 1628; x_wconf 84' lang='grc' dir='ltr'>κᾶν</span> <span class='ocrx_word' id='word_1_533' title='bbox 1496 1591 1538 1627; x_wconf 77' lang='grc' dir='ltr'>αὐ</span> <span class='ocrx_word' id='word_1_534' title='bbox 1555 1592 1719 1641; x_wconf 89' lang='grc' dir='ltr'>γένωνται</span> <span class='ocrx_word' id='word_1_535' title='bbox 1738 1594 1927 1641; x_wconf 89' lang='grc' dir='ltr'>σώφρονες,</span> <span class='ocrx_word' id='word_1_536' title='bbox 1948 1592 2049 1629; x_wconf 79' lang='grc' dir='ltr'>κακὸν</span> <span class='ocrx_word' id='word_1_537' title='bbox 2065 1594 2164 1641; x_wconf 87' lang='grc' dir='ltr'>μέγα·</span> 
     </span>
     <span class='ocr_line' id='line_1_80' title="bbox 1417 1646 2117 1694; baseline 0 -13"><span class='ocrx_word' id='word_1_538' title='bbox 1417 1649 1567 1682; x_wconf 81' lang='grc' dir='ltr'>λυποῦσι</span> <span class='ocrx_word' id='word_1_539' title='bbox 1585 1648 1645 1683; x_wconf 87' lang='grc' dir='ltr'>τὸν</span> <span class='ocrx_word' id='word_1_540' title='bbox 1663 1646 1835 1694; x_wconf 80' lang='grc' dir='ltr'>φύσαντα,</span> <span class='ocrx_word' id='word_1_541' title='bbox 1855 1646 1899 1692; x_wconf 79' lang='grc' dir='ltr'>μὴ</span> <span class='ocrx_word' id='word_1_542' title='bbox 1918 1647 2055 1683; x_wconf 86' lang='grc' dir='ltr'>πάθωσί</span> <span class='ocrx_word' id='word_1_543' title='bbox 2072 1662 2117 1683; x_wconf 90' lang='grc' dir='ltr'>τι.</span> 
     </span>
     <span class='ocr_line' id='line_1_81' title="bbox 1367 1696 1967 1750; baseline 0.002 -15"><span class='ocrx_word' id='word_1_544' title='bbox 1367 1696 1493 1750; x_wconf 88' lang='grc'>(574.)</span> <span class='ocrx_word' id='word_1_545' title='bbox 1515 1714 1547 1736; x_wconf 88' lang='lat'>2.</span> <span class='ocrx_word' id='word_1_546' title='bbox 1578 1698 1749 1736; x_wconf 85' lang='lat' dir='ltr'>Stobaeus</span> <span class='ocrx_word' id='word_1_547' title='bbox 1767 1698 1910 1743; x_wconf 87' lang='lat' dir='ltr'>LVIII,</span> <span class='ocrx_word' id='word_1_548' title='bbox 1931 1701 1967 1736; x_wconf 85' lang='lat'>5.</span> 
     </span>
     <span class='ocr_line' id='line_1_82' title="bbox 1417 1753 2328 1804; baseline 0.002 -14"><span class='ocrx_word' id='word_1_549' title='bbox 1417 1753 1458 1790; x_wconf 79' lang='lat' dir='ltr'>‘O</span> <span class='ocrx_word' id='word_1_550' title='bbox 1476 1757 1624 1791; x_wconf 91' lang='grc' dir='ltr'>πλεῖστα</span> <span class='ocrx_word' id='word_1_551' title='bbox 1641 1755 1811 1802; x_wconf 88' lang='grc' dir='ltr'>πράσσων</span> <span class='ocrx_word' id='word_1_552' title='bbox 1823 1753 1964 1790; x_wconf 87' lang='grc' dir='ltr'>πλεῖσθ’</span> <span class='ocrx_word' id='word_1_553' title='bbox 1985 1754 2165 1802; x_wconf 86' lang='grc' dir='ltr'>ἁμαρτάνει</span> <span class='ocrx_word' id='word_1_554' title='bbox 2181 1757 2328 1804; x_wconf 87' lang='grc' dir='ltr'>βροτῶν.</span> 
     </span>
     <span class='ocr_line' id='line_1_83' title="bbox 1367 1805 2367 1857; baseline 0 -13"><span class='ocrx_word' id='word_1_555' title='bbox 1367 1805 1496 1856; x_wconf 89' lang='grc'>(575.)</span> <span class='ocrx_word' id='word_1_556' title='bbox 1523 1823 1555 1852; x_wconf 82' lang='lat'>3.</span> <span class='ocrx_word' id='word_1_557' title='bbox 1595 1806 1726 1843; x_wconf 86' lang='lat' dir='ltr'><strong>Orion.</strong></span> <span class='ocrx_word' id='word_1_558' title='bbox 1755 1806 1990 1856; x_wconf 88' lang='lat' dir='ltr'><strong>Anthologn.</strong></span> <span class='ocrx_word' id='word_1_559' title='bbox 2018 1806 2068 1849; x_wconf 88' lang='lat' dir='ltr'>V,</span> <span class='ocrx_word' id='word_1_560' title='bbox 2098 1809 2135 1853; x_wconf 89' lang='grc'>5,</span> <span class='ocrx_word' id='word_1_561' title='bbox 2163 1820 2200 1857; x_wconf 86' lang='lat' dir='ltr'>p.</span> <span class='ocrx_word' id='word_1_562' title='bbox 2229 1809 2279 1846; x_wconf 90' lang='lat'>47</span> <span class='ocrx_word' id='word_1_563' title='bbox 2307 1806 2367 1845; x_wconf 87' lang='lat' dir='ltr'>ed.</span> 
     </span>
     <span class='ocr_line' id='line_1_84' title="bbox 1314 1859 1545 1898; baseline 0.004 -1"><span class='ocrx_word' id='word_1_564' title='bbox 1314 1859 1545 1898; x_wconf 85' lang='lat' dir='ltr'>Schneidew.</span> 
     </span>
     <span class='ocr_line' id='line_1_85' title="bbox 1420 1915 2284 1966; baseline 0.005 -16"><span class='ocrx_word' id='word_1_565' title='bbox 1420 1915 1509 1964; x_wconf 85' lang='grc' dir='ltr'>Ἐγὼ</span> <span class='ocrx_word' id='word_1_566' title='bbox 1527 1916 1599 1962; x_wconf 84' lang='grc' dir='ltr'>μὲν,</span> <span class='ocrx_word' id='word_1_567' title='bbox 1621 1915 1687 1951; x_wconf 80' lang='grc' dir='ltr'>εὖτ’</span> <span class='ocrx_word' id='word_1_568' title='bbox 1708 1916 1748 1952; x_wconf 86' lang='grc' dir='ltr'>ἂν</span> <span class='ocrx_word' id='word_1_569' title='bbox 1766 1915 1844 1952; x_wconf 80' lang='grc' dir='ltr'>τοὺς</span> <span class='ocrx_word' id='word_1_570' title='bbox 1863 1915 1982 1952; x_wconf 81' lang='grc' dir='ltr'>κακοὺς</span> <span class='ocrx_word' id='word_1_571' title='bbox 2001 1917 2069 1964; x_wconf 89' lang='grc' dir='ltr'>ὁρῶ</span> <span class='ocrx_word' id='word_1_572' title='bbox 2085 1918 2222 1964; x_wconf 80' lang='grc' dir='ltr'>βροτῶν</span> <span class='ocrx_word' id='word_1_573' title='bbox 2281 1963 2284 1966; x_wconf 14' lang='grc' dir='ltr'><strong><em>ἢ</em></strong></span> 
     </span>
     <span class='ocr_line' id='line_1_86' title="bbox 1418 1967 2137 2018; baseline 0.001 -13"><span class='ocrx_word' id='word_1_574' title='bbox 1418 1970 1615 2010; x_wconf 78' lang='grc' dir='ltr'>πίπτοντας,</span> <span class='ocrx_word' id='word_1_575' title='bbox 1636 1967 1720 2006; x_wconf 84' lang='grc' dir='ltr'>εἶναι’</span> <span class='ocrx_word' id='word_1_576' title='bbox 1737 1971 1826 2017; x_wconf 89' lang='grc' dir='ltr'>φημι</span> <span class='ocrx_word' id='word_1_577' title='bbox 1844 1970 2012 2012; x_wconf 87' lang='grc' dir='ltr'>δαιμόνων</span> <span class='ocrx_word' id='word_1_578' title='bbox 2029 1970 2137 2018; x_wconf 87' lang='grc' dir='ltr'>γένος.</span> 
     </span>
     <span class='ocr_line' id='line_1_87' title="bbox 1369 2020 1970 2071; baseline 0 -13"><span class='ocrx_word' id='word_1_579' title='bbox 1369 2020 1494 2071; x_wconf 87' lang='grc'>(576.)</span> <span class='ocrx_word' id='word_1_580' title='bbox 1513 2038 1547 2068; x_wconf 80' lang='lat'>4.</span> <span class='ocrx_word' id='word_1_581' title='bbox 1578 2022 1750 2059; x_wconf 82' lang='lat' dir='ltr'>Stobaeus</span> <span class='ocrx_word' id='word_1_582' title='bbox 1767 2021 1911 2063; x_wconf 87' lang='lat' dir='ltr'>XCIX,</span> <span class='ocrx_word' id='word_1_583' title='bbox 1935 2023 1970 2059; x_wconf 91' lang='grc'>8.</span> 
     </span>
     <span class='ocr_line' id='line_1_88' title="bbox 1411 2076 2119 2125; baseline 0.001 -12"><span class='ocrx_word' id='word_1_584' title='bbox 1411 2076 1475 2113; x_wconf 83' lang='lat' dir='ltr'>‘&#39;Ev</span> <span class='ocrx_word' id='word_1_585' title='bbox 1493 2078 1568 2113; x_wconf 86' lang='grc' dir='ltr'>ἐστι</span> <span class='ocrx_word' id='word_1_586' title='bbox 1586 2078 1720 2113; x_wconf 87' lang='grc' dir='ltr'>πάντων</span> <span class='ocrx_word' id='word_1_587' title='bbox 1737 2081 1873 2125; x_wconf 89' lang='grc' dir='ltr'>πρῶτον</span> <span class='ocrx_word' id='word_1_588' title='bbox 1891 2077 2013 2112; x_wconf 81' lang='grc' dir='ltr'>εἰδέναι</span> <span class='ocrx_word' id='word_1_589' title='bbox 2030 2078 2119 2120; x_wconf 86' lang='grc' dir='ltr'>τόδε,</span> 
     </span>
     <span class='ocr_line' id='line_1_89' title="bbox 1418 2131 2154 2179; baseline 0.001 -13"><span class='ocrx_word' id='word_1_590' title='bbox 1418 2132 1537 2178; x_wconf 90' lang='grc' dir='ltr'>φέρειν</span> <span class='ocrx_word' id='word_1_591' title='bbox 1555 2132 1597 2166; x_wconf 86' lang='grc' dir='ltr'>τὰ</span> <span class='ocrx_word' id='word_1_592' title='bbox 1615 2132 1853 2178; x_wconf 85' lang='grc' dir='ltr'>συμπίπτοντα</span> <span class='ocrx_word' id='word_1_593' title='bbox 1870 2131 1915 2177; x_wconf 88' lang='grc' dir='ltr'>μὴ</span> <span class='ocrx_word' id='word_1_594' title='bbox 1929 2133 2154 2179; x_wconf 85' lang='grc' dir='ltr'>παλιγκότως.</span> 
     </span>
     <span class='ocr_line' id='line_1_90' title="bbox 1415 2183 2164 2234; baseline 0.001 -14"><span class='ocrx_word' id='word_1_595' title='bbox 1415 2185 1538 2232; x_wconf 79' lang='grc' dir='ltr'>χούτός</span> <span class='ocrx_word' id='word_1_596' title='bbox 1555 2185 1588 2233; x_wconf 87' lang='grc' dir='ltr'>γ’</span> <span class='ocrx_word' id='word_1_597' title='bbox 1607 2186 1690 2233; x_wconf 81' lang='grc' dir='ltr'>ἀνὴρ</span> <span class='ocrx_word' id='word_1_598' title='bbox 1709 2186 1860 2234; x_wconf 72' lang='grc' dir='ltr'>ἄριστος,</span> <span class='ocrx_word' id='word_1_599' title='bbox 1879 2183 1916 2220; x_wconf 83' lang='grc' dir='ltr'>αἵ</span> <span class='ocrx_word' id='word_1_600' title='bbox 1930 2201 1969 2221; x_wconf 91' lang='grc' dir='ltr'>τε</span> <span class='ocrx_word' id='word_1_601' title='bbox 1986 2186 2164 2234; x_wconf 71' lang='grc' dir='ltr'>συμφοραὶ</span> 
     </span>
     <span class='ocr_line' id='line_1_91' title="bbox 1417 2240 2200 2288; baseline 0 -12"><span class='ocrx_word' id='word_1_602' title='bbox 1417 2240 1530 2285; x_wconf 79' lang='grc' dir='ltr'>ἧσσον</span> <span class='ocrx_word' id='word_1_603' title='bbox 1549 2240 1742 2276; x_wconf 88' lang='grc' dir='ltr'>δάκνουσιν·</span> <span class='ocrx_word' id='word_1_604' title='bbox 1771 2240 1861 2275; x_wconf 83' lang='grc' dir='ltr'>ἀλλὰ</span> <span class='ocrx_word' id='word_1_605' title='bbox 1879 2242 1984 2275; x_wconf 83' lang='grc' dir='ltr'>ταῦτα</span> <span class='ocrx_word' id='word_1_606' title='bbox 2001 2240 2068 2287; x_wconf 81' lang='grc' dir='ltr'>γὰρ</span> <span class='ocrx_word' id='word_1_607' title='bbox 2085 2240 2200 2288; x_wconf 86' lang='grc' dir='ltr'>λέγειν</span> 
     </span>
     <span class='ocr_line' id='line_1_92' title="bbox 1418 2293 2116 2341; baseline 0.003 -13"><span class='ocrx_word' id='word_1_608' title='bbox 1418 2294 1665 2340; x_wconf 82' lang='grc' dir='ltr'>ἐπιστάμεσθα,</span> <span class='ocrx_word' id='word_1_609' title='bbox 1685 2295 1769 2341; x_wconf 83' lang='grc' dir='ltr'>δρᾶν</span> <span class='ocrx_word' id='word_1_610' title='bbox 1787 2293 1816 2329; x_wconf 87' lang='grc' dir='ltr'>δ’</span> <span class='ocrx_word' id='word_1_611' title='bbox 1835 2293 2014 2340; x_wconf 82' lang='grc' dir='ltr'>ἀμηχανῶς</span> <span class='ocrx_word' id='word_1_612' title='bbox 2032 2294 2116 2340; x_wconf 81' lang='grc' dir='ltr'>ἔχει.</span> 
     </span>
     <span class='ocr_line' id='line_1_93' title="bbox 1364 2343 1968 2394; baseline 0 -12"><span class='ocrx_word' id='word_1_613' title='bbox 1364 2343 1491 2394; x_wconf 87' lang='grc'>(577.)</span> <span class='ocrx_word' id='word_1_614' title='bbox 1514 2362 1545 2392; x_wconf 84' lang='lat'>5.</span> <span class='ocrx_word' id='word_1_615' title='bbox 1577 2345 1748 2382; x_wconf 85' lang='lat' dir='ltr'>Stobaeus</span> <span class='ocrx_word' id='word_1_616' title='bbox 1768 2344 1910 2387; x_wconf 88' lang='lat' dir='ltr'>CXVI,</span> <span class='ocrx_word' id='word_1_617' title='bbox 1931 2347 1968 2382; x_wconf 91' lang='lat'>5.</span> 
     </span>
     <span class='ocr_line' id='line_1_94' title="bbox 1411 2400 2134 2446; baseline 0.001 -10"><span class='ocrx_word' id='word_1_618' title='bbox 1411 2400 1535 2438; x_wconf 75' lang='grc' dir='ltr'>’Ὅστις</span> <span class='ocrx_word' id='word_1_619' title='bbox 1553 2402 1590 2437; x_wconf 80' lang='grc' dir='ltr'>δὲ</span> <span class='ocrx_word' id='word_1_620' title='bbox 1609 2401 1737 2445; x_wconf 87' lang='grc' dir='ltr'>θνητῶν</span> <span class='ocrx_word' id='word_1_621' title='bbox 1753 2400 1916 2444; x_wconf 77' lang='grc' dir='ltr'>βούλεται</span> <span class='ocrx_word' id='word_1_622' title='bbox 1935 2401 2134 2446; x_wconf 84' lang='grc' dir='ltr'>δυσώνυμον</span> 
     </span>
     <span class='ocr_line' id='line_1_95' title="bbox 1418 2455 2118 2503; baseline 0.003 -13"><span class='ocrx_word' id='word_1_623' title='bbox 1418 2456 1464 2492; x_wconf 86' lang='grc' dir='ltr'>εἰς</span> <span class='ocrx_word' id='word_1_624' title='bbox 1481 2457 1588 2503; x_wconf 85' lang='grc' dir='ltr'>γῆρας</span> <span class='ocrx_word' id='word_1_625' title='bbox 1606 2455 1730 2497; x_wconf 84' lang='grc' dir='ltr'>ἐλθεῖν,</span> <span class='ocrx_word' id='word_1_626' title='bbox 1751 2455 1791 2490; x_wconf 87' lang='grc' dir='ltr'>οὐ</span> <span class='ocrx_word' id='word_1_627' title='bbox 1808 2455 1979 2502; x_wconf 82' lang='grc' dir='ltr'>λογίζεται</span> <span class='ocrx_word' id='word_1_628' title='bbox 1997 2457 2118 2492; x_wconf 83' lang='grc' dir='ltr'>καλῶς.</span> 
     </span>
     <span class='ocr_line' id='line_1_96' title="bbox 1415 2508 2155 2557; baseline 0.001 -13"><span class='ocrx_word' id='word_1_629' title='bbox 1415 2510 1542 2556; x_wconf 85' lang='grc' dir='ltr'>μακρὸς</span> <span class='ocrx_word' id='word_1_630' title='bbox 1558 2510 1625 2557; x_wconf 88' lang='grc' dir='ltr'>γὰρ</span> <span class='ocrx_word' id='word_1_631' title='bbox 1644 2509 1725 2545; x_wconf 83' lang='grc' dir='ltr'>αἰὼν</span> <span class='ocrx_word' id='word_1_632' title='bbox 1741 2509 1882 2555; x_wconf 86' lang='grc' dir='ltr'>μυρίους</span> <span class='ocrx_word' id='word_1_633' title='bbox 1898 2508 2002 2544; x_wconf 78' lang='grc' dir='ltr'>τίκτει</span> <span class='ocrx_word' id='word_1_634' title='bbox 2019 2510 2155 2547; x_wconf 84' lang='grc' dir='ltr'>πόνους.</span> 
     </span>
     <span class='ocr_line' id='line_1_97' title="bbox 1364 2559 2000 2609; baseline 0 -12"><span class='ocrx_word' id='word_1_635' title='bbox 1364 2559 1491 2609; x_wconf 88' lang='grc'>(578.)</span> <span class='ocrx_word' id='word_1_636' title='bbox 1511 2567 1543 2599; x_wconf 91' lang='grc'>6.</span> <span class='ocrx_word' id='word_1_637' title='bbox 1575 2561 1747 2598; x_wconf 82' lang='lat' dir='ltr'>Stobaeus</span> <span class='ocrx_word' id='word_1_638' title='bbox 1767 2560 1942 2602; x_wconf 90' lang='lat' dir='ltr'>CXXII,</span> <span class='ocrx_word' id='word_1_639' title='bbox 1964 2562 2000 2597; x_wconf 87' lang='lat'>8.</span> 
     </span>
     <span class='ocr_line' id='line_1_98' title="bbox 1417 2615 2123 2664; baseline -0.003 -12"><span class='ocrx_word' id='word_1_640' title='bbox 1417 2615 1514 2652; x_wconf 87' lang='grc' dir='ltr'>Ἀλλ’</span> <span class='ocrx_word' id='word_1_641' title='bbox 1536 2618 1611 2652; x_wconf 79' lang='grc' dir='ltr'>ἔστι</span> <span class='ocrx_word' id='word_1_642' title='bbox 1628 2618 1695 2664; x_wconf 84' lang='grc' dir='ltr'>γὰρ</span> <span class='ocrx_word' id='word_1_643' title='bbox 1714 2616 1754 2661; x_wconf 89' lang='grc' dir='ltr'>δὴ</span> <span class='ocrx_word' id='word_1_644' title='bbox 1774 2616 1834 2651; x_wconf 84' lang='grc' dir='ltr'>κάν</span> <span class='ocrx_word' id='word_1_645' title='bbox 1851 2618 2005 2651; x_wconf 85' lang='grc' dir='ltr'>κακοῖσιν</span> <span class='ocrx_word' id='word_1_646' title='bbox 2022 2615 2123 2662; x_wconf 85' lang='grc' dir='ltr'>ἡδονὴ</span> 
     </span>
     <span class='ocr_line' id='line_1_99' title="bbox 1419 2668 2120 2717; baseline -0.001 -12"><span class='ocrx_word' id='word_1_647' title='bbox 1419 2670 1561 2716; x_wconf 83' lang='grc' dir='ltr'>θνητοῖς,</span> <span class='ocrx_word' id='word_1_648' title='bbox 1582 2670 1723 2717; x_wconf 78' lang='grc' dir='ltr'>ὀδυρμοὶ</span> <span class='ocrx_word' id='word_1_649' title='bbox 1742 2668 1893 2717; x_wconf 76' lang='grc' dir='ltr'>δακρύων</span> <span class='ocrx_word' id='word_1_650' title='bbox 1910 2671 1939 2705; x_wconf 85' lang='grc' dir='ltr'>τ’</span> <span class='ocrx_word' id='word_1_651' title='bbox 1953 2670 2120 2717; x_wconf 87' lang='grc' dir='ltr'>ε’πιρροαί.</span> 
     </span>
     <span class='ocr_line' id='line_1_100' title="bbox 1418 2723 2110 2772; baseline 0 -14"><span class='ocrx_word' id='word_1_652' title='bbox 1418 2724 1608 2772; x_wconf 86' lang='grc' dir='ltr'>ἀλγηδόνας</span> <span class='ocrx_word' id='word_1_653' title='bbox 1626 2725 1663 2759; x_wconf 81' lang='grc' dir='ltr'>δὲ</span> <span class='ocrx_word' id='word_1_654' title='bbox 1682 2726 1786 2759; x_wconf 88' lang='grc' dir='ltr'>ταῦτα</span> <span class='ocrx_word' id='word_1_655' title='bbox 1804 2723 1958 2770; x_wconf 81' lang='grc' dir='ltr'>κουφίζει</span> <span class='ocrx_word' id='word_1_656' title='bbox 1976 2724 2110 2770; x_wconf 87' lang='grc' dir='ltr'>φρενῶν</span> 
     </span>
     <span class='ocr_line' id='line_1_101' title="bbox 1417 2777 2104 2826; baseline -0.001 -13"><span class='ocrx_word' id='word_1_657' title='bbox 1417 2779 1470 2813; x_wconf 78' lang='grc' dir='ltr'>καὶ</span> <span class='ocrx_word' id='word_1_658' title='bbox 1489 2779 1625 2826; x_wconf 89' lang='grc' dir='ltr'>καρδίας</span> <span class='ocrx_word' id='word_1_659' title='bbox 1643 2779 1751 2814; x_wconf 78' lang='grc' dir='ltr'>ἔλυσε</span> <span class='ocrx_word' id='word_1_660' title='bbox 1769 2778 1848 2814; x_wconf 80' lang='grc' dir='ltr'>τοὺς</span> <span class='ocrx_word' id='word_1_661' title='bbox 1865 2777 1951 2824; x_wconf 76' lang='grc' dir='ltr'>ἄγαν</span> <span class='ocrx_word' id='word_1_662' title='bbox 1967 2778 2104 2814; x_wconf 89' lang='grc' dir='ltr'>πόνους.</span> 
     </span>
     <span class='ocr_line' id='line_1_102' title="bbox 1364 2828 2362 2879; baseline 0.003 -14"><span class='ocrx_word' id='word_1_663' title='bbox 1364 2828 1488 2878; x_wconf 85' lang='grc'>(579.)</span> <span class='ocrx_word' id='word_1_664' title='bbox 1512 2845 1543 2876; x_wconf 86' lang='lat'>7.</span> <span class='ocrx_word' id='word_1_665' title='bbox 1574 2829 1692 2868; x_wconf 88' lang='lat' dir='ltr'><strong>Clem.</strong></span> <span class='ocrx_word' id='word_1_666' title='bbox 1722 2829 1830 2867; x_wconf 88' lang='lat' dir='ltr'><strong>Alex.</strong></span> <span class='ocrx_word' id='word_1_667' title='bbox 1861 2831 1999 2866; x_wconf 84' lang='lat' dir='ltr'>Strom.</span> <span class='ocrx_word' id='word_1_668' title='bbox 2029 2828 2099 2871; x_wconf 89' lang='lat' dir='ltr'>VI,</span> <span class='ocrx_word' id='word_1_669' title='bbox 2126 2829 2162 2871; x_wconf 78' lang='lat'>2,</span> <span class='ocrx_word' id='word_1_670' title='bbox 2188 2831 2208 2874; x_wconf 80' lang='lat'><em>§</em></span> <span class='ocrx_word' id='word_1_671' title='bbox 2239 2831 2299 2872; x_wconf 86' lang='lat'>18,</span> <span class='ocrx_word' id='word_1_672' title='bbox 2323 2841 2362 2879; x_wconf 90' lang='lat' dir='ltr'>p.</span> 
     </span>
     <span class='ocr_line' id='line_1_103' title="bbox 1310 2883 2256 2933; baseline 0.002 -14"><span class='ocrx_word' id='word_1_673' title='bbox 1310 2884 1385 2923; x_wconf 86' lang='grc'>746</span> <span class='ocrx_word' id='word_1_674' title='bbox 1405 2883 1447 2920; x_wconf 89' lang='grc' dir='ltr'>Ρ.</span> <span class='ocrx_word' id='word_1_675' title='bbox 1477 2886 1662 2933; x_wconf 78' lang='grc' dir='ltr'>Εὐριπίδου</span> <span class='ocrx_word' id='word_1_676' title='bbox 1681 2885 1718 2920; x_wconf 80' lang='grc' dir='ltr'>ἐν</span> <span class='ocrx_word' id='word_1_677' title='bbox 1734 2885 1796 2931; x_wconf 75' lang='grc' dir='ltr'>μὲν</span> <span class='ocrx_word' id='word_1_678' title='bbox 1814 2887 1860 2933; x_wconf 80' lang='grc' dir='ltr'>τῷ</span> <span class='ocrx_word' id='word_1_679' title='bbox 1880 2885 2033 2932; x_wconf 77' lang='grc' dir='ltr'>Οἰνομάῳ</span> <span class='ocrx_word' id='word_1_680' title='bbox 2051 2884 2256 2932; x_wconf 78' lang='grc' dir='ltr'>γράφοντος·</span> 
     </span>
     <span class='ocr_line' id='line_1_104' title="bbox 1411 2938 2102 2987; baseline 0 -13"><span class='ocrx_word' id='word_1_681' title='bbox 1411 2939 1683 2987; x_wconf 87' lang='grc' dir='ltr'>τεκμαιρόμεσθα</span> <span class='ocrx_word' id='word_1_682' title='bbox 1700 2941 1771 2976; x_wconf 86' lang='grc' dir='ltr'>τοῖς</span> <span class='ocrx_word' id='word_1_683' title='bbox 1788 2941 1937 2986; x_wconf 80' lang='grc' dir='ltr'>παροῦσι</span> <span class='ocrx_word' id='word_1_684' title='bbox 1955 2938 2102 2985; x_wconf 81' lang='grc' dir='ltr'>τάφανῆ.</span> 
     </span>
    </p>
   </div>
   <div class='ocr_carea' id='block_1_17' title="bbox 1732 3043 1943 3052">
    <p class='ocr_par' dir='ltr' id='par_1_28' title="bbox 1732 3043 1943 3052">
     <span class='ocr_line' id='line_1_105' title="bbox 1732 3043 1943 3052; baseline 0 808"><span class='ocrx_word' id='word_1_685' title='bbox 1732 3043 1943 3052; x_wconf 95' lang='lat' dir='ltr'> </span> 
     </span>
    </p>
   </div>
   <div class='ocr_carea' id='block_1_18' title="bbox 1359 3112 2360 3224">
    <p class='ocr_par' dir='ltr' id='par_1_29' title="bbox 1359 3112 2360 3224">
     <span class='ocr_line' id='line_1_106' title="bbox 1686 3112 1989 3144; baseline -0.007 0"><span class='ocrx_word' id='word_1_686' title='bbox 1686 3112 1989 3144; x_wconf 79' lang='grc' dir='ltr'>ΠΑΛΑΜΗΔΗΣ.</span> 
     </span>
     <span class='ocr_line' id='line_1_107' title="bbox 1359 3172 2360 3224; baseline 0.002 -14"><span class='ocrx_word' id='word_1_687' title='bbox 1359 3172 1486 3224; x_wconf 86' lang='grc'>(580.)</span> <span class='ocrx_word' id='word_1_688' title='bbox 1509 3190 1540 3212; x_wconf 89' lang='lat'>1.</span> <span class='ocrx_word' id='word_1_689' title='bbox 1568 3174 1705 3212; x_wconf 84' lang='lat' dir='ltr'>Strabo</span> <span class='ocrx_word' id='word_1_690' title='bbox 1725 3176 1775 3217; x_wconf 91' lang='lat' dir='ltr'>X,</span> <span class='ocrx_word' id='word_1_691' title='bbox 1795 3189 1832 3224; x_wconf 88' lang='lat' dir='ltr'>p.</span> <span class='ocrx_word' id='word_1_692' title='bbox 1856 3176 1931 3214; x_wconf 81' lang='lat'>720</span> <span class='ocrx_word' id='word_1_693' title='bbox 1951 3174 1995 3212; x_wconf 87' lang='lat' dir='ltr'>C.</span> <span class='ocrx_word' id='word_1_694' title='bbox 2015 3172 2117 3212; x_wconf 85' lang='lat' dir='ltr'><strong>Alm.</strong></span> <span class='ocrx_word' id='word_1_695' title='bbox 2151 3175 2219 3222; x_wconf 79' lang='grc' dir='ltr'>Τὴν</span> <span class='ocrx_word' id='word_1_696' title='bbox 2245 3189 2360 3212; x_wconf 80' lang='grc' dir='ltr'>κοινω·</span> 
     </span>
    </p>
   </div>
   <div class='ocr_carea' id='block_1_19' title="bbox 1304 3230 2361 3547">
    <p class='ocr_par' dir='ltr' id='par_1_30' title="bbox 1304 3230 2361 3547">
     <span class='ocr_line' id='line_1_108' title="bbox 1305 3230 2359 3279; baseline 0.001 -15"><span class='ocrx_word' id='word_1_697' title='bbox 1305 3230 1377 3265; x_wconf 89' lang='grc' dir='ltr'>νίαν</span> <span class='ocrx_word' id='word_1_698' title='bbox 1394 3233 1461 3265; x_wconf 85' lang='grc' dir='ltr'>τῶν</span> <span class='ocrx_word' id='word_1_699' title='bbox 1478 3231 1556 3277; x_wconf 86' lang='grc' dir='ltr'>περὶ</span> <span class='ocrx_word' id='word_1_700' title='bbox 1575 3231 1634 3266; x_wconf 89' lang='grc' dir='ltr'>τὸν</span> <span class='ocrx_word' id='word_1_701' title='bbox 1653 3232 1820 3267; x_wconf 89' lang='grc' dir='ltr'>Διόνυσον</span> <span class='ocrx_word' id='word_1_702' title='bbox 1847 3230 2115 3276; x_wconf 80' lang='grc' dir='ltr'>ἀποδειχθέντων</span> <span class='ocrx_word' id='word_1_703' title='bbox 2143 3231 2240 3279; x_wconf 77' lang='grc' dir='ltr'>ἱερῶν</span> <span class='ocrx_word' id='word_1_704' title='bbox 2265 3230 2359 3276; x_wconf 84' lang='grc' dir='ltr'>νομί-</span> 
     </span>
     <span class='ocr_line' id='line_1_109' title="bbox 1304 3283 2361 3333; baseline 0.001 -15"><span class='ocrx_word' id='word_1_705' title='bbox 1304 3298 1376 3330; x_wconf 89' lang='grc' dir='ltr'>μων</span> <span class='ocrx_word' id='word_1_706' title='bbox 1393 3284 1484 3330; x_wconf 84' lang='grc' dir='ltr'>παρὰ</span> <span class='ocrx_word' id='word_1_707' title='bbox 1508 3286 1578 3320; x_wconf 88' lang='grc' dir='ltr'>τοῖς</span> <span class='ocrx_word' id='word_1_708' title='bbox 1590 3284 1742 3330; x_wconf 84' lang='grc' dir='ltr'>Ἕλλησι</span> <span class='ocrx_word' id='word_1_709' title='bbox 1770 3285 1823 3320; x_wconf 80' lang='grc' dir='ltr'>καὶ</span> <span class='ocrx_word' id='word_1_710' title='bbox 1850 3289 1917 3320; x_wconf 86' lang='grc' dir='ltr'>τῶν</span> <span class='ocrx_word' id='word_1_711' title='bbox 1942 3285 2034 3332; x_wconf 84' lang='grc' dir='ltr'>παρὰ</span> <span class='ocrx_word' id='word_1_712' title='bbox 2060 3286 2130 3321; x_wconf 85' lang='grc' dir='ltr'>τοῖς</span> <span class='ocrx_word' id='word_1_713' title='bbox 2148 3283 2254 3333; x_wconf 70' lang='grc' dir='ltr'>Φρυξὶ</span> <span class='ocrx_word' id='word_1_714' title='bbox 2281 3283 2361 3331; x_wconf 77' lang='grc' dir='ltr'>περὶ</span> 
     </span>
     <span class='ocr_line' id='line_1_110' title="bbox 1304 3337 2360 3385; baseline 0 -12"><span class='ocrx_word' id='word_1_715' title='bbox 1304 3338 1364 3382; x_wconf 81' lang='grc' dir='ltr'>τὴν</span> <span class='ocrx_word' id='word_1_716' title='bbox 1381 3337 1508 3383; x_wconf 87' lang='grc' dir='ltr'>μητέρα</span> <span class='ocrx_word' id='word_1_717' title='bbox 1525 3341 1592 3373; x_wconf 88' lang='grc' dir='ltr'>τῶν</span> <span class='ocrx_word' id='word_1_718' title='bbox 1610 3338 1695 3374; x_wconf 90' lang='grc' dir='ltr'>θεῶν</span> <span class='ocrx_word' id='word_1_719' title='bbox 1720 3342 1914 3374; x_wconf 86' lang='grc' dir='ltr'>συνοικειῶν</span> <span class='ocrx_word' id='word_1_720' title='bbox 1937 3337 2102 3384; x_wconf 79' lang='grc' dir='ltr'>ἀλλήλοις</span> <span class='ocrx_word' id='word_1_721' title='bbox 2123 3337 2307 3385; x_wconf 79' lang='grc' dir='ltr'>Εὐριπίδης</span> <span class='ocrx_word' id='word_1_722' title='bbox 2322 3351 2360 3373; x_wconf 78' lang='grc' dir='ltr'>τε</span> 
     </span>
     <span class='ocr_line' id='line_1_111' title="bbox 1306 3386 2360 3439; baseline -0.001 -13"><span class='ocrx_word' id='word_1_723' title='bbox 1306 3391 1342 3427; x_wconf 86' lang='grc' dir='ltr'>ἐν</span> <span class='ocrx_word' id='word_1_724' title='bbox 1359 3392 1431 3427; x_wconf 86' lang='grc' dir='ltr'>ταῖς</span> <span class='ocrx_word' id='word_1_725' title='bbox 1450 3391 1596 3437; x_wconf 89' lang='grc' dir='ltr'>Βάκχαις</span> <span class='ocrx_word' id='word_1_726' title='bbox 1614 3392 1657 3427; x_wconf 83' lang='grc' dir='ltr'>τὰ</span> <span class='ocrx_word' id='word_1_727' title='bbox 1674 3391 1898 3439; x_wconf 82' lang='grc' dir='ltr'>παραπλήσια</span> <span class='ocrx_word' id='word_1_728' title='bbox 1914 3393 2003 3428; x_wconf 89' lang='grc' dir='ltr'>ποιεῖ</span> <span class='ocrx_word' id='word_1_729' title='bbox 2023 3389 2094 3436; x_wconf 82' lang='lat' dir='ltr'>(vs.</span> <span class='ocrx_word' id='word_1_730' title='bbox 2120 3389 2194 3426; x_wconf 80' lang='grc'>124</span> <span class='ocrx_word' id='word_1_731' title='bbox 2212 3386 2288 3438; x_wconf 76' lang='lat' dir='ltr'>sq.)</span> <span class='ocrx_word' id='word_1_732' title='bbox 2305 3408 2360 3417; x_wconf 92' lang='lat'><strong>—</strong></span> 
     </span>
     <span class='ocr_line' id='line_1_112' title="bbox 1305 3443 2358 3492; baseline 0 -13"><span class='ocrx_word' id='word_1_733' title='bbox 1305 3463 1358 3469; x_wconf 93' lang='lat'>—</span> <span class='ocrx_word' id='word_1_734' title='bbox 1375 3444 1496 3483; x_wconf 75' lang='grc' dir='ltr'>-καὶ</span> <span class='ocrx_word' id='word_1_735' title='bbox 1515 3444 1551 3480; x_wconf 82' lang='grc' dir='ltr'>ἐν</span> <span class='ocrx_word' id='word_1_736' title='bbox 1568 3444 1766 3491; x_wconf 79' lang='grc' dir='ltr'>Παλαμήδει</span> <span class='ocrx_word' id='word_1_737' title='bbox 1784 3446 1895 3491; x_wconf 83' lang='grc' dir='ltr'>φησὶν</span> <span class='ocrx_word' id='word_1_738' title='bbox 1912 3446 1932 3480; x_wconf 82' lang='grc' dir='ltr'>ὁ</span> <span class='ocrx_word' id='word_1_739' title='bbox 1949 3445 2066 3492; x_wconf 85' lang='grc' dir='ltr'>χορός·</span> <span class='ocrx_word' id='word_1_740' title='bbox 2095 3444 2140 3480; x_wconf 86' lang='grc' dir='ltr'>οὐ</span> <span class='ocrx_word' id='word_1_741' title='bbox 2167 3443 2242 3480; x_wconf 77' lang='grc' dir='ltr'>σὺν</span> <span class='ocrx_word' id='word_1_742' title='bbox 2269 3447 2358 3479; x_wconf 81' lang='grc' dir='ltr'>Διο-</span> 
     </span>
     <span class='ocr_line' id='line_1_113' title="bbox 1305 3497 2358 3547; baseline -0.001 -14"><span class='ocrx_word' id='word_1_743' title='bbox 1305 3497 1411 3546; x_wconf 82' lang='grc' dir='ltr'>νῦσῳ</span> <span class='ocrx_word' id='word_1_744' title='bbox 1450 3501 1596 3543; x_wconf 89' lang='grc' dir='ltr'>κωμῶν,</span> <span class='ocrx_word' id='word_1_745' title='bbox 1631 3497 1672 3535; x_wconf 83' lang='grc' dir='ltr'>ὃς</span> <span class='ocrx_word' id='word_1_746' title='bbox 1703 3497 1756 3533; x_wconf 77' lang='grc' dir='ltr'>ἀν’</span> <span class='ocrx_word' id='word_1_747' title='bbox 1782 3497 1892 3534; x_wconf 77' lang='grc' dir='ltr'>Ἴδαν</span> <span class='ocrx_word' id='word_1_748' title='bbox 1923 3498 2111 3547; x_wconf 86' lang='grc' dir='ltr'>τέρπεται</span> <span class='ocrx_word' id='word_1_749' title='bbox 2138 3497 2214 3534; x_wconf 84' lang='grc' dir='ltr'>σὺν</span> <span class='ocrx_word' id='word_1_750' title='bbox 2238 3498 2358 3545; x_wconf 75' lang='grc' dir='ltr'>ματρὶ</span> 
     </span>
    </p>
   </div>
   <div class='ocr_carea' id='block_1_20' title="bbox 1305 3548 2358 3599">
    <p class='ocr_par' dir='ltr' id='par_1_31' title="bbox 1305 3548 2358 3599">
     <span class='ocr_line' id='line_1_114' title="bbox 1305 3548 2358 3599; baseline 0.003 -13"><span class='ocrx_word' id='word_1_751' title='bbox 1305 3551 1408 3591; x_wconf 85' lang='grc' dir='ltr'>φίλα</span> <span class='ocrx_word' id='word_1_752' title='bbox 1435 3552 1646 3597; x_wconf 86' lang='grc' dir='ltr'>τυμπάνων</span> <span class='ocrx_word' id='word_1_753' title='bbox 1674 3551 1842 3598; x_wconf 86' lang='grc' dir='ltr'>ἰάκχοις.</span> <span class='ocrx_word' id='word_1_754' title='bbox 1898 3549 1994 3594; x_wconf 80' lang='lat' dir='ltr'>Quae</span> <span class='ocrx_word' id='word_1_755' title='bbox 2022 3548 2170 3599; x_wconf 76' lang='lat' dir='ltr'>Musg&#39;r.</span> <span class='ocrx_word' id='word_1_756' title='bbox 2203 3552 2240 3586; x_wconf 81' lang='lat' dir='ltr'>et</span> <span class='ocrx_word' id='word_1_757' title='bbox 2270 3553 2358 3598; x_wconf 64' lang='lat' dir='ltr'>Poet</span> 
     </span>
    </p>
   </div>
  </div>
 </body>
</html>
