2488 3860
240 245 321 287 488

239 396 296 426 ΦΙ.

939 223 1393 288 ΑΡΙΣΤΟΦΑΝΟὙΣ
1441 237 1691 278 ΣΦΗΚΕΣ.

342 340 360 372 ὁ
379 337 611 382 σμικρότατος,
631 344 668 371 ὃς
684 333 745 379 τὴν
762 332 948 381 τραγῳδίαν
964 334 1064 367 ποιεῖ.

341 389 368 424 ὦ
386 387 531 435 Καρκίν’,
552 387 578 421 ὦ
594 387 732 432 μακάριε
749 387 808 431 τῆς
825 385 1005 421 εὐπαιδίας·

342 441 427 477 ὅσον
443 436 630 484 τὸπλῆθος
647 438 828 474 κατέπεσεν
844 441 910 473 τῶν
926 437 1084 483 ὀρχίλων.

345 494 429 541 άτὰρ
446 492 651 535 καταβατέον
667 490 699 538 γ’
719 489 770 526 ἐπ’
788 489 907 527 αὐτούς
923 489 971 535 μ’,
988 489 1104 537 ᾠζυρέ.

341 546 451 591 ἅλμην
467 543 549 580 κύκα
566 542 748 583 τούτοισιν,
766 541 807 588 ἦν
823 542 889 590 ἐγὼ
906 544 1027 588 κρατῶ.
1194 550 1248 583 ¹5¹
1255 550 1271 583 5

238 604 310 636 XO.
337 599 424 645 φέρε
467 612 525 633 νυν
566 596 660 642 ἡμεῖς
698 595 809 631 αὐτοῖς
847 594 965 642 ὀλίγον
1003 589 1275 640 ξυγχωρήσωμεν

393 650 545 693 ἅπαντες,

341 700 382 739 ἵν’
401 702 456 749 ἐφ’
481 702 625 748 ἡσυχίας
647 700 739 746 ἡμῶν
761 699 911 747 πρόσθεν
932 697 1176 744 βεμβικίζωσιν
1199 697 1273 730 ἑαυ-

442 753 452 766 Ι

393 770 483 792 τους.

343 806 409 855 ὅγ’,
429 807 455 843 ὦ
471 807 693 855 μεγαλώνυμα
709 805 805 842 τέκνα
1193 818 1271 849 στρ.

344 862 405 896 τοῦ
422 859 638 900 θαλασσίοιο,

343 913 470 957 πηδᾶτε
486 913 576 960 παρὰ
591 911 752 959 ψάμαθον
1196 915 1274 950 1520

347 965 399 1001 καὶ
417 965 478 1003 θῖν’
496 966 577 1002 ἁλὸς
594 963 776 1013 ἀτρυγέτου

1294 382 1300 484 Ι

1421 332 1562 378 καρίδων
1578 332 1736 378 ἀδελφοί·

1420 384 1525 430 ταχὺν
1541 385 1630 419 πόδα
1647 386 1900 428 κυκλοσοβεῖτε,
2273 387 2347 427 ἅντ-

1421 437 1473 471 καὶ
1490 437 1529 470 τὸ
1547 437 1742 483 Φρυνίχειον

1419 489 1646 524 ἐκλακτισάτω
1663 504 1725 533 τις,
1745 489 1834 526 ὅπως
2273 504 2350 538 1525

1419 540 1545 577 ἰδόντες
1561 540 1628 576 ἅνω
1647 541 1836 588 σκέλος-ὤ-

1419 593 1522 636 ζωσιν
1539 594 1572 628 οἶ
1590 593 1714 630 θεαταί.

1418 646 1570 691 στρόβει,
1589 647 1774 693 παράβαινε
1791 645 1901 696 κύκλῳ
1919 648 1972 684 καὶ
1987 649 2178 696 γάστρισον
2196 650 2349 691 σεαυτὸν,

1417 696 1514 744 ῥῖπτε
1532 698 1659 735 σκέλος
1672 700 1836 746 οὐράνιον·
1855 700 2015 746 βέμβικες
2028 700 2246 748 ἐγγενέσθων.
2271 714 2350 747 1530

1417 749 1536 786 καύτὸς
1552 751 1618 797 γὰρ
1636 752 1655 786 ὁ
1672 752 1884 797 ποντομέδων
1900 751 1984 797 ἅναξ
1999 753 2109 799 πατὴρ
2125 753 2313 801 προσέρπει

1416 801 1532 845 ἡσθεὶς
1550 803 1604 838 ἐπὶ
1622 806 1732 839 τοῖσιν
1749 805 1867 840 ἑαυτοῦ
1882 806 1994 846 παισὶ,
2013 808 2083 842 τοῖς
2099 808 2283 853 τριόρχοις.

1413 854 1492 889 ἀλλ’
1511 855 1652 902 ἐξάγετ’,
1667 854 1700 891 εἴ
1713 871 1746 892 τι
1763 856 1888 903 φιλεῖτ’
1903 855 2110 904 ὀρχούμενοι,
2126 857 2247 903 θύραζε
2266 872 2344 907 1535

1414 905 1499 951 ἡμᾶς
1516 906 1614 953 ταχύ·
1642 911 1741 944 τοῦτο
1758 910 1825 957 γὰρ
1843 909 1951 947 οὐδείς
1967 924 2020 946 πω
2037 911 2143 957 πάρος
2159 913 2328 958 δέδρακεν,

1413 957 1619 1006 ὀρχούμενον
1635 960 1732 999 ὅστις
1748 961 1943 1007 ἀπήλλαξεν
1959 965 2063 1010 χορὸν
2079 964 2267 1013 τρυγῳδῶν.
