2488 3860
1033 259 1366 300 ΑΠΟΣΠΑΣΜ
1374 260 1525 300 Α.ΤΙΑ
1932 314 1935 319 ¹
2239 257 2321 298 609

307 376 387 413 ’ἕλκε
413 376 451 413 δὲ
475 376 593 423 μέσσα
618 377 747 420 λαβὼν,
765 376 847 426 ῥέπε
875 378 903 414 δ’
924 377 1086 426 ’Έκτορος
1114 377 1252 423 αἴσιμον
1339 375 1428 412 267.
1459 373 1629 410 Stobaeus
1648 373 1778 423 Eclog.
1801 373 1912 424 Phys.
1933 374 1965 418 I,
1987 376 2025 412 4.
2045 375 2117 412 vol.
2134 377 2168 414 I.
2189 350 2227 426 Ρ.
2247 379 2332 415 118.

357 429 458 479 ἦμαρ,
1284 426 1445 464 Heeren.
1469 427 1522 475 (p.
1545 428 1582 463 9.
1605 425 1754 463 canter.
1759 428 1774 474 )
1795 430 1973 477 Αἰσχύλου

303 483 412 534 ᾤχετο
430 484 460 521 δ’
479 485 527 522 εἷς
543 481 671 527 Ἀιδαο,
690 486 789 521 λίπεν
807 486 880 522 δέ’
862 502 877 521 ε
897 487 1021 529 Φοῖβος
1038 485 1229 528 Ἀπόλλων,
1388 482 1560 530 Δράσαντι
1578 483 1644 529 γάρ
1662 497 1715 517 τοι
1734 484 1787 518 καὶ
1804 484 1923 519 παθεῖν
1941 484 2127 531 ὀφείλεται.

197 539 387 587 τραγῳδίαν
410 540 429 573 6
454 537 629 585 Αἰσχύλος
656 538 739 584 ὅλην
765 544 812 588 τῷ
838 539 933 589 μύθω
950 539 1155 588 περιέθηκεν,
1174 539 1245 575 ἐπι·
1334 536 1424 571 268.
1455 533 1686 582 Theophilus
1705 534 1752 569 ad
1770 535 1996 584 Autolycum
2017 536 2073 582 II,
2095 537 2158 573 54.
2178 550 2216 586 p.
2238 539 2328 576 256.

196 592 336 639 γράψας
358 593 615 639 Ψυχοστασίαν,
640 594 694 628 καὶ
715 593 939 641 παραστήσας
962 596 1034 631 ταῖς
1057 594 1245 640 πλάστιγξι
1279 587 1335 624 ed·
1355 587 1472 624 WOlf·
1503 589 1568 624 Και
1586 602 1638 623 οτι
1664 590 1783 634 μέλλει
1811 590 1829 635 ἦ
1856 593 1917 626 Τοῦ
1944 591 2022 626 θεοῦ
2047 606 2158 638 κρισις
2173 593 2327 640 γινεσθαι

196 648 256 680 τοῦ
275 647 355 683 Διὸς
372 647 466 681 ενθεν
481 647 544 692 μὲν
566 647 627 692 τὴν
646 647 756 688 θέτιν,
776 647 870 682 ἔνθεν
891 648 928 683 δὲ
946 648 1006 693 τὴν
1023 646 1107 688 Ἠὡ,
1128 647 1243 692 δεομέ-
1276 657 1330 678 και
1347 643 1389 679 τὰ
1407 643 1490 677 κακὰ
1507 642 1585 679 τοὺς
1602 643 1767 689 πονηροὺς
1790 644 1965 690 αἰφνιδίως
1989 647 2255 692 καταλαμβάνειν
2274 648 2325 684 καὶ

195 713 252 736 νας
265 700 350 748 ὑπὲρ
363 703 430 736 τῶν
442 699 540 736 υἱέων
553 700 764 747 μαχομένων.
795 699 931 735 PoHux
948 698 1018 740 IV,
1042 700 1128 735 130.
1157 700 1242 736 Ἀπὸ
1275 699 1374 732 τοῦτο
1393 695 1604 743 Αἶσχυλος’
1586 694 1732 741 εσήμανε
1750 697 1873 744 λέγωνχ

193 753 231 787 δὲ
249 756 309 789 τοῦ
327 754 522 802 θεολογείου
549 754 645 791 ὄντος
668 755 753 801 ὑπὲρ
776 754 836 799 τὴν
860 754 984 800 σκηνὴν
1008 754 1044 789 ἐν
1067 752 1151 801 ὕψει
1169 754 1240 790 ε’πι-
1380 752 1426 785 Τό
1445 764 1498 785 τοι
1516 750 1616 785 κακὸν
1632 750 1784 786 ποδῶκες
1801 752 1935 798 ἔρχεται
1951 753 2090 798 βροτοῖς

192 807 369 853 φαίνονται
393 808 476 850 θεοὶ,
496 809 541 844 ὡς
565 810 583 843 ὁ
608 807 689 845 Ζεὺς
712 808 766 843 καὶ
790 809 822 843 οἱ
847 809 925 855 περὶ
949 809 1050 843 αὐτὸν
1073 807 1109 844 ἐν
1126 814 1239 855 Ψυχο·
1379 805 1433 839 καὶ
1450 804 1675 850 τάμπλάκημα
1691 806 1738 852 τῷ
1755 808 1899 851 περῶντι
1916 805 1976 850 τὴν
1994 805 2100 852 θέμιν.

192 861 330 908 στασίᾳ.
357 862 377 907 ἡ
397 862 434 897 δὲ
460 861 602 909 γέρανος
626 862 805 908 μηχάνημά
830 862 864 896 τί
890 862 984 898 ἐστιν
1010 861 1047 897 ἐκ
1071 864 1240 909 μετεώρου
1756 855 1843 893 269·

191 917 463 963 καταφερόμενον
480 915 537 963 ἐφ’
552 918 686 963 ἁρπαγῇ
701 917 868 961 σώματος,
888 913 916 965 ᾧ
935 916 1092 963 κέχρηται
1110 915 1130 961 ἡ
1147 915 1239 953 Ἠὼς
1375 910 1479 958 Ὁρᾷς
1497 911 1590 956 δίκην
1607 910 1751 946 ἄναυδον
1768 911 1832 957 οὐχ
1851 911 2020 958 ὁρωμένην

190 970 390 1012 ἁρπάζουσα
406 970 446 1005 τὸ
465 973 565 1015 σῶμα
582 972 642 1005 τοῦ
661 969 846 1015 Μέμνονος.
1376 964 1506 1000 εὕδοντι
1524 965 1578 1000 καὶ
1598 965 1768 1011 στείχοντι
1790 966 1844 1000 καὶ
1862 965 2047 1014 καθημένῳ·

242 1022 331 1058 262.
362 1020 584 1070 Hesychius,
603 1022 874 1069 Ἀνηκίδοτοι;
918 1022 996 1058 ἄνευ
1022 1022 1147 1059 ἀκίδος.
1177 1023 1235 1058 Al·
1375 1019 1452 1064 ἑξῆς
1470 1018 1500 1054 δ’
1519 1019 1638 1063 ὀπηδεῖ
1654 1019 1807 1065 δόχμιον,
1828 1018 1951 1054 ἄλλοθ’
1971 1017 2129 1067 ὕστερον.

188 1074 319 1121 σχύλος
350 1077 586 1122 Ψυχοστασίᾳ.
622 1074 895 1112 Grammaticus
931 1073 1091 1110 Bekkeri
1126 1073 1158 1111 Ῑ.
1196 1087 1233 1122 Ρ.
1375 1070 1446 1108 οὐδ’
1466 1071 1667 1120 ἐγκαλύπτει
1685 1073 1746 1118 νὺξ
1764 1076 1870 1110 κακῶς
1888 1073 2103 1124 εἰργασμένα,

187 1128 276 1169 402,
311 1129 374 1165 25.
417 1129 696 1176 Ἀνηκίδωτοι.
688 1143 696 1151 ·
743 1129 822 1165 ἄνευ
848 1129 974 1166 ἀκίδος.
1018 1126 1113 1170 Quae
1148 1139 1235 1164 vera
1374 1125 1394 1162 ὅ
1410 1142 1443 1162 τι
1461 1126 1493 1162 δ’
1514 1126 1554 1162 ἂν
1570 1128 1679 1171 ποιῇς,
1699 1126 1804 1172 νόμιζ’
1825 1128 1907 1173 ὁρᾶν
1924 1126 2021 1164 θεούς
2039 1143 2123 1164 τινα.

186 1179 364 1228 scriptura
399 1187 469 1218 est.
525 1180 694 1230 Simplex
727 1183 889 1219 ἀκιδωτός
923 1185 1105 1217 memorat
1136 1179 1233 1217 idem
1318 1178 1439 1215 Affert
1457 1178 1527 1215 hos
1544 1190 1684 1218 versus,
1705 1178 1744 1214 in
1768 1177 1900 1226 quibus
1925 1178 2030 1226 plura
2053 1185 2140 1217 sunt
2164 1180 2314 1218 minime

184 1233 448 1281 grammat-icus
466 1247 504 1283 p.
526 1235 615 1275 371,
636 1236 699 1270 24.
1265 1231 1479 1280 AEschylea,
1509 1230 1736 1279 Theophilus
1764 1230 1900 1267 ibidem
1930 1236 1968 1267 et
1996 1232 2134 1269 omisso
2164 1234 2313 1271 nomine

237 1287 325 1323 263.
355 1285 579 1336 Hesychius,
607 1289 856 1336 Αὐριβάταςε
888 1287 1062 1334 Αἰσχύλος
1088 1289 1128 1323 τὸ
1155 1287 1231 1335 αυρι
1263 1290 1383 1333 poetae
1402 1289 1440 1321 et
1457 1284 1679 1334 quibusdam
1697 1284 1802 1321 aliter
1819 1283 1963 1333 scriptis
1982 1282 2153 1322 Stobaeus
2176 1287 2267 1324 1.1.

182 1340 238 1376 ε’πὶ
254 1344 316 1377 τοῦ
336 1342 466 1388 ταχέως
488 1343 616 1388 τίθησι.
646 1344 700 1378 καὶ
719 1345 737 1378 6
762 1344 862 1379 αὐτὸς
878 1342 1105 1388 Ψυχοστασίᾳ
1126 1340 1249 1379 ovrm9¹
1317 1338 1406 1376 270.
1436 1336 1613 1375 Stobaeus
1636 1337 1769 1386 Eclog.
1795 1337 1904 1386 phys.
1928 1337 1985 1374 II.
2016 1341 2052 1380 8,
2077 1341 2136 1376 10.
2156 1339 2230 1377 V.Ol
2252 1340 2308 1378 ῙῙ.

182 1395 272 1439 φησι
299 1396 338 1430 τὸ
370 1395 476 1442 ονομα
506 1396 710 1443 ταχυβὴλων
743 1395 963 1443 (ταχυβὴμων
995 1392 1228 1444 Salmasius).
1262 1403 1299 1439 p.
1321 1392 1411 1428 340.
1440 1392 1618 1440 Αἰσχύλου

183 1445 292 1483 Conf.
310 1446 472 1483 Bekkeri
488 1448 684 1484 Anecdota
702 1446 734 1484 Ῑ.
753 1461 792 1497 p.
811 1449 902 1490 464,
924 1449 960 1484 8.
1366 1448 1487 1482 Κοινὸν
1504 1446 1602 1493 τύχη,
1620 1447 1734 1494 γνώμη
1754 1446 1790 1481 δέ
1809 1449 1876 1481 τῶν
1893 1446 2109 1492 κεκτημένων.

233 1500 322 1536 264.
353 1499 488 1537 Strabo
511 1500 600 1538 XV.
627 1514 663 1550 p.
687 1501 775 1539 728.
805 1503 967 1550 Λέγονται
994 1503 1031 1538 δὲ
1059 1503 1113 1538 καὶ
1140 1503 1227 1538 Κίσ-
1316 1497 1404 1535 271.
1434 1497 1611 1536 Stobaeus
1629 1497 1802 1546 Florileg.
1823 1497 1961 1539 III‚.l.

179 1569 250 1589 σιοι
281 1555 313 1590 οἱ
343 1554 492 1590 Σούσιοι.
537 1557 628 1603 φησὶ
659 1557 695 1591 δὲ
728 1558 780 1592 καὶ
812 1556 987 1603 Αἰσχύλος
1017 1555 1078 1601 τὴν
1102 1556 1228 1604 μητέρα
1372 1550 1433 1598 [“Α
1451 1554 1502 1589 δεῖ
1517 1555 1634 1602 παρὼν
1651 1553 1822 1601 φρόντιζε,
1841 1553 1886 1599 μὴ
1904 1555 2020 1600 παρὼν
2037 1551 2155 1599 ἀπῇς-]

1366 1606 1406 1642 ‘O
1424 1606 1565 1655 χρήσιμ’
1585 1608 1691 1647 εἰδὼς,
1711 1607 1775 1653 οὐχ
1794 1608 1812 1641 6
1830 1606 1931 1642 πόλλ’
1952 1607 2059 1649 εἰδὼς,
2080 1609 2205 1655 σοφός.

1259 1657 1424 1696 Priorem
1453 1672 1613 1703 versum,
1646 1658 1709 1708 qui
1739 1671 1815 1696 non
1845 1658 1989 1696 videtur
2013 1658 2185 1710 AEschyli
2211 1671 2304 1705 esse,

179 1607 354 1657 Μέμνονος
372 1610 533 1648 Κισσίαν.
562 1608 625 1647 Ad
642 1611 888 1658 Ψυχοστασίαν
907 1607 1019 1646 refert
1038 1607 1223 1648 Butlerus.

596 1727 813 1758 ΩΡΕΙΘΥΙΑ.
1239 1657 1399 1750 'omittit
1415 1712 1533 1750 codex
1551 1712 1725 1763 optimuS.
2155 1737 2174 1761 ⁸

208 1790 302 1827 >265
346 1789 380 1827 L
460 1789 468 1796 .
633 1792 643 1806 x
669 1790 685 1804 .,
795 1788 855 1826 ΠΙ
1312 1766 1401 1803 272.
1432 1766 1606 1804 Stobaeus
1624 1765 1695 1809 IV,
1719 1766 1779 1803 16.

217 1831 226 1833 ⁴
309 1817 318 1827 ⁶
382 1802 542 1839 ongmus
559 1806 646 1878 :qn
663 1792 778 1878 Ὕους
814 1854 838 1878 0
860 1818 869 1827 “
1357 1819 1407 1858 ’H
1424 1822 1514 1865 βαρὺ
1532 1821 1659 1870 φόρημ’
1678 1821 1854 1869 ἅνθρωπος
1872 1821 2020 1868 εὐτυχῶν
2038 1821 2170 1869 ἄφρων.

319 1911 327 1921 .
382 1910 390 1924 ἱ
485 1910 494 1923 Ι
627 1914 642 1922 Α
744 1911 753 1923 Ι
924 1910 935 1922 Ι
1312 1873 1400 1912 273.
1430 1874 1600 1911 Stobaeus
1618 1872 1688 1916 IX,
1710 1875 1770 1909 23.
1791 1872 1987 1910 scholiasta
2013 1873 2172 1911 Homeri
2190 1873 2297 1912 Iliad.

279 1925 333 1945 naa
351 1926 396 1975 ‘¹²¹⁷
414 1925 552 1975 '‘absum'’
571 1925 687 1957 σχῶσι
708 1925 873 1957 W‘W‘W
891 1912 1012 1948 σελαῖ·
1235 1930 1290 1972 ”β,
1314 1929 1401 1964 114.
1421 1927 1638 1965 Eustathius
1656 1940 1694 1976 p.
1718 1927 1804 1968 188,
1826 1927 1888 1963 44.

279 1964 392 2031 εἶΙῪαΡ
409 1979 474 2030 ''⁶¹“
491 1965 678 2031 ἑστιοῦχονΙ
690 1964 821 2012 ὄψομαι
838 1965 942 2030 ζ”όνον
1234 1942 1241 2009 Ι
1358 1982 1506 2029 Ἀπάτης
1523 1983 1650 2019 δικαίας
1668 1982 1726 2017 οὐκ
1744 1981 1930 2017 ἀποστατεῖ
1946 1982 2033 2019 θεός.

277 2033 357 2081 μιῑξν
373 2032 534 2065 παρείρας
550 2021 739 2064 πλεκτανην
750 2032 955 2066 xeipappoov
1251 2033 1389 2071 Attulit
1407 2035 1518 2072 etiam
1537 2033 1675 2071 Sextus
1692 2033 1731 2069 in
1749 2032 1904 2069 Fabricii
1923 2033 2099 2071 Biblioth.
2114 2033 2188 2072 vol.
2203 2034 2296 2073 XII.

278 2086 403 2136 cfeyrgv
420 2073 569 2135 πνρῲσω
587 2073 641 2139 5⁰²
659 2072 989 2141 κατςινθρακιξνσομεξι·
1250 2100 1288 2137 p.
1310 2088 1399 2125 626.
1420 2087 1545 2124 addito
1563 2087 1634 2124 alio
1652 2085 1822 2134 AEschyli
1838 2098 1947 2122 versu

278 2140 336 2160 νυν
354 2126 373 2160 ὃ
402 2125 441 2160 οὗ
460 2139 604 2174 κεκΡαὙα
621 2141 674 2162 πω
692 2142 731 2162 ΤΟ
748 2141 900 2174 ‘Yma‘m'
916 2127 1036 2172 μελος·
1156 2178 1163 2188 ,
1357 2145 1495 2179 Ψευδῶν
1513 2143 1550 2178 δὲ
1569 2143 1684 2189 καιρὸν
1700 2140 1778 2176 ἔσθ’
1798 2140 1883 2176 ὅπου
1901 2144 1979 2188 τιμᾷ
1997 2141 2083 2179 θεός.

171 2178 211 2213 οὗ
228 2179 368 2226 τραγικὰ
386 2179 434 2214 ἔτι
452 2181 570 2222 ταῦτα,
588 2180 679 2215 ἀλλὰ
700 2180 960 2228 παρατράγῳδα,
979 2181 1014 2215 αἱ
1035 2180 1218 2214 πλεκταναι
1305 2194 1393 2232 274.
1424 2195 1595 2232 Stobaeus
1612 2192 1762 2234 XVIII,
1786 2193 1846 2228 13·

172 2233 224 2267 καὶ
242 2233 281 2267 τὸ
298 2233 383 2278 πρὸς
400 2233 542 2280 οὐρανὸν
559 2234 688 2280 ἐξεμεῖν
712 2235 763 2269 καὶ
789 2234 829 2269 τὸ
850 2233 910 2269 τὸν
928 2233 1054 2291 βορέαν
1071 2232 1218 2277 αὐλητὴν
1356 2251 1555 2297 Κάτοπτρον
1572 2248 1681 2285 εἴδους
1697 2248 1825 2294 χαλκός
1843 2246 1927 2290 ἐπ’,
1946 2244 2036 2284 οἶνος
2053 2248 2090 2283 δὲ
2109 2250 2179 2284 νοῦ.

171 2287 276 2321 ποιεῖν
306 2287 360 2321 καὶ
390 2287 431 2321 τὰ
460 2287 550 2322 ἄλλα
578 2289 665 2333 ἑξῆς.
716 2285 874 2322 Ioannes
910 2283 1085 2321 Sicehota
1119 2284 1217 2332 apud
1303 2301 1391 2338 275·
1422 2301 1592 2338 Stobaeus
1610 2300 1697 2342 XX
1724 2301 1782 2336 13,

170 2336 366 2374 Ruhnken.
387 2338 434 2374 ad
450 2337 490 2374 h.
514 2340 548 2376 l.
578 2342 732 2376 Φαίνεται
749 2341 787 2375 δὲ
811 2340 830 2385 ἡ
855 2339 978 2375 ἀτοπία
998 2342 1058 2375 τοῦ
1075 2341 1216 2384 ποιητοῦ
1354 2355 1479 2404 Οργῆς
1495 2356 1635 2402 ματαίας
1652 2355 1741 2390 εἰσὶν
1757 2352 1856 2389 αἴτιοι
1873 2355 1985 2401 λόγοι

170 2389 373 2439 (AESChyli)
403 2393 439 2428 ἐν
463 2396 511 2442 Τῷ
542 2396 600 2439 Τῆς
625 2394 814 2442 Ὠρειθυίας
829 2394 998 2457 Αδράματῧ
1027 2391 1112 2428 ὅπου
1143 2407 1308 2459 Ta‘anx
1326 2407 1541 2445 Promethei
1558 2421 1594 2444 v.
1616 2407 1703 2445 378.
1731 2408 1856 2456 Ὀργῆς
1879 2406 2048 2454 νοσούσης
2075 2408 2161 2444 εἰσιν
2187 2383 2294 2457 ἰατροὶ

168 2446 249 2480 δυσὶ
263 2447 403 2492 σιαγόσι
427 2447 551 2493 φυσῶν
572 2450 590 2483 6
615 2448 740 2495 Βορέας
766 2462 847 2493 κυκᾳ
870 2447 930 2491 τὴν
954 2447 1146 2482 θάλασσαν·
1175 2461 1215 2481 ου
1246 2464 1290 2497 λό
1314 2477 1346 2497 οι
1365 2461 1531 2497 detortus
1576 2465 1711 2497 utatur·

167 2500 232 2546 γὰρ
260 2498 356 2546 φέρω
383 2500 439 2535 ε’πὶ
468 2500 596 2547 μνήμης
622 2502 664 2537 τὰ
691 2502 837 2547 ἰαμβεῖα,
866 2500 1118 2546 ἐπιλαθόμενος.
1162 2445 1234 2535 διδΙ
1290 2478 1390 2552 7276
1420 2474 1590 2550 Stobaegs
1608 2512 1775 2554 XXVII
1796 2514 1831 2549 2·

167 2553 425 2618 ¹⁶⁰².2⁰43⁰'‘NJ⁹
454 2554 517 2618 (ού-
537 2553 622 2589 add.
652 2552 822 2618 Ruhnk.)
851 2556 1009 2618 μιμεῖται.
1055 2553 1149 2600 λέγει
1177 2554 1214 2589 δὲ
1352 2570 1421 2604 ov,c
1439 2568 1596 2616 ἀνδρὸς
1577 2583 1669 2616 ορκοι
1686 2569 1813 2607 πίστις’
1833 2566 1911 2603 ἀλλ’
1930 2566 2038 2616 ὅρκων
2054 2566 2149 2615 ἀνήρ.

166 2621 244 2653 περι
261 2620 389 2642 τουτων
407 2613 572 2654 Λογγινος
589 2607 831 2654 ἇκριβεστερον
849 2607 884 2642 ἐν
901 2622 948 2656 τῳ
967 2608 1007 2642 κά
1024 2611 1091 2643 τῶν
1107 2608 1212 2654 φιλο·
1301 2620 1389 2658 277.
1420 2619 1591 2658 Stobaeus
1608 2619 1754 2661 XXIX,
1775 2621 1838 2655 21·

166 2661 291 2707 λόγων·
321 2657 371 2696 V·
397 2660 430 2696 l·
450 2661 496 2706 μὴ
514 2658 656 2696 addidit
671 2658 823 2695 Tonjus·
1353 2677 1449 2711 Φιλεῖ
1466 2675 1503 2710 δὲ
1521 2678 1568 2723 τῷ
1587 2676 1742 2719 κάμνοντι
1759 2672 1966 2710 συσπεύδειν
1984 2674 2070 2711 θεός.

1227 2727 1417 2776 1Euripidi
1452 2726 1580 2763 tribuit
1608 2725 1827 2762 Trincavelli
1858 2724 1969 2768 editio
2005 2731 2043 2762 et
2079 2725 2293 2774 Apostolius

453 2767 642 2797 ΑΔΗΛΩΝ
671 2767 925 2798 APAMATQN.
1246 2780 1354 2822 XIX,
1393 2782 1455 2817 98.
1517 2779 1691 2816 Fortasse
1726 2777 1863 2815 excidit
1896 2777 2067 2827 AEschyli
2101 2778 2292 2816 Persarum

219 2828 309 2867 266.
337 2829 443 2866 Plato
469 2829 516 2866 de
544 2829 747 2878 Republica
772 2830 829 2867 ῙῙ.
857 2843 895 2879 Ρ.
926 2831 1000 2871 383
1026 2842 1061 2867 a.
1090 2833 1214 2868 Πολλὰ
1246 2845 1375 2870 versus
1405 2834 1493 2870 742.
1534 2833 1631 2869 Ἀλλ’
1660 2834 1740 2869 ὅταν
1767 2832 1897 2878 σπεύδῃ
1924 2848 1975 2870 τις
2001 2834 2112 2876 αὐτὸς,
2140 2834 2192 2880 χῶ
2219 2834 2293 2871 θεὸς

165 2885 230 2932 ἄρα
246 2884 394 2932 Ὀμήρου
419 2884 630 2922 ἐπαινοῦντες
652 2885 743 2920 ἅλλα
765 2887 864 2921 τοῦτο
889 2885 949 2920 οὐκ
970 2885 1215 2932 ἐπαινεσόμεθα
1248 2889 1495 2933 συλλαμβάνει.

165 2939 226 2985 τὴν
242 2941 302 2974 τοῦ
321 2939 475 2974 ἐνυπνίου
492 2938 629 2984 πομπὴν
646 2939 711 2974 ὑπὸ
730 2940 810 2976 Διὸς
823 2941 870 2987 τῷ
887 2937 1121 2986 Ἀγαμέμνονι,
1142 2940 1213 2975 οὐδ’
1301 2941 1390 2978 278.
1421 2938 1593 2976 Stobaeus
1610 2937 1760 2980 XXIX,
1783 2939 1845 2975 24.

166 2991 354 3039 Αἰσχύλου,
374 2991 455 3027 ὅταν
472 2993 523 3038 φῇ
542 2991 562 3036 ἡ
582 2991 681 3029 Θέτις
704 2992 763 3026 τὸν
778 2992 940 3028 Ἀπόλλω
965 2993 1002 3028 ἐν
1024 2995 1096 3030 τοῖς
1113 2994 1214 3039 αὐτῆς
1354 2993 1468 3030 Καλὸν
1486 2995 1523 3028 δὲ
1542 2995 1595 3030 καὶ
1612 2993 1755 3041 γέροντα
1773 2993 1951 3039 μανθάνειν
1969 2986 2079 3040 σοφά.

163 3047 284 3094 γάμοις
301 3044 424 3092 ᾄδοντα
442 3045 653 3081 ἐνδατεῖσθαι
669 3045 729 3082 τὰς
747 3046 803 3082 ἑὰς
820 3046 991 3083 εὐπαιδίας
1300 3047 1389 3084 279.
1419 3045 1593 3082 Stobaeus
1610 3044 1795 3086 XXXIV,
1815 3047 1853 3082 5.

271 3101 383 3136 νόσων
399 3098 428 3134 τ’
447 3098 605 3146 ἀπείρους
622 3099 676 3134 καὶ
693 3100 900 3146 μακραίωνας
916 3100 1024 3143 βίους,
1351 3101 1425 3148 Πρὸ
1444 3104 1510 3136 τῶν
1527 3099 1688 3135 τοιούτων
1703 3100 1770 3148 χρὴ
1788 3101 1901 3147 λόγων
1919 3099 2049 3135 δάκνειν
2067 3101 2189 3146 στόμα.

270 3151 446 3201 ξύμπαντά
463 3151 492 3188 τ’
512 3153 613 3187 εἰπὼν
631 3152 803 3198 θεοφιλεῖς
821 3153 901 3198 ε’μὸς
918 3151 1023 3200 τύχας
1300 3154 1387 3189 280.
1417 3151 1590 3188 Clemens
1607 3151 1810 3188 Alexandr.
1831 3151 1970 3188 strom.
1993 3151 2062 3189 VI.
2082 3164 2119 3199 p.
2142 3152 2231 3188 620.

271 3207 380 3243 παιᾶν’
400 3204 640 3252 ἐπευφήμησεν
656 3206 806 3249 εὐθυμῶν
824 3205 894 3253 ε’μέ.
1226 3162 1231 3247 Ι
1353 3205 1447 3243 Οἵκοι
1464 3206 1575 3252 μένειν
1593 3206 1644 3241 δεῖ
1661 3207 1720 3242 τὸν
1738 3208 1847 3243 καλῶς
1865 3205 2044 3252 εὐδαίμονα

271 3259 361 3307 κᾶγὼ
379 3258 418 3294 τό
437 3260 564 3301 Φοίβου
583 3259 674 3295 θεῖον
690 3258 839 3306 ἀψευδὲς
857 3260 970 3305 στόμα
1351 3261 1405 3295 καὶ
1422 3261 1482 3296 τὸν
1500 3263 1606 3296 κακῶς
1622 3261 1824 3307 πράσσοντα
1844 3260 1896 3295 καὶ
1915 3262 2034 3295 τοῦτον
2051 3259 2174 3303 μένειν.

270 3314 414 3358 ἤλπιζον
432 3309 525 3354 εἶναι,
545 3314 683 3358 μαντικῇ
701 3311 810 3359 βρύον
826 3313 940 3359 τέχνῃ,
1246 3312 1408 3349 Priorem
1452 3323 1601 3348 versum
1642 3311 1749 3348 affert
1793 3310 1967 3348 Stobaeus
2003 3308 2190 3358 XXXIX,
2232 3310 2291 3346 14.

270 3368 289 3401 6
308 3366 337 3401 δ’
356 3367 455 3402 αὐτὸς
473 3366 594 3411 ὑμνῶν,
613 3367 712 3402 αὐτὸς
731 3366 766 3401 ἐν
783 3366 876 3412 θοίνῃ
894 3367 1020 3415 παρὼν,
1246 3364 1423 3412 Sophocli
1441 3364 1633 3401 tributum.

268 3421 367 3456 αὐτὸς
385 3419 456 3454 τάδ’
476 3420 589 3460 εἰπὼν,
609 3420 708 3456 αὐτός
727 3420 821 3455 ε’στιν
839 3422 858 3455 6
877 3423 1002 3456 κτανὼν
1298 3419 1365 3454 28]
1378 3444 1387 3454 .
1418 3415 1588 3453 Stobaeus
1608 3416 1729 3459 XLV,
1755 3419 1813 3453 14.

271 3475 329 3507 τὴν
346 3474 448 3507 παῖδα
467 3474 525 3507 τὸν
543 3473 634 3518 ἐμόν.
1351 3473 1454 3507 Κακοὶ
1470 3472 1537 3518 γὰρ
1557 3471 1594 3507 εὖ
1611 3473 1826 3512 πράσσοντες
1846 3472 1905 3507 οὐκ
1923 3469 2115 3516 ἄνασχετοί.

1197 3488 1252 3546 ΔῙῐ
