2488 3860
151 364 210 398 ΔΙ.

150 469 220 501 ΕΥ.

151 522 235 554 ΔΙΣ.

151 626 220 658 Er.

151 783 235 815 Am.

151 836 221 868 Er.

156 1516 215 1548 ΔΙ.

157 1673 224 1704 ΕΥ.

160 2141 218 2172 ΔΙ.

161 2769 228 2798 ’(0.

1038 257 1346 300 ΒΑΤΡΑΧΟῙ.

739 363 837 398 τοῦτο
855 362 916 408 μὲν
932 363 1046 404 ἔασον,
1065 361 1093 398 ὃ
1110 365 1183 399 τᾶν.

253 411 293 446 οὐ
304 411 362 447 σοὶ
373 411 439 458 γάρ
450 411 525 447 ἐστι
534 411 716 459 περίπατος
727 415 895 451 κάλλιστα
907 416 987 463 περί
995 428 1038 463 γε
1049 413 1183 451 τούτου.

252 464 365 500 ἔπειτα
381 465 541 499 τουτουσὶ
557 466 676 500 λαλεῖν
692 466 827 511 ἐδίδαξα

819 520 907 567 φημὶ
924 520 1027 568 ἀἰγό-

254 569 300 606 ὧς
314 569 395 615 πρὶν
411 567 542 613 διδάξω
558 568 590 616 γ’
610 568 742 615 ὤφελες
758 572 864 616 μέσος
881 573 1107 620 διαρραγῆναι.
1123 585 1183 618 955

251 622 385 657 λεπτῶν
406 635 444 655 τε
462 622 605 656 κανόνων
623 625 774 667 ἐσβολὰς
791 626 879 662 ἐπῶν
894 641 932 661 τε
948 626 1172 672 γωνιασμοῦς,

254 675 352 712 νοεῖν,
372 674 465 720 ὁρᾶν,
484 673 639 717 ξυνιέναι,
659 676 833 720 στρέφειν,
853 675 942 722 ἐρᾶν,
962 679 1142 722 τεχνάζειν,

255 724 329 772 κάχ’
347 725 601 769 ὑποτοπεῖσθαι,
620 729 786 773 περινοεῖν
802 727 931 762 ἅπαντα

975 780 1063 826 φημὶ
1081 780 1186 827 κάγώ·

248 830 353 866 οἰκεῖα
364 829 530 876 πράγματ’
542 829 698 878 εἰσάγων,
714 828 765 867 οἷς
776 831 939 878 χρώμεθ’,
951 829 1002 869 οἷς
1011 831 1186 878 ξύνεσμεν,

256 882 294 926 ἐξ
312 882 358 917 ὧν
373 881 406 929 γ’
421 882 462 917 ἂν
472 882 715 930 ἐξηλεγχόμην·
735 884 920 928 ξυνειδότες
931 885 997 931 γὰρ
1010 884 1103 921 οὗτοι
1126 889 1189 931 960

255 937 408 983 ἤλεγχον
437 935 478 970 ἃν
506 949 572 980 μου
601 935 662 980 τὴν
690 935 822 982 τέχνην·
854 936 932 972 ἀλλ’
954 937 1014 973 οὐκ
1045 938 1186 983 ἐκομπο-

306 988 431 1023 λάκουν

256 1039 322 1076 ἀπὸ
356 1042 417 1074 τοῦ
452 1040 592 1087 φρονεῖν
625 1040 842 1082 ἀποσπάσας,
879 1042 949 1077 οὐδ’
986 1042 1190 1087 ἐξέπληττον

308 1092 438 1136 αὐτοὺς,

257 1142 405 1181 Κύκνους
442 1149 547 1181 ποιῶν
586 1146 640 1181 καὶ
681 1145 855 1191 Μέμνονας
899 1148 1187 1194 κωδωνοφαλαρο-

309 1198 456 1234 πώλους.

256 1250 382 1296 γνώσει
418 1251 454 1285 δὲ
489 1250 567 1286 τοὺς
601 1249 721 1286 τούτου
755 1265 793 1286 τε
829 1251 934 1297 κάμοῦ
967 1251 1000 1300 γ’
1036 1252 1191 1299 ἐκατέρου

309 1302 467 1347 μαθητάς·
532 1334 538 1345 ι
1131 1309 1190 1352 964

258 1357 452 1400 τουτουμενὶ
470 1355 655 1402 Φορμίσιος
672 1356 877 1403 Μεγαίνετός
895 1356 928 1391 θ’
947 1359 966 1392 ὁ
985 1358 1134 1405 Μάγνης,

260 1409 699 1455 σαλπιγγολογχυπηνάδαι,
717 1411 1153 1456 σαρκασμοπιτυοκάμπται,

259 1459 356 1504 οὑμοὶ
373 1460 410 1494 δέ
429 1462 629 1507 Κλειτοφῶν
645 1474 682 1495 τε
700 1462 753 1496 καὶ
772 1462 964 1526 Θηραμένης
982 1465 1001 1496 ὁ
1019 1463 1166 1509 κομψός.

261 1513 469 1558 Θηραμένης;
490 1513 603 1558 σοφός
618 1512 651 1559 γ’
667 1513 749 1559 ἀνὴρ
768 1515 821 1548 καὶ
841 1515 982 1550 δεινὸς’
965 1529 999 1551 ες
1015 1516 1057 1549 τὰ
1073 1516 1191 1555 πάντα,

260 1563 297 1599 ὃς
314 1563 354 1608 ἣν
371 1567 483 1601 κακοῖς
499 1579 566 1600 που
582 1566 749 1612 περιπέσῃ
769 1567 822 1601 καὶ
839 1567 989 1611 πλησίον
1005 1570 1175 1614 παραστῇ,

258 1615 431 1652 πέπτωκεν
443 1617 509 1661 ἔξω
522 1620 588 1652 τῶν
603 1621 721 1658 κακῶν,
734 1618 774 1653 οὔ
787 1621 879 1659 Χῖος,
895 1620 986 1654 ἀλλὰ
1000 1620 1108 1656 Κεῖος.
1132 1631 1197 1665 970v

259 1671 395 1704 τοιαῦτα
411 1669 582 1716 μέντούγὼ
600 1671 740 1716 φρονεῖν

259 1719 431 1756 τούτοισιν
448 1721 691 1769 εἰσηγησάμην,

260 1774 430 1819 λογισμὸν
447 1774 551 1810 ἐνθεὶς
567 1775 608 1819 τῇ
625 1776 726 1820 τέχνῃ

236 1844 246 1847 -
261 1826 315 1860 καὶ
333 1826 472 1872 σκέψιν,
490 1826 573 1861 ὥστ’
591 1827 652 1871 ἤδη
671 1829 757 1862 νοεῖν

260 1878 389 1912 ἅπαντα
406 1879 460 1913 καὶ
478 1879 630 1914 διειδέναι

259 1931 302 1964 τά
318 1929 347 1963 τ’
365 1930 457 1965 ἄλλα
474 1932 527 1965 καὶ
544 1931 603 1966 τὰς
620 1931 724 1968 οἷκίας

261 1980 362 2015 οίκεῖν
378 1981 512 2026 αμεινον
527 1982 547 2027 ἦ
565 1984 631 2029 πρὸ
648 1986 720 2023 τοῦ,

261 2033 492 2073 κάνασκοπεῖν,
511 2038 583 2070 πῶς
598 2034 690 2070 τοῦτ’
709 2036 800 2081 ἔχει·
792 2063 801 2076 ,

259 2087 326 2120 ποῦ
342 2100 399 2130 μοι
417 2087 515 2126 τοδί;
544 2088 595 2123 τίς
611 2087 700 2122 τοῦτ’
719 2089 851 2129 ἔλαβε
843 2115 851 2128 ,

263 2138 301 2181 νὴ
319 2137 397 2174 τοὺς
414 2138 521 2177 θεοὺς,
541 2142 598 2174 νῦν
614 2143 697 2187 γοῦν
712 2140 812 2185 Ἀθη·

261 2189 359 2238 ναίων
377 2191 463 2226 ἅπας
479 2206 530 2227 τις
547 2191 662 2226 cimam

260 2241 396 2288 κέκραγε
413 2244 498 2288 πρὸς
514 2243 592 2279 τοὺς
609 2243 737 2280 οἶκέτας

265 2294 355 2337 ζητεῖ
370 2309 418 2334 τε,
437 2298 503 2330 ποῦ
520 2295 609 2330 ’στιν
625 2295 645 2339 ἦ
662 2295 791 2343 χύτρας

259 2347 309 2381 τίς
326 2346 386 2390 τὴν
403 2347 555 2392 κεφαλὴν
572 2347 774 2393 ἀπεδήδοκεν

259 2399 316 2441 τῆς
333 2399 480 2442 μαινίδος
495 2412 503 2438 ;
531 2401 571 2434 τὸ
588 2399 751 2446 τρύβλιον

258 2451 297 2483 τὸ
314 2452 494 2496 περυσινὸν
510 2451 646 2496 τέθνηκέ
660 2461 730 2497 μοι·

259 2504 325 2536 ποῦ
342 2503 381 2536 τὸ
400 2504 564 2549 σκόροδον
581 2505 619 2538 τὸ
637 2505 806 2549 χθιζινόνς

259 2554 309 2589 τίς
326 2555 384 2598 τῆς
403 2555 509 2591 ἐλάας
526 2556 730 2604 παρέτραγεν
744 2570 753 2597 ;

260 2607 341 2641 τέως
359 2606 386 2641 δ’
406 2607 683 2654 ἀβελτερώτατοι,

260 2661 434 2702 κεχηνότες
452 2660 683 2704 Μαμμάκυθοι,

260 2712 444 2756 Μελητίδαι
462 2711 614 2756 καθῆντο.

259 2763 337 2797 τάδε
354 2764 414 2807 μὲν
429 2761 603 2803 λεύσσεις,
623 2764 753 2810 φαίδιμ’
771 2764 947 2810 Ἀχιλλεῦ·
1114 2767 1185 2802 ἀντ.

261 2815 306 2849 σὺ
324 2816 359 2850 δὲ
377 2816 421 2854 τί,
441 2815 536 2860 φέρε,
556 2817 640 2862 πρὸς
656 2819 759 2852 ταῦτα
776 2819 907 2861 λέξεις;
935 2820 1036 2863 μόνον
1053 2818 1143 2856 ὅπως

259 2866 304 2911 μή
324 2865 357 2901 σ’
376 2870 394 2901 ὁ
413 2867 516 2911 θυμὸς
533 2870 687 2914 ἁρπάσας

259 2920 352 2955 ἐκτὸς
370 2917 457 2953 οἴσει
474 2923 539 2954 τῶν
558 2920 680 2954 ἐλαῶν·

261 2971 350 3005 δεινὰ
366 2972 432 3017 γὰρ
450 2974 681 3018 κατηγόρηκεν.

260 3022 336 3058 ἀλλ’
356 3022 457 3062 ὅπως,
477 3023 503 3057 ὦ
519 3025 671 3069 γεννάδα,

260 3075 304 3118 μὴ
321 3076 405 3121 πρὸς
422 3075 526 3121 ὀργὴν
542 3075 735 3119 ἀντιλέξεις,
1212 3114 1214 3122 1

260 3127 348 3161 ἀλλὰ
367 3127 564 3166 συστείλας,
583 3127 716 3173 ἄκροισι
1212 3140 1214 3172 !

262 3180 428 3222 χρώμενος
446 3180 516 3214 τοῖς
535 3179 666 3217 ἱστίοις,

260 3227 330 3263 εἶτα
346 3232 479 3273 μᾶλλον
495 3232 629 3275 μᾶλλον
645 3231 746 3274 ἄξεις,

260 3283 312 3316 καὶ
330 3282 506 3326 φυλάξεις,
1212 3280 1214 3296 Ῑ

260 3333 339 3377 ἡνίκ’
358 3334 399 3367 ἂν
414 3335 454 3368 τὸ
470 3336 598 3379 πνεῦμα
614 3335 708 3369 λεῖον
1211 3342 1215 3379 ξ

261 3386 314 3419 καὶ
331 3385 534 3430 καθεστηκὸς
550 3387 674 3430 λάβῃς.
1066 3386 1190 3436 [σεμνὰ
1211 3383 1215 3418 ἶ

260 3436 338 3471 ἀλλ’
361 3437 387 3471 ὦ
413 3441 545 3482 πρῶτος
571 3436 830 3482 τῶνἙλλήνων
853 3440 1035 3486 πυργώσας
1056 3440 1190 3488 ῥήματα
1211 3422 1215 3495 Ι

262 3489 314 3523 και
332 3488 506 3533 κοσμήσας
523 3491 679 3536 τραγικὸν
694 3491 811 3537 λῆρον,
831 3490 962 3538 θαρρῶν
978 3493 1036 3528 τὸν
1053 3494 1191 3541 κρουνὸν
1211 3500 1216 3559 Ἰ

311 3540 417 3585 ἀφίει.
1110 3558 1216 3589 1005

1129 2146 1191 2187 980

1129 2937 1188 2968 995
1213 2921 1215 2924 ’

1083 3191 1215 3235 '1000'

2183 264 2266 307 559

1226 369 1310 400 A12.
1339 364 1505 410 θυμοῦμαι
1525 364 1587 409 μὲν
1604 367 1643 410 τῇ
1671 365 1843 412 ξυντυχίᾳ,
1863 366 1918 402 καί
1939 380 2004 412 μου
2021 367 2063 403 τὰ
2089 367 2262 415 σπλάγχν’

1225 682 1294 712 ΕΥ.

1226 786 1308 816 ΑΙΣ.

1225 996 1283 1026 ΔΙ.

1225 1048 1308 1078 ΛΙΣ.

1226 1518 1292 1548 ΕΥ.

1226 1623 1283 1654 ΔΙ.

1225 1831 1306 1862 ΑΙΣ.

1176 1897 1188 1925 ,²
1225 1884 1309 1915 Alz.

1225 1986 1284 2017 ΔΙ.

1228 2194 1309 2225 ΑῙΣ.

1228 2457 1284 2487 ΔΙ.

1122 2677 1187 2708 990
1228 2666 1309 2696 ΑΙΣ.

1232 3289 1289 3319 ΔΙ.

1381 416 1568 463 ἀγανακτεῖ,

1329 467 1360 503 εί
1376 469 1461 515 πρὸς
1478 471 1598 504 τοῦτον
1614 469 1667 504 δεῖ
1681 469 1714 514 μ’
1733 470 1928 518 ἀντιλέγειν·
1956 469 2009 507 ἰ’να
2031 471 2077 517 μὴ
2095 473 2213 519 φάσκῃ
2232 473 2260 508 δ’

1381 521 1519 567 ἀπορεῖν
1534 536 1588 566 με,

1330 572 1505 619 ἀπόκριναί
1526 588 1596 618 μοι,
1621 574 1710 610 τίνος
1731 573 1847 610 οὔνεκα
1871 575 1938 622 χρὴ
1963 575 2138 621 θαυμάζειν
2160 577 2262 623 ἄνδρα

1487 624 1496 635 ,

1380 639 1520 669 ποιητην
1534 638 1543 665 ;

1328 677 1519 721 δεξιότητος
1537 677 1590 712 καὶ
1608 677 1794 722 νουθεσίας,
1809 669 1861 714 ὅτῖ
1877 681 2036 721 βελτίους
2053 695 2090 716 τε
2102 684 2263 726 ποιοῦμεν

1328 729 1406 766 τοὺς
1423 729 1618 776 ἀνθρώπους
1636 730 1672 765 ἐν
1688 733 1761 767 ταῖς
1777 733 1934 767 πόλεσιν.
2185 748 2262 769 1010

1778 783 1867 818 τοῦτ’
1886 782 1945 818 οὖν
1962 784 1991 818 εἶ
2007 784 2051 829 μὴ
2068 786 2260 830 πεποίηκας,

1327 833 1405 868 ἀλλ’
1443 833 1479 868 ἐκ
1512 837 1673 880 χρηστῶν
1707 836 1760 870 καὶ
1793 836 1951 882 γενναίων
1990 837 2260 884 μοχθηροτάτους

1378 885 1565 930 ἀπέδειξας,

1327 937 1361 974 τί
1376 937 1494 974 παθεῖν
1510 937 1636 984 φήσεις
1653 939 1746 983 ἄξιος
1764 936 1845 974 εἶναι
1857 953 1867 980 ;

1754 991 1916 1027 τεθνάναι·
1944 992 1988 1037 μὴ
2006 995 2125 1028 τοῦτον
2143 994 2260 1040 ἐρώτα.

1338 1042 1468 1089 σκέψαι
1484 1043 1596 1078 τοίνυν
1616 1041 1706 1080 οἵους
1723 1043 1842 1080 αὐτοὺς
1861 1041 1940 1091 παρ’
1959 1045 2039 1089 ἐμοῦ
2056 1047 2259 1092 παρεδέξατο

1377 1098 1521 1142 πρῶτον,

1327 1147 1357 1182 εἷ
1385 1147 1555 1194 γενναίους
1585 1148 1638 1183 καὶ
1668 1147 1896 1196 τετραπήχεις,
1925 1149 1978 1184 καὶ
2007 1149 2052 1195 μὴ
2083 1150 2255 1197 διαδρασι-

1377 1199 1530 1240 πολίτας,

1326 1251 1400 1297 μηδ’
1428 1252 1606 1299 ἀγοραίους
1631 1253 1713 1297 μηδὲ
1740 1254 1920 1295 κοβάλους,
1946 1254 2062 1301 ὥσπερ
2089 1257 2158 1296 νῦν,
2181 1256 2262 1300 μηδὲ

1377 1303 1596 1351 πανούργους,
2186 1322 2222 1344 ιο
2228 1323 2238 1343 1
2246 1322 2261 1352 5

1327 1357 1418 1391 ἀλλὰ
1439 1357 1598 1392 πνέοντας
1620 1357 1700 1402 δόρυ
1725 1358 1777 1391 καὶ
1800 1359 1930 1404 λόγχας
1954 1359 2006 1393 καὶ
2029 1361 2262 1407 λευκολόφους

1377 1409 1584 1455 τρυφαλείας

1328 1461 1380 1496 καὶ
1397 1460 1547 1505 πήληκας
1565 1462 1618 1496 καὶ
1636 1462 1789 1506 κνημῖδας
1808 1463 1861 1497 καὶ
1879 1462 2002 1507 θυμοὺς
2020 1464 2248 1505 ἑπταβοείους.

1326 1514 1378 1548 καὶ
1405 1514 1444 1557 δὴ
1474 1515 1580 1560 χωρεῖ
1603 1515 1696 1548 τουτὶ
1722 1515 1760 1548 τὸ
1791 1516 1899 1548 κακόν·
1928 1519 2133 1561 κρανοποιῶν
2162 1515 2204 1551 αὖ
2229 1517 2262 1560 μ’

1380 1565 1564 1612 ἐπιτρίψει.

1325 1618 1378 1652 καὶ
1407 1618 1441 1652 τί
1471 1617 1517 1652 σὺ
1547 1618 1675 1664 δράσας
1704 1616 1809 1654 οὕτως
1839 1618 1958 1655 αὐτοὺς
1987 1620 2157 1667 γενναίους
2187 1621 2258 1665 ἐξε-

1380 1670 1537 1714 δίδαξαςς

1328 1721 1493 1768 Αἰσχύλε,
1511 1722 1625 1766 λέξον,
1642 1722 1720 1767 μηδ’
1736 1722 1886 1759 αὐθαδῶς
1904 1726 2145 1770 σεμνυνόμενος
2156 1726 2261 1771 χαλέ-

1377 1789 1484 1809 παινε.
2186 1792 2263 1814 1020

1335 1826 1444 1873 δρᾶμα
1459 1825 1604 1871 ποιήσας
1613 1825 1744 1873 Ἀρεως
1760 1829 1897 1872 μεστόν.
1953 1834 2012 1864 ΔΙ.
2040 1830 2159 1871 ποῖον;

1874 1879 1952 1916 τοὺς
1969 1880 2039 1916 ἕπτ’
2061 1881 2117 1917 ἐπὶ
2135 1881 2262 1927 Θήβας·

1329 1929 1348 1966 δ
1366 1929 1571 1976 θεασάμενος
1587 1933 1652 1968 πᾶς
1669 1931 1710 1966 ἅν
1727 1946 1777 1967 τις
1794 1932 1876 1978 ἀνὴρ
1893 1929 2025 1978 ἦράσθη
2044 1934 2135 1970 δάῖος
2152 1932 2247 1970 εἶναι.

1325 1982 1418 2016 τουτὶ
1451 1981 1513 2025 μέν
1547 1995 1604 2015 σοι
1640 1983 1740 2016 κακὸν
1774 1979 1960 2027 εἴργασται·
1995 1981 2164 2025 Θηβαίους
2196 1982 2262 2028 γὰρ

1378 2033 1560 2077 πεποίηκας

1327 2084 1576 2131 ἀνδρειοτέρους
1611 2084 1658 2121 εἷς
1691 2085 1750 2119 τὸν
1782 2085 1945 2130 πόλεμον·

1379 2134 1496 2172 οὗκενα
1512 2135 1649 2172 τύπτου.

1337 2188 1415 2224 ἀλλ’
1447 2190 1524 2234 ὑμῖν
1550 2186 1620 2223 αὕτ’
1648 2189 1725 2233 ἐξῆν
1751 2189 1878 2229 ἀσκεῖν,
1904 2188 1983 2223 ἀλλ’
2010 2189 2070 2224 οὐκ
2097 2189 2151 2224 ἐπὶ
2177 2186 2264 2232 τοῦτ’

1380 2241 1579 2288 ἐτράπεσθε.
2186 2255 2242 2277 102
2247 2254 2263 2285 5

1329 2291 1399 2329 εἶτα
1430 2294 1565 2338 διδάξας
1591 2293 1727 2340 Πέρσας
1757 2295 1840 2338 μετὰ
1870 2293 1958 2328 τοῦτ’
1992 2293 2161 2339 ἐπιθυμεῖν
2191 2294 2263 2338 ἐξε-

1380 2346 1499 2390 δίδαξα

1329 2400 1420 2434 νικᾶν
1432 2399 1483 2433 ἀεὶ
1496 2398 1574 2434 τοὺς
1587 2398 1799 2438 ἀντιπάλους,
1815 2397 1990 2443 κοσμήσας
2001 2399 2100 2445 ἔργον
2112 2398 2262 2443 ἄριστον.

1327 2451 1450 2497 ἐχάρην
1478 2453 1572 2496 γοῦν,
1601 2449 1680 2494 ἡνίκ’
1713 2450 1907 2497 ἀπηγγέλθη
1938 2451 2015 2496 περὶ
2043 2451 2184 2497 Δαρείου
2210 2465 2263 2484 τε-

1382 2502 1534 2541 θνεῶτος,

1329 2557 1348 2590 ὁ
1371 2556 1474 2601 χορὸς
1498 2553 1527 2589 δ’
1553 2554 1649 2591 εὐθὺς
1673 2555 1719 2589 τὼ
1741 2554 1828 2601 χεῖρ’
1854 2554 1914 2589 ὡδὶ
1938 2552 2152 2601 συγκρούσας
2175 2551 2265 2589 εἶπεν

1382 2608 1479 2642 ἰαυοῖ.

1337 2663 1439 2694 ταῦτα
1466 2659 1531 2706 γὰρ
1558 2658 1678 2705 ἄνδρας
1707 2659 1773 2705 χρὴ
1799 2659 1937 2702 ποιητὰς
1968 2659 2095 2693 ἀσκεῖν.
2136 2658 2264 2705 σκέψαι

1380 2712 1445 2758 γὰρ
1463 2711 1518 2746 ἀπ’
1538 2711 1654 2756 ἀρχῆς,
2185 2724 2265 2754 1030

1330 2764 1374 2799 ὧς
1392 2763 1561 2808 ὠφέλιμοι
1579 2767 1644 2797 τῶν
1661 2766 1805 2808 ποιητῶν
1823 2764 1855 2797 οἱ
1871 2765 2015 2809 γενναῖοι
2031 2765 2236 2810 γεγένηνται.

1328 2815 1475 2863 Ὀρφεὺς
1499 2815 1561 2859 μὲν
1585 2816 1650 2862 γὰρ
1676 2816 1812 2851 τελετάς
1839 2815 1872 2849 θ’
1901 2814 1976 2859 ἡμῖν
2002 2815 2168 2859 κατέδειξε
2194 2816 2263 2861 φό-

1382 2882 1446 2902 νων
1462 2864 1492 2901 τ’
1509 2866 1707 2912 ἀπέχεσθαι,

1331 2921 1504 2955 Μουσαῖος
1535 2918 1562 2952 δ’
1596 2919 1764 2963 ἐξακέσεις
1790 2934 1826 2953 τε
1857 2920 1965 2954 νόσων
1991 2919 2044 2954 καὶ
2074 2919 2262 2965 χρησμοὺς,

1380 2970 1543 3006 Ἡσίοδος
1560 2971 1596 3005 δὲ

1330 3024 1391 3070 γῆς
1418 3023 1588 3069 ἐργασίας,
1614 3026 1747 3069 καρπῶν
1773 3023 1870 3070 ὥρας,
1892 3023 2043 3069 ἀρότους·
2073 3025 2092 3058 ὁ
2116 3023 2152 3057 δὲ
2177 3022 2265 3059 θεῖος

1376 3073 1526 3121 ’Ὄμηιῡος

1332 3127 1396 3162 ἀπὸ
1427 3129 1487 3161 τοῦ
1517 3126 1614 3170 τιμὴν
1643 3128 1696 3162 καὶ
1722 3127 1820 3163 κλέος
1846 3128 1948 3173 ἔσχεν
1977 3127 2067 3172 πλὴν
2095 3125 2186 3162 τοῦδ’
2213 3126 2265 3161 ὅτι

1383 3177 1504 3224 χρήστ’
1524 3179 1664 3222 ἐδίδαξε,
2185 3192 2261 3223 1035

1333 3231 1454 3274 τάξεις,
1473 3230 1602 3277 ἀρετὰς,
1622 3231 1777 3267 ὁπλίσεις
1794 3231 1946 3277 ἀνδρῶν’,

1805 3284 1858 3318 καὶ
1874 3283 1939 3327 μὴν
1955 3283 1995 3317 οὗ
2013 3283 2208 3317 Παντακλέα
2224 3298 2264 3347 γε

1335 3333 1524 3378 ἐδίδαξεν”
1504 3349 1592 3379 ομως
1615 3335 1673 3369 τὸν
1694 3336 1902 3370 σκαιότατον·
1930 3336 2043 3380 πρώην
2064 3337 2158 3380 γοῦν,
2181 3334 2262 3379 ἡνίκ’

1386 3386 1541 3431 ἔπεμπεν,

1334 3438 1373 3473 τὸ
1391 3439 1508 3484 κράνος
1524 3442 1659 3485 πρῶτον
1667 3439 1928 3484 περιδησάμενος
1945 3439 2003 3472 τὸν
2015 3438 2127 3483 λόφον
2143 3436 2263 3483 ἤμελλ’

1388 3484 1570 3531 ἐπιδήσειν.
2020 3486 2185 3536 [μαχος”
2162 3499 2260 3537 ηρως·

1984 2085 2037 2120 καὶ
2076 2083 2196 2120 τούτου
2230 2085 2263 2132 γ’

1235 3547 1315 3579 ΑΙΣ.
1344 3540 1422 3577 ἀλλ’
1441 3541 1566 3579 ἄλλους
1585 3555 1637 3577 τοι
1654 3542 1806 3578 πολλοὺς
1826 3541 1981 3588 ἀγαθοὺς,
2001 3540 2081 3576 ὤν’
2062 3556 2102 3586 ην
2123 3542 2175 3577 και
2195 3543 2259 3577 Λά-
