2488 3860
216 258 292 302 ΜΒ

219 367 268 398 01.
311 362 392 398 ὅταν
409 361 498 398 θάνω
516 361 576 410 ’γὼ
595 362 649 398 καὶ
667 360 713 398 σύ
730 376 796 408 μου
813 361 941 410 ταφεὺς
957 361 1050 410 γένῃ.

213 421 286 451 ΘΗ.
312 416 354 451 τὰ
370 413 498 451 λοίσθι’
516 415 602 450 αἷτεῖ
617 418 678 451 τοῦ
695 415 787 458 βίου.
807 416 849 451 τὰ
867 415 895 451 δ’
916 415 951 450 ἐν
967 416 1062 464 μέσῳ

313 468 333 514 ἢ
351 470 476 514 λῆστιν
493 466 606 515 ’ίσχεις
623 467 643 514 ἢ
662 468 703 504 δι’
723 468 858 505 οὐδενὸς
875 470 976 504 ποιεῖ.

213 527 268 557 01.
315 521 456 557 ἐνταῦθα
473 522 539 569 γάρ
556 536 614 567 μοι
633 523 722 557 κεῖνα
740 522 990 566 συγκομίζεται.

211 583 288 613 ΘΗ.
313 574 392 609 ἀλλ’
412 575 448 609 ἐν
464 576 591 621 βραχεῖ
607 574 647 620 δὴ
665 574 764 620 τήνδε
780 574 814 620 μ’
835 575 959 619 ἐξαιτεῖ
974 574 1084 620 χάριν.

213 633 269 662 ΟΙ.
317 626 379 674 ὅρα
396 642 437 674 γε
454 626 530 672 μήν’
564 628 603 662 οὗ
623 629 776 675 σμικρὸς,
796 627 868 668 οὒκ,
888 628 979 674 ἀγὼν
997 626 1065 661 ὅδε.

211 686 288 716 ΘΗ.
317 682 444 727 πότερα
461 681 503 715 τὰ
521 684 586 716 τῶν
605 685 676 716 σῶν
694 681 849 728 ἐκγόνων,
869 680 888 726 ἢ
907 680 984 726 ’μοῦ
1000 679 1134 727 λέγεις;

211 739 268 768 ΟΙ.
317 736 416 768 κεῖνοι
436 734 583 778 κομίζειν
600 733 684 769 κεῖσ’
704 733 939 780 ἀναγκάσουσί
955 748 1009 778 με.

210 790 285 820 ΘΗ.
315 785 394 820 ἀλλ’
415 786 443 821 εἷ
461 785 624 822 θέλοντάς
642 784 688 833 γ’,
708 786 785 821 οὐδὲ
805 787 862 822 σοὶ
882 786 1024 832 φεύγειν
1042 787 1157 822 καλόν.

210 843 266 873 ΟΙ.
314 836 392 872 ἀλλ’
412 837 451 872 οὗ
473 837 495 878 ’,
515 837 563 872 ὅτ’
582 838 682 875 αὐτὸς
700 838 834 883 ἤθελον,
854 838 1032 885 παρίεσαν.

210 895 286 925 ΘΗ.
317 889 342 925 ὦ
359 893 461 937 μῶρε,
483 890 586 936 θυμὸς
604 890 632 926 δ’
653 891 688 926 ἐν
706 893 817 927 κακοῖς
835 891 875 926 οὗ
894 889 1085 936 ξύμφορον.

211 949 268 978 ΟΙ.
310 942 390 978 ὅταν
407 943 515 988 μάθῃς
532 958 609 989 μου,
631 943 791 984 νουθέτει,
811 946 911 979 τανῦν
929 943 958 978 δ’
979 944 1029 978 ἕα.

210 1001 288 1032 ΘΗ.
314 995 458 1031 δίδασκ’.
489 996 566 1031 ἄνευ
583 998 716 1044 γνώμης
732 997 799 1044 γὰρ
817 998 858 1031 οὔ
874 1012 917 1042 με
934 995 1000 1042 χρὴ
1019 995 1145 1042 λέγειν.

211 1054 269 1085 ΟΙ.
312 1048 475 1090 πέπονθα,
497 1052 623 1094 Θησεῦ,
644 1050 734 1085 δεινὰ
751 1050 836 1097 πρὸς
854 1051 966 1085 κακοῖς
985 1049 1080 1083 κακά.

211 1107 288 1137 ΘΗ.
313 1100 333 1146 ἦ
353 1101 413 1146 τὴν
429 1103 576 1138 παλαιὰν
593 1102 774 1149 ξυμφορὰν
790 1103 908 1149 γένους
926 1102 1012 1149 ἐρεῖς
1026 1114 1036 1142 3

211 1161 268 1190 ΟΙ.
313 1155 352 1190 οὐ
372 1156 455 1200 δῆτ’·
486 1156 558 1190 ἐπεὶ
575 1157 641 1191 πᾶς
658 1157 759 1190 τοῦτό
776 1155 807 1200 γ’
826 1154 1002 1200 Ἑλλήνων
1020 1154 1124 1201 θροεῖ.

211 1213 288 1244 ΘΗ.
311 1207 345 1243 τί
361 1209 427 1256 γὰρ
445 1209 483 1243 τὸ
501 1209 615 1254 μεῖζον
632 1207 651 1254 ἢ
671 1208 740 1244 κατ’
760 1208 937 1255 ἄνθρωπον
955 1209 1067 1244 νοσεῖς
1080 1233 1088 1247 ,

211 1266 270 1296 01.
314 1259 420 1298 οὕτως
438 1262 509 1307 ἕχει
527 1276 597 1306 μοι.
626 1264 690 1310 γῆς
708 1262 788 1307 ἐμῆς
806 1261 982 1306 ἀπηλάθην

313 1315 399 1361 πρὸς
416 1318 482 1349 τῶν
500 1314 644 1359 ἐμαυτοῦ
663 1316 878 1361 σπερμάτων·
909 1315 1004 1349 ἔστιν
1023 1312 1062 1348 δέ
1076 1327 1134 1358 μοι

313 1368 417 1403 πάλιν
434 1367 608 1402 κατελθεῖν
624 1367 765 1413 μήποθ’,
785 1368 830 1404 ὡς
847 1368 1075 1414 πατροκτόνῳ.

211 1425 289 1455 ΘΗ.
316 1424 388 1456 πῶς
406 1421 490 1465 δῆτά
509 1420 542 1455 σ’
562 1421 602 1455 ἂν
618 1420 827 1468 πεμψαίαθ’,
846 1419 928 1455 ὥστ’
948 1419 1049 1455 οἰκεῖν
1067 1418 1167 1465 δίχα;

212 1478 268 1508 ΟΙ.
312 1474 351 1508 τὸ
369 1473 459 1508 θεῖον
476 1474 596 1510 αὐτοὺς
615 1474 838 1521 ἐξαναγκάσει
847 1475 970 1519 στόμα.

212 1531 291 1561 ΘΗ.
316 1527 413 1561 ποῖον
430 1526 538 1563 πάθος
556 1526 735 1563 δείσαντας
753 1527 789 1562 ἐκ
806 1525 1046 1573 χρηστηρίων;

212 1585 269 1614 ΟΙ.
316 1578 368 1614 ὅτι
388 1578 451 1625 σφ’
472 1580 596 1626 ἀνάγκη
615 1580 695 1624 τῇδε
711 1581 880 1626 πληγῆναι
897 1579 1009 1625 χθονί.

211 1637 287 1667 ΘΗ.
314 1632 368 1666 καὶ
385 1635 457 1669 πῶς
473 1632 594 1680 γένοιτ’
615 1632 655 1667 ἂν
672 1633 760 1678 τάμὰ
778 1632 936 1668 κάκείνων
952 1631 1075 1678 πικρά;

213 1690 270 1721 01.
316 1684 341 1719 ὦ
360 1685 500 1731 φίλτατ’
520 1685 648 1733 Αἰγέως
665 1687 737 1725 παῖ,
757 1687 872 1731 μόνοις
890 1685 930 1720 οὔ
946 1685 1094 1732 γίγνεται

317 1738 428 1773 θεοῖσι
445 1741 551 1786 γῆρας
569 1739 647 1774 οὐδὲ
666 1738 839 1774 κατθανεῖν
855 1754 950 1780 ποτε,

315 1792 358 1826 τὰ
376 1791 403 1826 δ’
423 1791 515 1827 ἅλλα
534 1794 660 1839 συγχεῖ
674 1791 777 1828 πάνθ’
797 1794 816 1827 ὁ
833 1790 1027 1839 παγκρατὴς
1043 1791 1179 1838 χρόνος.

315 1843 430 1890 φθίνει
447 1845 508 1890 μὲν
526 1844 629 1891 ἶσχὺς
649 1846 724 1892 γῆς,
744 1844 860 1892 φθίνει
878 1845 915 1880 δὲ
934 1845 1102 1890 σώματος,

317 1895 455 1942 θνήσκει
473 1898 510 1933 δὲ
527 1898 657 1939 πίστις,
676 1899 866 1941 βλαστάνει
884 1897 912 1933 δ’
931 1896 1085 1936 ἀπιστία,

316 1951 369 1986 καὶ
386 1953 516 1992 πνεῦμα
533 1952 655 1986 ταυτὸν
672 1950 788 1987 οὔποτ’
807 1950 876 1986 οὔτ’
897 1951 933 1986 ἐν
950 1951 1113 1994 ἀνδράσιν

313 2001 435 2047 φίλοις
452 2001 600 2044 βέβηκεν
618 2001 696 2034 οὔτε
713 1999 800 2046 πρὸς
816 2001 921 2034 πόλιν
938 2001 1052 2034 πόλει.

311 2056 382 2090 τοῖς
399 2053 461 2099 μὲν
477 2053 544 2100 γὰρ
563 2053 637 2098 ἤδη,
657 2054 728 2088 τοῖς
747 2051 776 2087 δ’
796 2052 832 2087 ἐν
850 2051 986 2100 ὑστέρῳ
1004 2053 1117 2100 χρόνῳ

311 2107 353 2142 τὰ
371 2106 496 2153 τερπνὰ
513 2106 616 2152 πικρὰ
633 2105 785 2152 γίγνεται
804 2103 921 2141 καῦθις
939 2104 1041 2151 φίλα.

312 2160 367 2194 καὶ
385 2161 479 2194 ταῖσι
498 2157 628 2203 Θήβαις
646 2158 676 2192 εἷ
696 2160 797 2193 τανῦν
815 2158 969 2204 εὐημερεῖ

313 2214 423 2247 καλῶς
441 2213 483 2246 τὰ
500 2212 586 2257 πρὸς
605 2211 659 2251 σὲ,
679 2211 799 2257 μυρίας
818 2213 836 2245 ὁ
854 2210 974 2257 μυρίος

313 2266 437 2312 χρόνος
454 2266 627 2298 τεκνοῦται
646 2262 765 2300 νύκτας
783 2262 906 2310 ἡμέρας
924 2262 953 2297 τ’
974 2262 1043 2302 ἶὼν,

313 2318 348 2352 ἐν
366 2314 418 2353 αἷς
436 2317 478 2351 τὰ
497 2319 554 2351 νῦν
572 2315 740 2363 ξύμφωνα
758 2316 947 2361 δεξιώματα

312 2371 403 2416 δόρει
422 2370 648 2404 διασκεδῶσιν
666 2369 702 2403 ἐκ
722 2371 867 2416 σμικροῦ
885 2370 1005 2415 λόγου·

310 2421 352 2458 ἵν’
370 2423 473 2467 οὑμὸς
491 2420 597 2457 εὕδων
615 2422 670 2456 καὶ
689 2421 911 2467 κεκρυμμένος
930 2421 1023 2456 νέκυς

310 2476 450 2522 ψυχρός
467 2474 541 2510 ποτ’
561 2475 671 2509 αὐτῶν
689 2474 813 2521 θερμὸν
830 2471 912 2519 αἷμα
929 2474 1051 2513 πίεται,

311 2528 341 2563 εἶ
360 2527 440 2564 Ζεὺς
459 2528 507 2562 ἔτι
526 2527 618 2568 Ζεὺς,
638 2528 690 2573 χώ
710 2528 790 2563 Διὸς
808 2529 934 2569 Φοῖβος
953 2525 1081 2573 σαφής.

310 2580 389 2615 ἀλλ’
410 2580 450 2615 οὔ
467 2580 534 2626 γὰρ
553 2580 657 2615 αὐδᾶν
674 2579 736 2624 ἡδὺ
754 2579 899 2623 τάκίνητ’
919 2580 994 2624 ἔπη,

311 2634 349 2668 ἕα
366 2632 399 2678 μ’
420 2633 455 2667 ἐν
473 2629 564 2667 οἷσιν
582 2631 745 2679 ἠρξάμην,
765 2633 804 2667 τὸ
824 2634 888 2667 σὸν
904 2634 1007 2677 μόνον

310 2687 435 2722 πιστὸν
453 2686 661 2731 φυλάσσων·
693 2684 828 2720 κοῦποτ’
850 2685 1011 2720 Οἰδίπουν
1029 2685 1115 2732 ἐρεῖς

310 2739 449 2786 ἀχρεῖον
466 2738 625 2785 οἶκητῆρα
643 2738 807 2781 δέξασθαι
826 2740 939 2773 τόπων

311 2795 379 2826 τῶν
396 2790 519 2831 ἐνθάδ’,
540 2789 633 2838 εἴπερ
652 2790 696 2835 μὴ
717 2791 788 2825 θεοὶ
806 2789 986 2838 ψεύσουσί
1003 2805 1057 2835 με.

207 2850 281 2880 ΧΟ.
310 2844 405 2888 ἅναξ,
425 2845 532 2879 πάλαι
551 2843 604 2878 καὶ
622 2846 727 2878 ταῦτα
745 2844 798 2878 καὶ
816 2842 941 2878 τοιαῦτ’
960 2844 1022 2888 ἔπη

310 2901 354 2942 γῇ
373 2900 412 2942 τῇ
434 2895 443 2908 ‘
463 2896 512 2932 ὅδ’
531 2896 613 2942 ἁνὴρ
633 2897 677 2932 ὡς
694 2898 802 2931 τελῶν
821 2896 992 2943 ἐφαίνετο.

208 2955 285 2986 ΘΗ.
314 2950 366 2986 τίς
383 2947 454 2995 δῆτ’
473 2949 513 2984 ἂν
531 2949 652 2995 ἀνδρὸς
670 2949 839 2994 εὐμένειαν
857 2949 998 2990 ἐκβάλοι

314 2999 454 3044 τοιοῦδ’,
474 3001 541 3049 ὅτῳ
558 3005 693 3048 πρῶτον
710 3001 772 3046 μὲν
790 3000 809 3045 ἡ
829 3000 1007 3047 δορύξενος

311 3054 403 3099 κοινὴ
421 3053 500 3100 παρ’
519 3053 597 3098 ἡμῖν
614 3053 684 3088 αἰέν
703 3053 798 3088 ἐστιν
816 3053 936 3093 ἑστία;

309 3109 424 3143 ἔπειτα
443 3105 472 3142 δ’
491 3106 598 3150 ἱκέτης
616 3106 780 3150 δαιμόνων
798 3105 985 3152 ἀφιγμένος

309 3163 354 3208 γῇ
373 3160 452 3205 τῇδε
470 3160 569 3205 κάμοὶ
587 3159 718 3202 δασμὸν
736 3158 776 3192 οὐ
796 3159 938 3204 σμικρὸν
955 3158 1049 3193 τίνει.

311 3213 382 3260 ἁγὼ
402 3211 580 3254 σεβισθεὶς
597 3210 712 3245 οὔποτ’
733 3211 868 3252 ἐκβαλῶ
885 3211 986 3257 χάριν

310 3266 372 3310 τὴν
388 3265 499 3304 τοῦδε,
519 3265 615 3310 χώρᾳ
633 3262 661 3298 δ’
681 3264 826 3308 ἔμπαλιν
839 3267 1007 3298 κατοικιῶ.

313 3318 343 3353 εἷ
361 3317 390 3353 δ’
410 3316 519 3352 ἐνθάδ’
538 3316 600 3360 ἡδὺ
618 3318 664 3364 τῷ
684 3316 769 3364 ξένῳ
786 3316 928 3361 μίμνειν,
950 3316 994 3350 σέ
1011 3330 1061 3351 νιν

312 3370 403 3414 τάξω
422 3370 633 3416 φυλάσσειν·
662 3368 691 3403 εἶ
710 3367 738 3403 δ’
759 3368 840 3413 ἐμοῦ
858 3367 1008 3413 στείχειν
1025 3368 1108 3413 μέτα

312 3423 383 3458 τόδ’
403 3421 477 3467 ἡδὺ,
497 3420 637 3461 τούτων,
659 3420 829 3460 Οἰδίπους,
848 3420 968 3464 δίδωμί
986 3426 1044 3455 σὀι

313 3475 461 3522 κρίναντί
477 3474 642 3521 χρῆσθαι.
673 3474 751 3518 τῇδε
768 3474 835 3520 γὰρ
853 3472 1066 3518 ξυνοίσομαι.

210 3535 268 3565 ΟΙ.
313 3528 339 3563 ὦ
358 3530 433 3568 Ζεῦ,
453 3527 579 3571 διδοίης
597 3528 689 3561 τοῖσι
707 3524 913 3560 τοιούτοισιν
926 3524 980 3560 εὖ.

211 3588 288 3618 ΘΗ.
315 3581 349 3617 τί
367 3582 450 3625 δῆτα
467 3578 625 3627 χρῄζειςς
656 3577 676 3623 ἦ
697 3579 819 3624 δόμους
838 3578 988 3625 στείχειν
1006 3578 1126 3625 ἐμούς,

1299 366 1357 396 ΟΙ.

1299 418 1376 448 ΘΗ.

1299 471 1356 501 ΟΙ.

1193 523 1252 565 585
1299 524 1376 554 ΘΗ.

1299 577 1357 607 ΟΙ.

1299 630 1377 660 ΘΗ.

1299 683 1355 712 ΟΙ.

1300 736 1378 766 ΘΗ.

1202 799 1261 831 590
1300 789 1357 818 01.

1301 841 1381 872 ΘΗ.

1299 894 1357 924 ΟΙ.

1300 947 1357 976 01.

1299 1000 1356 1030 ΟΙ.

1195 1058 1254 1093 595
1274 1078 1278 1096 ι
1301 1053 1359 1083 ΟῙ”

1301 1106 1379 1137 ΘΗ.

1197 1316 1258 1348 600

1198 1581 1256 1621 605

1299 1740 1373 1772 ΧΟ.

1198 1846 1259 1878 6ιο

1200 2109 1258 2149 615

1197 2371 1258 2403 620

1195 2635 1254 2677 625

1194 2899 1257 2941 630

1193 3163 1253 3205 Qs

1193 3426 1255 3467 640

1077 263 1477 304 ΣΟΦΟΚΛΕΟΥΣ

1401 360 1433 396 εἳ
1447 375 1505 406 μοι
1523 360 1617 406 θέμις
1632 359 1664 406 γ’
1683 357 1736 405 ἦν.
1765 359 1846 396 ἀλλ’
1863 362 1883 396 ὁ
1899 361 2012 408 χῶρός
2029 358 2107 396 ἐσθ’
2125 357 2195 404 ὅδε,

1401 413 1436 449 ἐν
1454 410 1482 462 ᾦ
1498 414 1532 449 τί
1548 414 1688 460 πράξεις
1703 427 1713 455 ;
1742 413 1783 448 οὗ
1799 413 1866 461 γὰρ
1882 412 2141 460 ἀντιστήσομαι.

1402 466 1437 502 ἐν
1454 463 1482 515 ᾦ
1499 465 1657 514 κρατήσω
1675 470 1742 502 τῶν
1758 465 1809 512 ἔμ’
1828 466 2097 512 ἐκβεβληκότων.

1399 517 1473 567 μέγ’
1491 519 1531 554 ἂν
1547 520 1663 565 λέγοις
1681 519 1818 567 δώρημα
1834 521 1894 565 τῆς
1911 519 2108 556 συνουσίας.

1403 572 1432 606 εἶ
1451 572 1511 607 σοί
1526 571 1559 620 γ’
1578 572 1664 619 ἅπερ
1682 571 1752 618 φῂς
1769 573 1902 618 ε’μμενεῖ
1916 572 2073 608 τελοῦντί
2087 586 2159 618 μοι.

1403 624 1524 671 θάρσει
1542 626 1580 660 τὸ
1599 624 1700 660 τοῦδέ
1715 624 1748 673 γ’
1766 625 1898 673 ἀνδρός·
1928 627 1969 661 οὔ
1987 640 2029 660 σε
2045 625 2090 671 μὴ
2108 624 2238 672 προδῶ.

1401 679 1494 712 οὔτοι
1514 678 1547 712 σ’
1567 677 1627 724 ὑφ’
1647 677 1748 724 ὅρκου
1765 677 1798 725 γ’
1817 679 1862 715 ὡς
1879 680 1979 714 κακὸν
1994 679 2226 724 πιστώσομαι.

1402 732 1523 766 οὔκουν
1540 730 1627 778 πέρα
1643 731 1676 779 γ’
1695 731 1736 766 ἂν
1753 731 1850 767 οὐδὲν
1867 730 1887 778 ἢ
1905 733 2000 781 λόγῳ
2018 731 2151 779 φέροις.

1400 787 1472 820 πῶς
1490 782 1550 819 οὖν
1567 783 1744 829 ποιήσεις;

1403 839 1464 871 τοῦ
1481 838 1622 882 μάλιστ’
1640 837 1736 874 ὄκνος
1755 837 1789 872 σ’
1808 838 1901 884 ἔχεις

1403 889 1546 934 ἥξουσιν
1564 890 1682 938 ἄνδρες
1767 896 1844 926 ΘΗ.
1871 891 1963 927 ἀλλὰ
1980 890 2089 927 τοῖσδ’
2108 891 2206 926 ἔσται
2222 888 2343 936 μέλον.

1403 941 1466 989 ὅρα
1482 958 1524 988 με
1541 943 1670 979 λείπων
1741 949 1818 979 ΘΗ.
1846 943 1891 990 μὴ
1910 943 2046 990 δίδασχ’
2065 943 2087 979 ἃ
2103 942 2170 991 χρή
2188 958 2231 989 με
2247 943 2349 990 δρὶἰν.Υ

1401 994 1548 1030 ὀκνοῦντ’
1567 996 1706 1043 ἀνάγκη.
1737 1002 1814 1033 ΘΗ.
1842 997 1967 1043 τούμὸν
1984 997 2044 1032 οὐκ
2061 997 2153 1033 ὀκνεῖ
2169 995 2262 1045 κέαρ.
2282 998 2344 1042 655

1405 1048 1465 1083 οὐκ
1484 1045 1578 1084 οἶσθ’
1598 1049 1741 1087 ἀπειλὰς

2281 414 2342 459 646

2281 679 2343 724 650

1800 1100 1863 1138 οἶδ’
1883 1103 1948 1150 ἐγώ
1968 1117 2011 1138 σε
2027 1101 2072 1148 μή
2090 1117 2165 1138 τινα

1403 1153 1526 1191 ἐνθένδ’
1545 1154 1707 1200 ἀπάξοντ’
1725 1155 1829 1203 ἄνδρα
1845 1157 1931 1203 πρὸς
1947 1156 2028 1199 βίαν
2046 1156 2140 1201 ἐμοῦ.

1404 1208 1534 1243 πολλαὶ
1552 1207 1580 1243 δ’
1600 1208 1736 1244 ἀπειλαὶ
1753 1210 1870 1245 πολλὰ
1888 1209 1927 1254 δὴ
1945 1210 2053 1254 μάτην
2070 1210 2132 1253 ἔπη

1406 1259 1502 1309 θυμῷ
1519 1261 1783 1306 κατηπείλησαν,
1803 1261 1883 1297 ἀλλ’
1902 1264 1920 1297 ὁ
1939 1264 2016 1298 νοῦς
2034 1261 2114 1297 ὅταν

1402 1313 1505 1348 αὑτοῦ
1522 1314 1669 1362 γένηται,
1690 1315 1826 1362 φροῦδα
1844 1313 2086 1360 τάπειλήματα.

1403 1366 1523 1403 κείνοις
1542 1366 1571 1402 δ’
1589 1366 1675 1404 ἴσως
1692 1368 1742 1402 κεῖ
1760 1367 1837 1403 δείν’
1859 1368 2057 1415 ἐπερρώσθη
2075 1367 2190 1415 λέγειν

1402 1421 1462 1465 τῆς
1480 1421 1545 1465 σῆς
1563 1420 1709 1467 ἀγωγῆς,
1728 1418 1792 1456 οἶδ’
1812 1421 1891 1468 ἐγὼ,
1912 1419 2104 1467 φανήσεται

1401 1473 1529 1519 μακρὸν
1546 1474 1585 1507 τὸ
1604 1474 1705 1521 δεῦρο
1722 1473 1876 1521 πέλαγος
1894 1474 1973 1509 οὐδὲ
1989 1475 2188 1519 πλώσιμον.

1403 1524 1543 1572 θαρσεῖν
1559 1526 1621 1571 μὲν
1638 1525 1697 1561 οὖν
1715 1528 1823 1574 ἔγωγε
1841 1527 1938 1562 κᾶνευ
1956 1528 2015 1572 τῆς
2033 1527 2113 1572 ἐμῆς

1401 1579 1535 1625 γνώμης
1553 1579 1687 1620 ἐπαινῶ,
1708 1582 1835 1623 Φοῖβος
1852 1580 1881 1615 εἷ
1898 1579 2109 1627 προῦπεμψέ
2125 1588 2179 1614 σε·

1404 1630 1494 1676 ὅμως
1512 1631 1549 1666 δὲ
1567 1632 1674 1677 κάμοῦ
1691 1633 1736 1678 μὴ
1755 1635 1922 1680 παρόντος
1939 1629 2002 1668 οἷδ’
2020 1632 2072 1667 ὅτι

1402 1684 1528 1729 τούμὸν
1546 1685 1697 1731 φυλάξει
1716 1685 1749 1720 σ’
1769 1685 1874 1731 ὄνομα
1891 1686 1937 1732 μὴ
1955 1686 2105 1732 πάσχειν
2123 1687 2242 1721 κακῶς.

1403 1737 1558 1778 εὐίππου,
1579 1738 1665 1782 ξένε,
1685 1739 1792 1774 τᾶσδε
1809 1741 1924 1786 χώρας
2205 1751 2284 1785 στρ.
2304 1734 2348 1772 α’.

1403 1787 1477 1825 ἵκου
1494 1791 1537 1825 τὰ
1554 1791 1719 1838 κράτιστα
1735 1794 1799 1839 γᾶς
1816 1793 1959 1833 ἔπαυλα,

1403 1844 1463 1878 τὸν
1480 1843 1610 1891 ἀργῆτα
1628 1845 1801 1885 Κολωνὸν,
1821 1844 1892 1880 ἕνθ’

1404 1899 1426 1930 ἁ
1442 1897 1556 1944 λίγεια
1572 1896 1744 1944 μινύρεται

1404 1949 1594 1994 θαμίζουσα
1609 1950 1751 1994 μάλιστ’
1770 1950 1880 1995 ἀηδὼν

1401 2002 1553 2048 χλωραῖς
1571 2003 1636 2038 ὑπὸ
1653 2004 1820 2046 βάσσαις,

1400 2054 1460 2088 τὸν
1477 2053 1606 2089 οἶνῶπα
1623 2053 1772 2099 νέμουσα
1790 2053 1914 2088 κισσὸν

1400 2106 1454 2141 καὶ
1472 2107 1534 2141 τὰν
1550 2106 1680 2149 ἄβατον
1699 2106 1778 2141 θεοῦ

1399 2159 1565 2205 φυλλάδα
1581 2161 1810 2206 μυριόκαρπον
1828 2157 1967 2204 ἀνήλιον

1397 2210 1560 2257 ἀνήνεμόν
1576 2227 1615 2247 τε
1631 2213 1766 2247 πάντων

1399 2265 1585 2310 χειμώνων·
1615 2262 1655 2300 ἵν’
1675 2267 1694 2300 ὁ
1711 2265 1907 2309 βακχιώτας

1399 2317 1452 2352 ἀεὶ
1470 2317 1638 2354 Διόνυσος
1656 2315 1833 2363 ἐμβατεύει

1397 2369 1487 2406 θεαῖς
1505 2370 1713 2416 ἀμφιπολῶν
1731 2368 1891 2414 τιθήναις.

1398 2422 1520 2458 θάλλει
1538 2422 1567 2458 δ’
1587 2423 1741 2470 οὐρανίας
1760 2422 1814 2457 ὑπ’
1834 2422 1939 2468 ἄχνας

1397 2477 1416 2510 ὁ
1435 2475 1667 2523 καλλίβοτρυς
1685 2475 1755 2511 κατ’
1774 2474 1864 2521 ἦμαρ
1882 2475 1934 2510 ἀεὶ

1398 2529 1597 2575 νάρκισσος,
1617 2530 1783 2576 μεγάλαιν
1801 2528 1893 2563 θεαῖν

1397 2581 1540 2628 ἀρχαῖον
1558 2580 1768 2628 στεφάνωμ’,
1789 2581 1809 2616 ὅ
1826 2595 1864 2615 τε

1394 2634 1593 2681 χρυσαυγὴς
1611 2636 1741 2682 κρόκος·
1771 2633 1841 2669 οὐδ’
1861 2633 1979 2669 ἄϋπνοι

1398 2688 1512 2733 κρῆναι
1530 2686 1730 2733 μινύθουσιν

1398 2740 1561 2785 Κηφισοῦ
1580 2741 1722 2785 νομάδες
1738 2739 1898 2787 ῥεέθρων,

1397 2791 1476 2827 ἀλλ’
1496 2792 1567 2828 αἶέν
1585 2793 1637 2829 ἐπ’
1658 2795 1758 2839 ἤματι

1392 2845 1557 2882 ὦκυτόκος
1581 2846 1706 2882 πεδίων
1725 2844 1939 2882 ἐπινίσσεται

1397 2897 1551 2946 ‹imam›
1570 2898 1632 2943 ξὺν
1649 2898 1769 2947 ὄμβρῳ

1398 2950 1608 2997 στερνούχου
1625 2951 1761 2998 χθονός·
1792 2951 1870 2986 οὐδὲ
1889 2951 2033 2986 Μουσᾶν

1395 3003 1499 3049 χοροί
1516 3018 1566 3039 νιν
1584 3003 1840 3051 ἀπεστύγησαν,
1862 3000 1933 3039 οὐδ’
1951 3005 1973 3038 ἁ

1394 3058 1582 3102 χρυσάνιος
1599 3056 1800 3104 Ἀφροδίτα.

1395 3108 1491 3144 ἔστιν
1504 3109 1533 3144 δ’
1548 3106 1620 3145 οἷον
1634 3110 1699 3157 ἐγὼ
1712 3112 1776 3157 γᾶς
1789 3109 1909 3146 Ἀσίας
1922 3109 1982 3144 οὐκ
1996 3108 2159 3148 ἐπακουω,
2186 3122 2265 3156 στρ.
2284 3107 2335 3151 β’.

1393 3160 1464 3196 οὐδ’
1485 3162 1520 3197 ἐν
1538 3165 1579 3208 τᾷ
1599 3164 1733 3210 μεγάλᾳ
1755 3162 1881 3210 Δωρίδι
1899 3162 1992 3210 νάσῳ
2016 3159 2180 3198 Πέλοπος
2198 3162 2337 3198 πώποτε

2285 1316 2346 1350 660

2286 1581 2348 1624 665

2287 1845 2349 1888 670

2281 2897 2344 2940 690

1447 3216 1606 3257 βλαστὸν
2278 3219 2337 3261 695

1394 3265 1537 3313 φύτευμ’
1559 3267 1735 3314 ἀχείρητον
1753 3266 1945 3314 αὐτόποιον,

1395 3320 1524 3367 ἐγχέων
1541 3320 1686 3365 φόβημα
1704 3318 1817 3365 δαΐων,

1393 3371 1412 3407 ὃ
1430 3372 1509 3418 τᾷδε
1527 3371 1648 3407 θάλλει
1666 3373 1812 3421 μέγιστα
1829 3375 1936 3420 χώρᾳ,
2279 3385 2342 3418 700

1394 3426 1544 3473 γλαυκᾶς
1561 3426 1797 3472 παιδοτρόφον
1815 3425 1954 3473 φύλλον
1971 3425 2098 3462 ἐλαίας·

1395 3478 1436 3513 τὸ
1453 3477 1515 3523 μέν
1531 3491 1583 3514 τις
1599 3478 1674 3513 οὔθ’
1694 3480 1780 3522 ἁβὸς
1797 3480 1874 3513 οὕτε
1892 3475 1980 3525 γήρᾳ

1395 3530 1567 3575 σημαίνων
1590 3532 1733 3567 ἁλιώσει
1756 3532 1834 3578 χερὶ
1858 3532 1999 3578 πέρσας·
2029 3532 2048 3566 ὁ
2071 3531 2137 3578 γὰρ
2160 3530 2231 3567 alen
2253 3532 2338 3578 ὁρῶν

1447 3581 1570 3619 κύκλος
