2488 3860
278 299 330 340 56

280 964 350 996 XO.

281 1069 351 1099 KA.

283 1384 356 1415 XO.

294 2369 365 2399 XO.

295 2628 366 2657 KA.

302 3507 372 3539 XO.

1178 291 1479 332 ΑΙΣΧΥΛΟΥ

378 391 466 428 οὕτω
483 394 542 429 τὸν
559 394 662 429 αὑτοῦ
680 393 785 439 θυμὸν
801 393 950 441 ὁρμαίνει
966 393 1093 429 πεσών·

380 446 579 491 κάκφυσιῶν
596 445 708 490 ὀξεῖαν
725 443 862 491 αἵματος
879 445 1019 493 σφαγὴν

379 498 504 540 βάλλει
520 497 554 541 μ’
574 497 692 542 ἐρεμνῇ
709 498 839 544 ψακάδι
856 498 990 543 φοινίας
1007 498 1145 543 δρόσου,
1233 510 1314 544 1390

377 546 566 593 χαίρουσαν
583 548 679 584 οὐδὲν
692 548 805 593 ἧσσον
821 547 840 593 ἦ
860 549 1028 597 διοσδότῳ

376 601 469 644 γάνει
488 602 658 644 σπορητὸς
676 602 818 649 κάλυκος
835 601 870 637 ἐν
886 601 1107 648 λοχεύμασιν.

381 651 425 686 ὣς
444 650 499 685 ὧδ’
519 651 676 697 ἐχόντων,
695 652 849 699 πρέσβος
865 651 1026 698 Ἀργείων
1043 654 1131 692 τόδε,

379 702 523 748 χαίροιτ’
542 703 592 743 ἂν,
613 703 642 738 εἷ
658 703 817 750 χαίροιτ’,
835 704 900 751 ἐγὼ
918 704 946 739 δ’
966 703 1160 750 ἐπεύχομαι.

382 754 412 788 εἶ
430 753 458 789 δ’
477 753 518 799 ἧν
534 757 728 799 πρεπόντων
745 755 826 791 ὥστ’
847 756 1058 792 ἐπισπένδειν
1076 757 1189 805 νεκρῷ,
1234 769 1310 801 1395

377 806 454 852 τῷδ’
474 806 514 842 ἂν
532 806 663 843 δικαίως
679 806 731 851 ἦν,
750 807 933 853 ὑπερδίκως
949 809 1010 852 μὲν
1027 807 1099 844 οὖν.

381 858 531 893 τοσῶνδε
548 857 682 905 κρατῆρ’
702 859 737 894 ἐν
754 859 869 904 δόμοις
886 863 992 894 κακῶν
1010 859 1066 895 ὅδε

381 908 519 954 πλήσας
535 910 670 957 ἀραίων,
690 911 790 947 αὐτὸς
807 911 931 946 ἐκπίνει
948 913 1075 956 μολών.

380 960 588 1007 θαυμάζομέν
607 977 672 997 σου
688 965 867 1009 γλῶσσαν,
888 965 932 999 ὡς
951 963 1199 1010 θρασύστομος,

383 1012 454 1057 ἥτις
472 1014 590 1049 τοιόνδ’
610 1014 661 1050 ἐπ’
681 1015 775 1061 ἀνδρὶ
793 1017 970 1060 κομπάζεις
986 1018 1103 1062 λόγον.
1237 1030 1316 1059 1400

379 1066 547 1112 πειρᾶσθέ
561 1081 626 1111 μου
644 1068 798 1114 γυναικὸς
817 1068 861 1103 ὣς
878 1068 1111 1114 ἀφράσμονος,

386 1117 452 1165 ἐγὼ
471 1118 498 1153 δ’
518 1118 671 1167 ἀτρέστῳ
690 1119 807 1166 καρδίᾳ
824 1121 908 1166 πρὸς
927 1120 1055 1156 εἰδότας

384 1170 487 1217 λέγω·
517 1171 562 1205 σὺ
580 1171 608 1206 δ’
628 1171 729 1206 αἰνεῖν
747 1169 813 1206 εἴτε
829 1186 871 1216 με
888 1172 1011 1218 ψέγειν
1028 1172 1142 1208 θέλεις

386 1222 513 1267 ὅμοιον.
541 1222 639 1259 οὗτός
657 1224 752 1258 ἐστιν
767 1222 994 1270 Ἀγαμέμνων,
1016 1224 1093 1269 ἐμὸς

386 1277 501 1316 πόσις,
520 1277 633 1322 νεκρὸς
651 1276 699 1316 δὲ,
719 1276 825 1320 τῆσδε
843 1276 954 1319 δεξιᾶς
970 1278 1071 1322 χερὸς
1239 1289 1316 1320 1405

387 1328 486 1374 ἔργον
504 1328 629 1364 δικαίας
647 1327 812 1363 τέκτονος.
841 1328 911 1363 τάδ’
931 1328 986 1363 ὧδ’
1006 1329 1087 1374 ἔχει.

386 1379 420 1414 τί
438 1381 548 1421 κακὸν,
569 1379 595 1414 ὦ
612 1379 721 1427 γύναι,
740 1379 970 1426 χθονοτρεφὲς
989 1381 1104 1415 ἐδανὸν
1239 1395 1317 1427 στρ.

388 1431 408 1476 ἢ
426 1433 530 1467 ποτὸν
547 1431 722 1476 πασαμένα
739 1431 841 1478 ῥυτᾶς
858 1432 896 1476 ἐξ
914 1433 997 1468 ἁλὸς
1014 1432 1153 1478 ὄρμενον

388 1483 456 1518 τόδ’
477 1483 597 1519 ἐπέθου
615 1482 694 1520 θύος
713 1483 918 1530 δημοθρόους
935 1484 964 1518 τ’
984 1484 1065 1531 ἀράς
1080 1497 1089 1524 ;

388 1536 552 1575 ἀπέδικες,
572 1536 747 1580 ἀπέταμες·
777 1535 944 1572 ἀπόπολις
962 1536 990 1571 δ’
1010 1537 1094 1576 ἕσει,

389 1589 490 1633 μῖσος
508 1587 650 1634 ὄβριμον
667 1588 796 1623 ἀστοῖς.

349 1667 357 1675 .
387 1643 444 1676 νῦν
460 1641 521 1685 μὲν
539 1641 680 1682 δικάζεις
697 1640 733 1674 ἐκ
750 1641 882 1676 πόλεως
899 1641 1012 1687 φυγὴν
1030 1641 1103 1686 ἐμοὶ

390 1693 443 1727 καὶ
460 1694 562 1736 μῖσος
579 1692 692 1726 ἀστῶν
710 1692 896 1738 δημόθρους
913 1691 942 1727 τ’
961 1694 1050 1738 ἔχειν
1068 1693 1161 1739 ἀρὰς,

390 1745 487 1779 οὐδὲν
503 1744 573 1779 τότ’
592 1744 686 1791 ἀνδρὶ
703 1743 779 1792 τῷδ’
800 1744 946 1779 ἐναντίον
963 1745 1088 1791 φέρων·

391 1795 429 1832 ὃς
446 1796 485 1831 οὗ
502 1799 685 1843 προτιμῶν,
706 1797 852 1843 ὡσπερεὶ
868 1798 974 1839 βοτοῦ
991 1798 1106 1843 μόρον,
1243 1809 1319 1841 1415

390 1847 507 1894 μήλων
525 1849 701 1894 φλεόντων
718 1849 871 1884 εὐπόκοις
888 1847 1102 1893 νομεύμασιν,

391 1901 512 1935 ἔθυσεν
529 1901 631 1935 αὑτοῦ
647 1901 761 1941 παῖδα,
781 1901 984 1946 φιλτάτην’
967 1901 1039 1945 εμοὶ

391 1952 492 1988 ὠδῖν’.
512 1952 641 1998 ἐπῳδὸν
659 1952 811 1998 Θρῃκίων
828 1953 994 2010 ἀημάτων.

393 2001 432 2035 οὐ
450 2002 569 2034 τοῦτον
587 2000 623 2035 ἐκ
639 2001 702 2044 γῆς
720 1999 823 2043 τῆσδε
839 1999 927 2043 χρῆν
945 1996 978 2031 σ’
996 1998 1224 2043 ἅνδρηλατειν,

392 2052 591 2097 μιασμάτων
608 2050 714 2086 αποιν’
728 2063 737 2090 ;
768 2048 909 2094 ἐπήκοος
927 2048 955 2083 δ’
976 2050 1062 2093 ἐμῶν
1247 2061 1326 2090 1420

393 2105 500 2149 ἔργων
518 2102 676 2147 δικαστὴς
693 2101 818 2149 τραχὺς
836 2098 877 2136 εἶ.
905 2100 996 2147 λέγω
1015 2100 1054 2135 δέ
1070 2115 1127 2134 σοι

394 2154 517 2189 τοιαῦτ’
537 2155 699 2194 ἀπειλεῖν,
720 2155 764 2189 ὡς
780 2153 1096 2199 παρεσκευασμένης

395 2207 431 2241 ἐκ
448 2210 514 2241 τῶν
531 2206 655 2251 ὁμοίων
671 2207 760 2252 χειρὶ
778 2204 944 2250 νικήσαντ’
965 2205 1045 2249 ἐμοῦ

394 2259 521 2305 ἄρχειν·
543 2259 600 2292 ἐὰν
618 2259 654 2292 δέ
671 2259 859 2302 τοῦμπαλιν
877 2257 990 2303 κραίνῃ
1010 2256 1095 2298 θεὸς,

393 2312 519 2357 γνώσει
537 2310 706 2355 διδαχθεὶς
723 2310 793 2356 ὀψὲ
810 2311 893 2356 γοῦν
910 2310 948 2343 τὸ
967 2309 1169 2354 σωφρονεῖν.
1249 2321 1304 2350 142
1309 2318 1325 2351 5

393 2364 618 2409 μεγαλόμητις
636 2359 677 2401 εἷ,
696 2362 886 2408 περίφρονα
904 2361 932 2396 δ’
951 2362 1073 2396 ἔλακες
1253 2360 1325 2394 ἀντ.

397 2415 514 2461 ὥσπερ
532 2413 591 2449 οὖν
607 2415 792 2459 φονολιβεῖ
807 2412 893 2458 τύχᾳ
910 2412 1002 2459 φρὴν
1021 2411 1236 2456 ἐπιμαίνεται,

395 2465 495 2507 λίβος
514 2465 565 2501 ἐπ’
585 2466 741 2511 ὀμμάτων
758 2463 895 2510 αἵματος
912 2463 1091 2511 ἐμπρέπειν

396 2518 520 2553 ἅτιτον.
549 2518 598 2552 ἔτι
617 2518 658 2552 σὲ
675 2518 742 2563 χρὴ
762 2517 966 2564 στερομέναν
984 2516 1098 2562 φίλων

396 2569 508 2615 τύμμα
525 2568 669 2614 τύμματι
686 2571 792 2604 τῖσαι.
1251 2581 1329 2610 1430

395 2622 449 2656 καὶ
467 2621 555 2666 τήνδ’
575 2620 705 2657 ἀκούεις
723 2621 842 2667 ὁρκίων
860 2621 947 2666 ἐμῶν
964 2620 1069 2664 θέμιν·

396 2675 442 2718 μὰ
459 2674 520 2718 τὴν
536 2674 667 2708 τέλειον
683 2675 743 2718 τῆς
761 2674 840 2718 ἐμῆς
857 2673 976 2709 παιδὸς
994 2672 1097 2716 δίκην,

389 2725 496 2769 ''Aa-qv
512 2724 644 2771 Ἐρινύν
662 2725 710 2768 θ’,
730 2722 802 2760 αἷσι
820 2724 906 2759 τόνδ’
926 2722 1051 2770 ἔσφαξ’
1070 2724 1148 2770 ἐγὼ,

397 2779 437 2811 οὔ
454 2791 512 2822 μοι
530 2778 646 2823 φόβου
663 2777 833 2823 μελαθρον
851 2777 948 2812 ἐλπὶς
966 2777 1117 2821 ἐμπατεῖ,

397 2829 459 2864 ἕως
476 2829 516 2863 ἂν
533 2827 609 2873 αἴθῃ
627 2831 694 2875 πῦρ
713 2829 768 2874 ἐφ’
789 2829 904 2864 ἑστίας
922 2829 1001 2873 ἐμῆς
1252 2841 1305 2871 143
1311 2840 1327 2872 5

398 2879 573 2927 Αἴγισθος,
595 2881 639 2916 ὡς
656 2882 695 2915 τὸ
712 2880 862 2927 πρόσθεν
880 2879 917 2915 εὖ
935 2881 1072 2926 φρονῶν
1089 2879 1174 2924 ἐμοί.

398 2932 496 2969 οὗτος
512 2933 578 2979 γὰρ
596 2931 673 2977 ἡμῖν
691 2932 795 2968 ἀσπὶς
812 2933 852 2966 οὐ
869 2933 969 2978 μικρὰ
988 2932 1147 2978 θράσους.

399 2986 503 3019 κεῖται
519 2985 674 3031 γυναικὸς
691 2985 797 3028 τῆσδε
813 2983 1046 3030 λυμαντήριος,

397 3036 597 3083 Χρυσηίδων
613 3036 774 3082 μείλιγμα
791 3039 857 3070 τῶν
874 3035 927 3071 ὑπ’
946 3035 1050 3083 Ἰλίῳ,

399 3088 423 3133 ἥ
439 3087 467 3122 τ’
487 3088 701 3133 αἰχμάλωτος
718 3087 777 3132 ἥδε
795 3088 848 3122 καὶ
866 3089 1086 3133 τερασκόπος,
1253 3101 1332 3131 1440
1353 3082 1355 3100 ¹

402 3140 455 3174 καὶ
474 3141 704 3186 κοινόλεκτρος
721 3139 831 3178 τοῦδε,
853 3139 1114 3185 θεσφατηλόγος

398 3192 504 3236 πιστὴ
523 3190 689 3235 ξύνευνος,
713 3191 876 3226 ναυτίλων
894 3191 931 3225 δὲ
949 3191 1127 3235 σελμάτων

401 3242 590 3290 ῖσοτριβῆς.
619 3243 719 3287 ἄτιμα
737 3243 766 3278 δ’
785 3243 845 3277 οὐκ
864 3242 1062 3288 ἐπραξάτην.

401 3297 420 3330 ὁ
437 3295 498 3340 μὲν
514 3295 580 3341 γὰρ
598 3292 715 3330 οὕτως·
744 3293 764 3338 ἡ
783 3294 821 3329 δέ
837 3308 889 3328 τοι
907 3293 1026 3329 κύκνου
1044 3294 1136 3338 δίκην

400 3348 459 3381 τὸν
476 3345 623 3381 ὕστατον
639 3346 813 3392 μέλψασα
831 3346 1015 3391 θανάσιμον
1031 3347 1113 3392 γόον
1253 3360 1330 3393 ¹445

402 3400 505 3432 κεῖται
523 3397 680 3444 φιλήτωρ
696 3397 799 3438 τοῦδ’,
819 3398 892 3442 ἐμοὶ
910 3398 938 3432 δ’
958 3396 1124 3444 ἐπήγαγεν

402 3450 497 3490 εὐνῆς
513 3450 747 3496 παροψώνημα
765 3451 823 3494 τῆς
841 3450 920 3494 ε’μῆς
936 3450 1070 3494 χλιδῆς.

401 3504 480 3543 Φεῦ.
499 3501 551 3537 τίς
567 3501 608 3536 ἂν
626 3501 662 3535 ἐν
678 3502 785 3547 τάχει,
804 3501 849 3547 μὴ
866 3502 1079 3548 περιώδυνος,

403 3553 486 3599 μηδὲ
503 3551 731 3599 δεμνιοτήρης,

1363 1233 1434 1262 ΚΛ.

1242 1522 1341 1579 141οἶ
1364 1545 1435 1574 XO.

1367 2217 1436 2247 XO.

1375 3046 1443 3076 ΚΛ.

1376 3460 1446 3490 XO.

1460 387 1562 431 μόλοι
1578 387 1637 418 τὸν
1653 382 1705 417 ἀει
1722 378 1864 427 φέρουσ’
1884 379 1920 414 ἐν
1936 378 2012 423 ἡμῖν
2311 390 2391 421 ¹450

1460 436 1546 485 μοῖρ’
1567 430 1784 470 aramma*
1762 446 1878 471 υπνον,
1897 431 2056 476 δαμέντος

1462 488 1616 535 φύλακος
1633 485 1874 530 εὐμενεστάτου

1460 541 1577 579 πολλὰ
1594 539 1736 573 τλάντος
1752 536 1906 583 γυναικὸς
1923 534 2002 570 διαί

1459 594 1544 639 πρὸς
1561 590 1716 638 γυναικὸς
1733 588 1761 624 δ’
1781 587 1972 633 ἀπέφθισεν
1987 586 2078 629 βίον.

1464 646 1501 680 ἷὼ
1520 645 1558 678 ῖὼ
1575 643 1742 688 παράνους
1757 640 1877 676 Ἑλένα

1461 698 1522 743 μία
1540 697 1598 731 τὰς
1616 694 1761 734 πολλὰς,
1781 694 1840 729 τὰς
1856 692 1942 726 πάνυ
1959 690 2092 727 πολλὰς

1460 749 1581 795 ψυχὰς
1598 744 1741 781 ὀλέσασ’
1760 746 1826 779 ὑπὸ
1843 743 1958 789 Τροίᾳ.

1461 804 1520 837 νῦν
1539 800 1575 834 δὲ
1592 797 1724 832 τελείαν
1763 797 1783 816 ”
1807 796 1827 816 ”

1464 866 1486 885 ι
1536 865 1556 884 r:
1600 862 1619 882 a*
1664 860 1685 880 ι

2112 654 2190 687 στρ.
2211 636 2253 674 α’.
2314 648 2390 681 ¹455

1463 919 1484 938 G
1536 917 1555 937 U
1600 917 1620 936 t
1665 915 1685 934 ί

1464 973 1485 991 ἡ
1536 972 1554 990 U
1600 970 1619 990 C
1665 969 1684 989 G

1467 1027 1486 1046 ἢ
1540 1024 1557 1041 ¹¹
1604 1025 1623 1044 1
1669 1024 1688 1043 ff

1464 1076 1482 1095 *
1510 1067 1750 1113 πολύμναστον
1767 1065 1937 1110 ἐπηνθίσω
1955 1061 2021 1109 αἷμ’
2040 1062 2188 1099 ἄνιπτον.

1464 1121 1536 1166 ἥτις
1552 1119 1593 1164 ἦν
1609 1119 1677 1154 τότ’
1698 1119 1732 1154 ἐν
1750 1120 1865 1163 δόμοις
2317 1117 2398 1158 1460

1465 1174 1533 1220 ἔρις
1551 1173 1726 1219 ἐρίδματος
1744 1171 1863 1217 ἀνδρὸς
1881 1167 1982 1212 οἰζύς.

1464 1225 1566 1271 μηδὲν
1584 1224 1726 1259 θανάτου
1743 1225 1863 1270 μοῖραν
1881 1219 2025 1266 ἐπεύχου

1465 1278 1581 1312 τοῖσδε
1598 1275 1787 1322 βαρυνθείς·

1464 1329 1539 1375 μηδ’
1560 1329 1607 1364 εἷς
1623 1327 1762 1371 Ἑλένην
1779 1328 1877 1361 κότον
1895 1324 2074 1370 ἐκτρέψῃς,

1467 1383 1511 1417 ὡς
1527 1378 1763 1427 ἀνδρολέτειρ’,
1784 1379 1828 1414 ὣς
1845 1378 1904 1422 μία
1921 1378 2061 1412 πολλῶν
2321 1378 2398 1420 1465

1466 1435 1593 1479 ἀνδρῶν
1610 1432 1728 1479 ψυχὰς
1746 1433 1883 1465 Δαναῶν
1901 1425 2044 1464 ὄλέσασ’

1467 1485 1658 1529 ἀξύστατον
1675 1483 1781 1530 ἄλγος
1798 1481 1935 1529 ἔπραξε.

1466 1539 1594 1582 δαῖμον,
1614 1536 1651 1573 ὃς
1669 1535 1835 1581 ἐμπίτνεις
1853 1534 1984 1578 δώμασι
2003 1532 2057 1566 καὶ
2074 1531 2187 1578 διφυί-

1468 1604 1539 1625 οισι
1557 1588 1827 1627 Τανταλιδαισιν,

1467 1644 1587 1689 κράτος
1604 1643 1633 1676 τ’
1652 1640 1828 1686 ἰσόψυχον
1846 1638 1882 1672 ἐκ
1898 1639 2061 1700 γυναικῶν
2322 1647 2403 1680 1470

1469 1692 1739 1759 καρδιόδηκτον’
1722 1707 1796 1737 εμοι
1814 1688 1995 1737 κρατύνεις.

1468 1747 1523 1782 ἐπὶ
1541 1746 1577 1780 δέ
1597 1746 1752 1790 σώματος
1769 1743 1863 1778 δίκαν

1471 1801 1610 1845 κόρακος
1629 1797 1753 1843 ἐχθροῦ
1773 1793 1925 1830 σταθεῖσ’
1945 1794 2090 1838 ἐκνόμως

1468 1850 1570 1896 ὕμνον
1587 1851 1699 1894 ὑμνεῖν
1717 1858 1737 1876 ⁴*
1761 1857 1780 1876 ὓ
1801 1845 1987 1892 ἐπεύχεται.

1466 1906 1523 1939 νῦν
1540 1901 1569 1937 δ’
1588 1901 1750 1948 ὤρθωσας
1768 1901 1935 1945 στόματος
1951 1899 2094 1945 γνώμην,

1467 1956 1526 1990 τὸν
1543 1955 1742 2002 τριπάχυιον

1468 2004 1607 2049 δαίμονα
1623 2004 1741 2069 γέννης
1756 2003 1861 2048 τῆσδε
1879 2001 2080 2046 κικλήσκων.

1468 2057 1504 2091 ἐκ
1522 2059 1582 2090 τοῦ
1598 2057 1664 2102 γὰρ
1682 2057 1765 2101 ἔρως
1782 2055 2021 2099 αἱματολοιχὸς

1468 2108 1559 2154 νείρᾳ
1575 2107 1747 2153 τρέφεται,
1766 2108 1846 2152 πρὶν
1863 2107 2043 2150 καταλῆξαι

1468 2161 1506 2193 τὸ
1524 2160 1667 2194 παλαιὸν
1684 2158 1778 2203 ὄχος,
1799 2157 1870 2192 νέος
1889 2157 1985 2203 ἰχώρ.
2317 2161 2398 2200 1480

1466 2209 1485 2254 ἦ
1504 2211 1608 2258 μέγαν
1625 2208 1727 2245 οἴκοις
1744 2210 1860 2243 τοῖσδε
2250 2223 2333 2256 στρ.
2351 2207 2396 2256 γ’.

1469 2263 1609 2307 δαίμονα
1627 2263 1679 2296 καὶ
1696 2260 1881 2308 βαρύμηνιν
1898 2260 2010 2296 αἰνεῖς.

1468 2315 1535 2360 φεῦ
1553 2315 1633 2359 φεῦ,
1653 2315 1751 2348 κακὸν
1769 2310 1860 2347 αἶνον
1877 2312 1955 2356 ἀτη-

1468 2368 1529 2412 ρᾶς
1546 2365 1649 2411 τύχας
1666 2365 1864 2412 ἀκορέστου·

1469 2418 1519 2458 ι’ὼ,
1540 2418 1571 2462 ἶὴ
1591 2418 1657 2452 διαὶ
1675 2419 1755 2452 Διὸς
2322 2423 2398 2461 1485

1469 2470 1643 2504 παναιτίου
1660 2469 1857 2515 πανεργέτα,

1470 2522 1504 2556 τί
1519 2523 1585 2568 γὰρ
1602 2523 1740 2567 βροτοῖς
1757 2521 1835 2555 ἄνευ
1854 2521 1934 2555 Διὸς
1951 2521 2117 2559 τελεῖται;

1471 2574 1504 2607 τί
1522 2573 1616 2607 τῶνδ’
1636 2573 1675 2607 οὐ
1694 2573 1891 2618 θεόκραντόν
1909 2573 2026 2610 ἐστιν;

1473 2625 1511 2659 ἷὼ
1529 2626 1567 2659 ἶὼ
1584 2627 1732 2667 βασιλεῦ
1750 2626 1910 2666 βασιλεῦ,

1469 2681 1540 2713 πῶς
1558 2692 1599 2711 σε
1618 2676 1795 2723 δακρύσω;
2323 2688 2403 2720 1490

1471 2730 1595 2775 φρενὸς
1613 2729 1649 2763 ἐκ
1667 2729 1786 2775 φιλίας
1804 2729 1838 2762 τί
1855 2727 1929 2763 ποτ’
1949 2726 2052 2768 εἵπω;

1472 2783 1580 2815 κεῖσαι
1599 2782 1626 2815 δ’
1647 2781 1793 2827 ἀράχνης
1811 2781 1846 2815 ἐν
1863 2781 2041 2826 ὑφάσματι
2058 2780 2135 2830 τῷδ’

1472 2833 1594 2875 ἀσεβεῖ
1611 2833 1740 2880 θανάτῳ
1758 2832 1837 2875 βίον
1855 2831 2011 2868 ἐκπνέων.

1473 2884 1555 2929 ὤμοι
1573 2899 1630 2929 μοι
1648 2885 1761 2919 κοίταν
1778 2885 1867 2919 τάνδ’
1887 2883 2105 2931 ἀνελεύθερον

1474 2936 1577 2983 δολίῳ
1594 2939 1687 2984 μόρῳ
1706 2937 1819 2981 δαμεὶς
2326 2947 2403 2980 1495

1474 2988 1509 3022 ἐκ
1527 2990 1627 3034 χερὸς
1644 2989 1823 3035 ἀμφιτόμῳ
1841 2988 2007 3036 βελέμνῳ.

1471 3040 1584 3085 αὐχεῖς
1602 3037 1683 3074 εἶναι
1701 3041 1778 3074 τόδε
1794 3042 1937 3086 τοῦργον
1955 3041 2045 3085 ἐμόν.

1472 3093 1548 3135 μηδ’
1566 3091 1747 3136 ἐπιλεχθῇς

1472 3143 1733 3189 Ἀγαμεμνονίαν
1751 3140 1835 3178 εἶναί
1851 3141 1885 3188 μ’
1902 3143 2044 3190 ἅλοχον.

1475 3196 1720 3241 φανταζόμενος
1738 3196 1773 3230 δὲ
1791 3196 1920 3241 γυναικὶ
1938 3197 2055 3242 νεκροῦ
2326 3207 2410 3241 1500

1475 3246 1564 3281 τοῦδ’
1583 3249 1602 3281 ὁ
1619 3247 1761 3282 παλαιὸς
1779 3247 1895 3293 δριμὺς
1912 3247 2074 3294 ἀλάστωρ

1473 3298 1616 3344 Ἀτρέως
1632 3300 1785 3343 χαλεποῦ
1804 3298 1998 3345 θοινατῆρος

1475 3349 1562 3385 τόνδ’
1581 3350 1751 3391 ἀπέτισεν,

1475 3402 1592 3437 τέλεον
1609 3404 1736 3448 νεαροῖς
1754 3401 1927 3439 ἐπιθύσας.

1476 3455 1520 3489 ὡς
1536 3454 1597 3498 μὲν
1614 3453 1758 3489 ἀναίτιος
1776 3451 1809 3489 εἶ

1477 3505 1575 3540 τοῦδε
1592 3505 1701 3550 φόνου
1719 3506 1769 3541 τίς
1787 3508 1805 3540 ὁ
1822 3505 2069 3551 μαρτυρῆσωνς

1477 3562 1548 3595 πῶς
1563 3561 1655 3601 πῶς3
1684 3557 1849 3604 πατρόθεν
1866 3558 1901 3593 δὲ
1921 3560 2051 3600 συλλή-

2252 1234 2328 1267 στρ.
2346 1221 2392 1263 β’.

2159 1901 2220 1934 ἀντ
2249 1896 2298 1941 β’·
2324 1907 2401 1942 ¹475

2196 1988 2205 2001 Ι

2127 3470 2203 3492 αντ.
2227 3468 2270 3503 γ.
2329 3463 2402 3503 1505
