2488 3860
257 271 341 314 316

256 386 332 416 ΜΕ.
360 382 378 416 ὁ
398 378 428 416 δ’
447 394 484 416 εν
499 380 594 431 μέσῳ
611 396 654 427 με
671 382 799 429 λυπρὸς
818 383 863 419 ὢν
880 384 990 420 δάκνει
1007 386 1139 432 χρόνος.

255 439 333 470 AM.
356 434 488 481 γένοιτό
505 434 577 475 τᾶν,
598 434 624 470 ὦ
641 434 798 483 θύγατερ,
818 440 929 484 οὔριος
947 439 1070 485 δρόμος

357 486 394 521 ἐκ
412 490 479 522 τῶν
494 489 669 534 παρόντων
685 490 782 525 τῶνδ’
800 490 873 536 ε’μοὶ
891 492 945 527 καὶ
964 491 1021 527 σοὶ
1040 494 1147 527 κακῶν

356 539 456 575 ἔλθοι
474 540 503 576 τ’
522 540 568 576 ἔτ’
590 541 630 577 ἂν
646 544 725 580 παῖς
743 543 856 588 οὑμὸς,
876 544 1022 592 εὐνήτωρ
1040 545 1076 580 δὲ
1095 544 1167 580 σός.

355 591 434 628 ἀλλ’
455 592 605 641 ἡσύχαζε
624 596 678 631 καὶ
695 597 921 645 δακρυρρόους
936 598 1059 634 τέκνων

357 647 467 693 πηγὰς
485 648 626 695 ἀφαίρει
645 650 699 685 καὶ
716 650 920 698 παρευκήλει
937 652 1065 699 λόγοις,

357 700 550 737 κλέπτουσα
567 701 685 747 μύθοις
702 702 843 741 ἀθλίους
859 705 988 741 κλοπὰς
1005 703 1105 749 ὅμως.

354 754 520 800 κάμνουσι
537 754 657 802 γὰρτοι
676 756 730 792 καὶ
747 759 881 804 βροτῶν
896 758 931 792 αἱ
950 757 1138 804 συμφοραὶ,

354 807 409 842 καὶ
427 806 587 853 πνεύματ’
608 809 738 855 ἀνέμων
754 810 814 846 οὐκ
833 810 885 846 ἀεὶ
900 810 1015 858 ῥώμην
1032 811 1115 855 ἔχει,

352 857 388 894 οἵ
402 859 432 895 τ’
453 861 671 907 εὐτυχοῦντες
687 863 743 898 διὰ
759 863 886 899 τέλους
904 864 963 899 οὐκ
982 865 1143 908 εὐτυχεῖς·

354 912 528 957 ἐξίσταται
545 915 613 962 γὰρ
629 916 725 951 πάντ’
745 917 801 952 ἀπ’
819 916 982 963 ἀλλήλων
997 917 1088 963 δίχα.

353 965 451 1004 οὗτος
469 967 498 1003 δ’
518 968 601 1014 ἀνὴρ
619 967 758 1015 ἄριστος
778 969 873 1008 ὅστις
891 970 1011 1006 ε’λπίσι

351 1019 512 1056 πέποιθεν
531 1020 593 1056 ἀεί·
620 1023 659 1056 τὸ
678 1022 706 1058 δ’
727 1022 865 1071 ἀπορεῖν
883 1022 1004 1070 ἀνδρὸς
1023 1020 1136 1058 κακού.

355 1073 523 1121 ὑψόροφα
539 1074 695 1121 μέλαθρα

352 1126 406 1162 καὶ
422 1127 542 1174 γεραιὰ
559 1127 674 1173 δέμνι’,
695 1129 784 1176 ἀμφὶ
801 1130 963 1178 βάκτροις

351 1180 493 1226 ἔρεισμα
511 1179 660 1226 θέμενος,
680 1183 829 1229 ἐστάλην
846 1184 993 1230 ἰηλέμων

350 1234 440 1278 γόων
457 1233 581 1278 ἀοιδὸς,
604 1235 693 1271 ὥστε
709 1237 830 1274 πολιὸς
848 1236 950 1284 ὅρνις,

349 1286 431 1323 ἔπεα
448 1287 551 1331 μόνον
568 1288 622 1323 καὶ
641 1288 769 1335 δόκημα
786 1291 998 1337 νυκτερωπὸν

350 1338 498 1387 ἐννύχων
516 1341 663 1387 ὀνείρων,

349 1395 497 1440 τρομερὰ
513 1394 585 1440 μὲν,
605 1394 684 1429 ἀλλ’
704 1393 794 1440 ὅμως
810 1396 978 1443 πρόθυμα.

349 1445 375 1481 ὦ
392 1446 489 1482 τέκεα
504 1450 631 1494 πατρὸς
649 1447 802 1496 ἀπάτορ’,
823 1450 850 1485 ὦ

347 1500 472 1547 γεραιὲ,
493 1499 538 1536 σύ
556 1515 604 1543 τε,
624 1502 766 1537 τάλαινα
782 1504 846 1549 μᾶ-

346 1567 415 1598 τερ,
436 1552 458 1588 ἃ
475 1554 534 1590 τὸν
552 1551 649 1590 Ἀΐδα
667 1556 781 1602 δόμοις

345 1608 450 1642 πόσιν
467 1605 715 1653 ἀναστενάζεις.

344 1659 390 1705 μὴ
407 1661 601 1707 προκάμητε
617 1663 707 1697 πόδα

344 1711 435 1758 βαρύ
452 1728 490 1749 τε
507 1715 629 1758 κῶλον,
648 1717 740 1751 ὥστε
756 1716 842 1762 πρὸς
858 1717 1017 1763 πετραῖον

343 1766 453 1803 λέπας
470 1768 665 1815 ζυγηφόρον
682 1772 800 1805 πῶλον
819 1769 961 1814 ἀνέντες,
977 1771 1022 1805 ὡς

345 1819 452 1867 βάρος
469 1821 586 1867 φέρων
603 1823 831 1869 τροχηλάτοιο
849 1824 973 1857 κώλου.

342 1874 456 1916 λαβοῦ
473 1877 585 1921 χερῶν
602 1877 655 1911 καὶ
673 1877 823 1918 πέπλων,
844 1874 923 1911 ὅτου
939 1875 1087 1911 λέλοιπε

344 1926 449 1962 ποδὸς
466 1926 615 1974 ἀμαυρὸν
631 1928 737 1976 ἴχνος·

341 1979 450 2027 γέρων
466 1981 610 2029 γέροντα
625 1984 841 2030 παρακόμιζε,

341 2033 381 2067 τὸ
398 2035 507 2080 πάρος
523 2034 560 2070 ἐν
577 2034 703 2080 ἡλίκων
719 2040 835 2073 πόνοις

341 2083 369 2134 ᾧ
388 2086 542 2131 ξύνοπλα
561 2089 685 2135 δόρατα
702 2091 759 2125 νέα
776 2089 839 2139 νέῳ

341 2139 442 2186 ξυνῆν
459 2141 548 2183 ποτ’,
567 2142 813 2180 εὐκλεεστάτας

340 2193 501 2240 πατρίδος
519 2194 578 2230 οὐκ
597 2194 720 2242 ὀνείδη.

340 2244 441 2291 ἴδετε,
459 2248 586 2295 πατρὸς
605 2250 650 2286 ὣς

340 2304 517 2348 γοργῶπες
535 2300 607 2337 αἵδε
624 2304 838 2351 προσφερεῖς

340 2350 498 2399 ὀμμάτων
515 2355 624 2402 αὐγαί.

339 2407 378 2441 τὸ
398 2407 435 2442 δὲ
453 2408 492 2453 δὴ
512 2410 695 2455 κακοτυχὲς
711 2410 751 2445 οὐ
768 2410 936 2444 λέλοιπεν
954 2408 990 2443 ἐκ
1008 2408 1142 2452 τέκνων,

339 2458 412 2496 οὐδ’
431 2460 609 2508 ἀποίχεται
626 2465 739 2510 χάρις.

337 2510 466 2551 Ἐλλὰς
485 2514 511 2549 ὦ
529 2514 727 2562 ξυμμάχους

337 2565 429 2602 οἴους
445 2566 536 2605 οἵους
552 2569 711 2606 ὀλέσασα

336 2619 456 2656 τούσδ’
486 2620 495 2632 ’

248 1077 321 1108 ΧΟ.

476 2621 720 2669 αποστερήσει.

335 2673 415 2708 ἀλλ’
435 2673 559 2721 εἷσορῶ
577 2676 643 2723 γὰρ
661 2676 769 2721 τῆσδε
787 2675 940 2723 κοίρανον
956 2677 1080 2723 χθονὸς

336 2726 444 2762 Λύκον
460 2731 614 2774 περῶντα
630 2730 733 2765 τῶνδε
753 2730 914 2772 δωμάτων
930 2731 1049 2768 πέλας.

233 2783 331 2813 ΛΥΚ.
343 2780 402 2814 τὸν
418 2780 622 2827 “Ηράκλειον
638 2783 766 2829 πατέρα
784 2783 838 2818 καὶ
856 2783 1032 2830 ξυνάορον,

337 2833 366 2867 εἶ
383 2832 450 2879 χρή
469 2832 514 2878 μ’,
534 2834 659 2881 ἐρωτῶ·
686 2836 752 2883 χρὴ
773 2835 817 2877 δ’,
836 2835 911 2871 ε’πεί
927 2851 968 2883 γε
987 2837 1157 2880 δεσπότης

337 2887 429 2931 ὑμῶν
447 2886 643 2935 καθέστηχ’,
667 2889 816 2934 ἱστορεῖν
833 2888 855 2923 ἃ
870 2889 1053 2934 βούλομαι.

337 2937 401 2974 τίν’
423 2940 456 2976 ές
473 2942 596 2987 χρόνον
616 2942 743 2986 ζητεῖτε
760 2944 901 2987 μηκῦναι
918 2943 1018 2984 βίον,-

335 2990 399 3027 τίν’
420 2992 530 3028 ἐλπίδ’
550 2994 656 3039 ἀλκήν
672 2994 701 3030 τ’
724 2995 880 3041 εἰσορᾶτε
898 2994 943 3041 μὴ
963 2995 1096 3037 θανεῖν,·

335 3043 356 3089 ἢ
372 3046 431 3081 τὸν
447 3046 527 3093 παρ’
542 3046 641 3093 Ἅιδῃ
658 3049 786 3093 πατέρα
803 3049 907 3084 τῶνδε
926 3049 1077 3094 κείμενον

333 3097 506 3135 πιστεύεθ’
526 3099 640 3144 ἥξειν,·
669 3102 713 3138 ὡς
731 3102 815 3147 ὑπὲρ
833 3101 894 3146 τὴν
909 3098 1010 3145 ἀξίαν

335 3153 375 3187 τὸ
393 3152 515 3189 πένθος
532 3152 675 3199 αἴρεσθ’,
696 3154 725 3189 εἷ
745 3154 855 3190 θανεῖν
874 3156 958 3200 ὑμᾶς
975 3156 1099 3202 χρεὼν,

335 3204 381 3240 σὺ
397 3204 459 3250 μὲν
476 3205 548 3241 καθ’
566 3205 677 3241 *Ελλά
701 3207 708 3219 ’
729 3207 882 3251 ἐκβαλὼν
900 3209 1047 3253 κόμπους
1066 3208 1180 3245 κενοὺς

335 3258 380 3294 ὡς
399 3256 577 3306 σύγγαμός
596 3274 654 3295 σοι
671 3260 754 3296 Ζεὺς
770 3261 860 3296 τέκοι
879 3261 953 3296 νέον
972 3262 1060 3306 θεὸν,

336 3311 382 3346 σὺ
400 3310 430 3346 δ’
449 3311 495 3347 ὡς
512 3311 654 3357 ἀρίστου
673 3313 788 3358 φωτὸς
805 3313 948 3359 ἐκλήθης
966 3315 1087 3362 δάμαρ.

339 3363 374 3399 τί
390 3364 431 3407 δὴ
449 3363 488 3399 τὸ
508 3366 633 3411 σεμνὸν
651 3368 703 3414 σῷ
722 3367 959 3414 κατείργασται
975 3368 1089 3410 πόσει,

333 3416 438 3463 ὕδραν
455 3417 571 3454 ἕλειον
589 3418 620 3453 εἶ
637 3419 784 3454 διώλεσε
802 3422 929 3455 κτανὼν

335 3468 355 3514 ἦ
373 3470 432 3506 τὸν
450 3471 595 3517 Νέμειον
613 3471 708 3516 θῆρ’,·
736 3471 775 3508 ὃν
792 3473 828 3508 ἐν
845 3474 988 3520 βρόχοις
1006 3474 1094 3510 ἔλῶν

332 3524 517 3569 βραχίονός
534 3523 623 3571 φησ’
643 3524 843 3573 ἀγχόναισιν
861 3526 1001 3570 ἐξελεῖν.

331 3575 444 3612 τοῖσδ’
464 3576 732 3626 ἐξαγωνίζεσθες
759 3579 855 3615 τῶνδ’
874 3579 924 3626 ἄρ’
944 3579 1062 3615 οὔνεκα

332 3629 411 3666 τοὺς
427 3629 650 3670 Ἡρακλείους
667 3632 789 3669 παῖδας
808 3633 846 3667 οὐ
865 3632 1022 3678 θνήσκειν
1040 3634 1178 3680 χρεών,·

1213 275 1552 316 ’ΥΡΙΠΙΔΟΎΕ

1261 451 1300 486 95

1242 716 1301 739 100

1241 978 1297 1011 105

1219 1086 1297 1119 στρ.

1240 1248 1300 1270 110

1236 1730 1296 1751 120

1235 1940 1292 1973 125

1233 2208 1293 2239 130

1230 2528 1286 2561 Ι35

1229 2794 1287 2825 140

1226 3326 1286 3358 150

1338 1079 1416 1109 AM.

1447 383 1484 418 ὃς
1501 383 1585 429 ἔσχε
1604 381 1707 426 δόξαν
1723 382 1820 419 οὐδὲν
1837 382 1882 419 ὢν
1900 384 2080 431 εὐψυχίας,

1445 436 1555 482 θηρῶν
1572 435 1608 471 ἐν
1625 436 1742 482 αἰχμῇ,
1760 437 1872 472 τᾶλλα
1890 436 1918 473 δ’
1938 438 2035 474 οὐδὲν
2053 439 2202 483 ἄλκιμος,

1448 487 1485 524 ὃς
1502 488 1616 524 οὔποτ’
1636 488 1752 525 ἀσπίδ’
1772 490 1857 536 ἔσχε
1873 491 1958 538 πρὸς
1975 493 2055 538 λαιᾷ
2071 491 2160 537 χερὶ,

1444 541 1514 577 οὐδ’
1533 539 1618 586 ἦλθε
1635 543 1765 590 λόγχης
1782 542 1896 591 ἐγγὺς,
1915 543 2006 579 ἀλλὰ
2024 544 2095 589 τόξ’
2113 546 2211 590 ἔχων,

1445 596 1605 630 κάκιστον
1623 594 1742 636 ὅπλον,
1762 599 1802 642 τῇ
1821 597 1915 644 φυγῇ
1932 599 2113 644 πρόχειρος
2131 595 2182 641 ἦν.

1444 647 1564 695 ἀνδρὸς
1582 648 1612 683 δ’
1633 649 1780 696 ἔλεγχος
1796 650 1874 696 οὐχὶ
1891 649 1963 695 τόξ’
1984 651 2164 697 εὐψυχίας,

1445 700 1524 736 ἀλλ’
1545 700 1582 738 ὃς
1599 701 1708 747 μένων
1724 702 1847 745 βλέπει
1864 718 1902 738 τε
1919 703 2164 750 κάντιδέρκεται

1444 755 1543 801 δορὸς
1559 758 1697 801 ταχεῖαν
1715 755 1824 791 ἅλοκα
1839 756 1936 801 τάξιν
1952 756 2122 802 ἐμβεβώς.

1443 808 1514 854 ἔχει
1534 807 1571 843 δὲ
1588 808 1712 854 τούμὸν
1729 810 1789 844 οὐκ
1807 808 1983 851 ἀναίδειαν,
2002 809 2116 857 γέρον,

1442 860 1521 896 ἀλλ’
1540 861 1732 904 εὐλάβειαν·
1760 859 1835 898 οἶδα
1851 863 1918 910 γὰρ
1937 864 2146 899 κατακτανὼν

1443 914 1606 961 Κρέοντα,
1625 915 1754 962 πατέρα
1771 916 1888 960 τῆσδε,
1906 917 1959 952 καὶ
1979 916 2117 963 θρόνους
2135 917 2234 962 ἔχων.

1443 970 1564 1003 οὔκουν
1581 968 1778 1014 τραφέντων
1797 969 1901 1004 τῶνδε
1918 970 2083 1016 τιμωροὺς
2101 971 2200 1015 ε’μοὺς

1442 1020 1556 1067 χρῄζω
1573 1021 1737 1057 λιπέσθαι
1755 1026 1822 1057 τῶν
1839 1023 2047 1069 δεδραμένων
2065 1022 2169 1068 δίκην.

1443 1077 1490 1123 τῷ
1510 1077 1570 1110 τοῦ
1590 1075 1670 1111 Διὸς
1686 1075 1747 1120 μὲν
1765 1075 1845 1112 Ζεὺς
1863 1075 2013 1122 ἀμυνέτω
2030 1076 2124 1122 μέρει

1442 1128 1572 1165 παιδός·
1600 1128 1640 1163 τὸ
1658 1128 1687 1164 δ’
1707 1128 1755 1164 εἷς
1769 1128 1832 1175 ἔμ’,
1851 1127 2046 1176 Ἡράκλεις,
2065 1129 2139 1173 ἐμοὶ
2156 1129 2258 1175 μέλει

1442 1181 1580 1228 λόγοισι
1598 1181 1659 1226 τὴν
1675 1179 1768 1218 τοῦδ’
1787 1181 1932 1227 ἀμαθίαν
1949 1182 2034 1229 ὑπὲρ
2054 1182 2155 1218 σέθεν

1443 1234 1560 1278 δεῖξαι·
1588 1238 1695 1272 κακῶς
1711 1236 1777 1282 γάρ
1796 1234 1832 1271 σ’
1852 1236 1911 1271 οὐκ
1928 1235 2043 1271 εἀτέον
2061 1235 2188 1272 κλύειν.

1442 1292 1577 1333 πρῶτον
1593 1289 1653 1335 μὲν
1671 1287 1730 1324 οὖν
1746 1286 1898 1336 τᾶρρητ’,
1917 1288 1954 1324 ἐν
1970 1286 2149 1336 ἀρρήτοισι
2164 1290 2231 1338 γὰρ

1441 1340 1503 1386 τὴν
1520 1341 1586 1387 σὴν
1604 1343 1724 1388 νομίζω
1743 1341 1882 1386 δειλίαν,
1900 1342 2098 1389 Ἱ-Ιράκλεες,

1443 1394 1509 1429 σὺν
1524 1396 1693 1443 μάρτυσιν
1711 1394 1801 1431 θεοῖς
1819 1396 1871 1431 δεῖ
1886 1394 1922 1442 μ’
1942 1396 2138 1441 ἀπαλλάξαι
2157 1395 2269 1432 σέθεν.

1442 1449 1523 1484 Διὸς
1541 1450 1700 1496 κεραυνὸν
1718 1446 1749 1484 δ’
1768 1446 1895 1495 ἠρόμην
1911 1449 2079 1496 τέθριππά
2096 1464 2144 1492 τε,

1443 1501 1479 1536 ἐν
1497 1498 1547 1537 οἷς
1563 1504 1720 1548 βεβηκὼς
1736 1503 1829 1537 τοῖσι
1845 1504 1909 1550 γῆς
1924 1502 2152 1549 βλαστήμασι

1440 1553 1565 1602 Γίγασι
1582 1558 1743 1603 πλευροῖς
1759 1553 1857 1601 πτήν’
1880 1556 2069 1603 ἐναρμόσας
2084 1555 2192 1602 βέλη,

1441 1608 1500 1643 τὸν
1517 1610 1712 1645 καλλίνικον
1726 1609 1812 1655 μετὰ
1830 1609 1915 1645 θεῶν
1933 1610 2099 1656 ἐκώμασε·

1440 1663 1663 1708 τετρασκελές
1682 1663 1713 1698 θ’
1729 1661 1884 1709 ὕβρισμα
1901 1662 2099 1711 Κενταύρων
2115 1663 2223 1711 γένος,

1440 1717 1574 1761 Φολόην
1591 1716 1756 1758 ἐπελθὼν,
1777 1715 1803 1751 ὦ
1820 1717 1959 1752 κάκιστε
1974 1718 2161 1762 βασιλέων,

1439 1769 1518 1815 ἐροῦ
1535 1769 1596 1804 τίν’
1615 1769 1706 1816 ἄνδρ’
1727 1769 1868 1816 ἄριστον
1885 1769 2071 1817 ἐγκρίναιεν
2089 1770 2141 1816 ἂν,

1439 1821 1459 1867 ἢ
1478 1822 1517 1856 οὐ
1535 1823 1639 1858 παῖδα
1656 1823 1715 1858 τὸν
1733 1822 1824 1868 ε’μὸν,
1847 1821 1886 1858 ὃν
1902 1824 1948 1860 σὺ
1965 1824 2035 1871 φῂς
2053 1820 2136 1859 εἶναι
2154 1824 2274 1861 δοκεῖν·

1439 1875 1575 1922 Δίρφυν
1592 1875 1622 1912 δ’
1643 1877 1786 1923 ε’ρωτῶν,
1804 1875 1828 1921 ἥ
1845 1875 1881 1912 σ’
1900 1876 2036 1925 ἔθρεψ’,
2052 1877 2247 1922 Ἀβαντίδα,

1439 1927 1511 1964 οὐκ’
1531 1929 1571 1964 ἅν
1589 1929 1622 1965 σ’
1643 1929 1862 1966 ἐπαινέσειεν·
1890 1931 1930 1966 οὐ
1945 1931 2013 1978 γὰρ
2031 1929 2107 1967 ἔσθ’
2128 1930 2213 1967 ὅπου

1439 1981 1567 2017 ἐσθλόν
1583 1998 1616 2018 τι
1634 1984 1763 2030 δράσας
1778 1981 1919 2031 μάρτυρ’
1939 1984 1980 2019 ἂν
1996 1985 2121 2027 λάβοις
2137 1986 2279 2034 πάτραν.

1437 2035 1477 2069 τὸ
1494 2036 1676 2082 πάνσοφον
1694 2035 1724 2072 δ’
1745 2035 1883 2084 εὕρημα,
1901 2036 2027 2085 τοξήρη
2046 2039 2167 2083 σάγην,

1436 2088 1576 2135 μέμφει·
1605 2089 1716 2126 κλύων
1733 2092 1791 2125 νῦν
1807 2089 1887 2125 τάπ’
1907 2090 1990 2136 ἐμοῦ
2008 2090 2123 2137 σοφὸς
2140 2094 2253 2139 γενοῦ.
2284 2092 2286 2094 μ

1437 2141 1519 2188 ἀνὴρ
1538 2143 1679 2188 ὁπλίτης
1697 2144 1820 2180 δοῦλός
1838 2143 1913 2180 ε’στι
1930 2146 1997 2180 τῶν
2014 2143 2144 2186 ὅπλων,

1437 2195 1492 2229 καὶ
1509 2198 1600 2232 τοῖσι
1618 2197 1862 2243 συνταχθεῖσιν
1879 2196 1958 2233 οὐσι
1974 2198 2141 2246 μάγαθοῖς

1436 2249 1536 2285 αὐτὸς
1555 2248 1690 2295 τέθνηκε
1707 2249 1818 2296 δειλίᾳ
1834 2253 1874 2295 τῇ
1893 2254 1960 2286 τῶν
1975 2253 2096 2297 πέλας,

1437 2301 1589 2347 θραύσας
1605 2317 1642 2338 τε
1659 2304 1791 2350 λόγχην
1809 2304 1869 2338 οὐκ
1887 2305 1958 2350 ἕχει
1976 2307 2024 2353 τῷ
2044 2306 2176 2350 σώματι

1437 2355 1580 2392 θάνατον
1598 2355 1729 2401 ἀμῦναι,
1747 2355 1827 2402 μίαν
1845 2356 1933 2403 ἔχων
1950 2357 2056 2403 ἀλκὴν
2072 2361 2186 2404 μόνον·

1436 2407 1514 2444 ὅσοι
1533 2409 1570 2444 δὲ
1587 2410 1699 2454 τόξοις
1715 2407 1804 2457 χεῖρ’
1824 2409 1964 2456 ἔχουσιν
1981 2414 2162 2459 εὔστοχον,

1436 2460 1471 2497 ἓν
1487 2462 1549 2508 μὲν
1566 2462 1605 2497 τὸ
1621 2464 1771 2511 λῷστον,
1788 2465 1926 2511 μυρίους
1944 2463 2081 2502 οἰστοὺς
2097 2465 2199 2512 ἀφεὶς

1434 2514 1556 2552 ἅλλοις
1573 2517 1612 2551 τὸ
1631 2520 1730 2562 σῶμα
1746 2514 1860 2564 ῥύεται
1877 2517 1922 2562 μὴ
1941 2517 2126 2562 κατθανεῖν,

1435 2569 1512 2605 ἑκὰς
1531 2566 1561 2604 δ’
1581 2568 1743 2615 ἀφεστὼς
1759 2570 1942 2616 πολεμίους
1960 2571 2129 2616 ἀμύνεται,

1434 2623 1580 2669 τυφλοῖς
1598 2624 1744 2668 ὁρῶντας
1761 2623 1908 2660 οὐτάσας
1925 2623 2123 2670 τοξεύμασι,

1437 2678 1476 2711 τὸ
1495 2677 1595 2721 σῶμά
1611 2675 1642 2710 τ’
1662 2676 1702 2711 οὐ
1720 2676 1841 2712 δίδωσι
1858 2678 1928 2713 τοῖς
1946 2676 2117 2720 ἐναντίοις,

1433 2727 1470 2764 ἐν
1487 2729 1690 2777 εὐφυλάκτῳ
1709 2728 1738 2764 δ’
1758 2730 1845 2766 ἐστί·
1871 2732 1972 2766 τοῦτο
1990 2729 2020 2766 δ’
2050 2730 2059 2742 ’

2330 548 2388 582 160

2330 1090 2389 1123 170

2328 1614 2387 1648 180

2326 2161 2386 2194 190

2324 2425 2380 2461 ι95

2319 2692 2380 2715 200

2041 2745 2077 2766 εν
2092 2731 2185 2778 μάχῃ

1432 2783 1547 2827 σοφὸν
1563 2782 1726 2828 μάλιστα,
1747 2784 1877 2829 δρῶντα
1895 2784 2079 2829 πολεμίους
2098 2790 2205 2821 κακῶς

1433 2837 1554 2879 σώζειν
1570 2837 1608 2870 τὸ
1627 2839 1736 2880 σῶμα,
1757 2836 1801 2882 μὴ
1820 2835 1851 2871 ’κ
1869 2837 1974 2883 τύχης
1991 2834 2233 2884 ὧρμισμένους.

1431 2889 1531 2935 λόγοι
1549 2889 1611 2934 μὲν
1628 2887 1698 2924 οἵδε
1715 2892 1809 2925 τοῖσι
1827 2892 1902 2927 σοῖς
1921 2889 2071 2926 ἐναντίαν

1429 2943 1564 2988 γνώμην
1581 2942 1701 2989 ἔχουσι
1719 2946 1785 2978 τῶν
1803 2943 2024 2980 καθεστώτων
2041 2945 2130 2990 πέρι.

1431 2996 1552 3032 παῖδας
1570 2996 1607 3030 δὲ
1626 2995 1665 3040 δὴ
1684 2996 1718 3030 τί
1734 2995 1852 3032 τούσδ’
1872 2998 2063 3033 ἀποκτεῖναι
2081 2997 2218 3038 θέλεις,’

1457 3048 1465 3060 ’
1507 3048 1516 3060 '
1535 3047 1570 3083 οἵ
1588 3048 1596 3060 ’
1617 3047 1784 3095 ἔδρασαν,·
1813 3048 1848 3085 ἕν
1865 3051 1899 3086 τί
1915 3050 1950 3086 σ’
1969 3049 2112 3098 ἡγοῦμαι
2131 3052 2258 3097 σοφὸν,

2315 2957 2376 2992 205

1431 3063 1464 3082 Τί
1483 3063 1508 3083 σ

1432 3101 1461 3136 εἶ
1479 3105 1546 3137 τῶν
1562 3101 1711 3149 ἀρίστων
1728 3101 1862 3150 τᾶκγον’
1881 3104 1980 3140 αὐτὸς
1998 3104 2044 3139 ὢν
2061 3105 2160 3140 κακὸς

1433 3154 1593 3192 δέδοικας.
1631 3155 1723 3190 ἀλλὰ
1741 3155 1832 3191 τοῦθ’
1852 3155 1941 3202 ὅμως
1958 3156 2035 3202 ἡμῖν
2051 3157 2153 3204 βαρὺ,

1430 3207 1460 3242 εἰ
1480 3208 1607 3245 δειλίας
1625 3209 1689 3253 σῆς
1707 3207 1945 3255 κατθανούμεθ’
1965 3208 2094 3254 οὕνεκα,

1430 3259 1448 3294 ὃ
1466 3262 1553 3307 χρῆν
1572 3258 1607 3297 σ’
1628 3260 1691 3308 ὑφ’
1712 3261 1803 3307 ἡμῶν
1821 3265 1885 3297 νῶν
1903 3261 2083 3308 ἀμεινόνων
2098 3261 2232 3305 παθεῖν,

1431 3313 1460 3347 εἶ
1478 3315 1559 3350 Ζεὺς
1577 3315 1704 3350 δικαίας
1722 3311 1814 3361 εἶχεν
1832 3314 1879 3352 εἷς
1897 3314 1981 3360 ἡμᾶς
1998 3316 2136 3362 φρένας.

1429 3365 1459 3400 εἷ
1477 3367 1505 3401 δ’
1525 3366 1583 3402 οὖν
1601 3367 1691 3413 ἔχειν
1707 3369 1771 3415 γῆς
1788 3369 1942 3414 σκῆπτρα
1959 3365 2058 3413 τῆσδ’
2079 3368 2179 3404 αὐτὸς
2197 3366 2324 3408 θέλεις,

1431 3418 1534 3454 ἔασον
1552 3419 1637 3466 ἡμᾶς
1654 3421 1810 3469 φυγάδας
1826 3420 1978 3465 ἐξελθεῖν
1994 3420 2129 3467 χθονός·

1428 3471 1490 3518 βίᾳ
1508 3473 1545 3508 δὲ
1563 3474 1692 3520 δράσῃς
1709 3473 1823 3520 μηδὲν,
1842 3472 1862 3519 ἢ
1879 3473 1992 3510 πείσει
2009 3474 2100 3517 βίαν,

1429 3523 1509 3560 ὅταν
1527 3525 1604 3563 θεός
1622 3540 1681 3562 σοι
1696 3529 1828 3573 πνεῦμα
1843 3527 2049 3574 μεταβαλὼν
2064 3525 2163 3574 τύχῃ.

1432 3579 1512 3623 φεῦ·

1428 3629 1454 3666 ὧ
1470 3633 1550 3678 γαῖα
1568 3633 1720 3676 Κάδμου,
1739 3633 1793 3669 καὶ
1809 3633 1877 3681 γὰρ
1894 3631 1931 3669 ἐς
1948 3628 1985 3669 «τ’
2004 3632 2172 3680 ἀφίξομαι

2315 3222 2376 3245 210

2314 3484 2373 3518 215
