2488 3860
171 291 248 334 160

166 503 235 533 ΥΛ.

172 610 243 640 ΠΡ.

175 824 242 854 ΥΛ.

174 878 244 907 ΠΡ.

175 1091 245 1121 ΥΛ.

177 1197 247 1228 flP.

179 1464 249 1495 ΠΡ.

179 1678 249 1708 ΥΛ.

181 1785 251 1815 ΗΡ.

180 3154 249 3185 ΠΡ.

181 3364 247 3396 ΥΛ.

185 3524 254 3555 ΗΡ.

1051 295 1453 336 ΣΟΦΟΚΛΕΟΥΣ

273 391 306 427 τί
322 391 402 439 χρὴ,
422 393 567 431 θανόντα
587 408 637 429 νιν
663 392 683 440 ἢ
703 393 782 431 καθ’

271 444 377 482 ὕπνον
394 445 474 483 ὄντα
492 450 621 495 κρῖναι;
1163 466 1227 502 970

274 498 358 544 ὤμοι
378 500 444 546 ἐγὼ
463 503 542 541 σοῦ,
564 502 683 549 πάτερ,
702 503 728 537 ὢ
742 505 876 549 μέλεος.

276 551 310 586 τί
327 551 448 592 π’άθω;
477 551 512 587 τί
529 552 566 587 δὲ
583 551 759 600 μήσομαι;
789 554 894 602 οἶμοι.

274 604 369 652 σίγα,
390 605 518 646 τέκνον,
537 606 583 651 μὴ
603 605 743 653 κινήσῃς

275 658 396 705 ἀγρίαν
414 656 535 703 ὀδύνην
552 661 681 707 πατρὸς
699 661 915 710 ὦμόφρονος.
1166 677 1229 712 975

277 712 316 756 ζῇ
333 712 400 758 γὰρ
419 711 602 758 προπετὴς.
632 711 713 749 ἀλλ’
730 712 813 762 ἴσχε
832 717 941 752 δακὼν

277 766 390 811 στόμα
409 766 486 801 σόν.

533 822 605 856 πῶς
623 819 705 866 φῂς,
725 820 848 868 γέρονὲ
877 821 897 867 ἦ
918 824 956 869 ζῇ
968 837 977 865 z

279 871 319 906 οὐ
337 870 382 917 μὴ
400 870 563 920 ’ξεγερεῖς
580 873 639 908 τὸν
656 871 750 923 ὕπνῳ
769 876 915 922 κάτοχον

278 923 490 970 κάκκινήσεις
508 925 736 972 κάναστήσεις

277 979 427 1024 φοιτάδα
445 979 556 1025 δεινὴν
1168 990 1232 1031 980
1254 998 1255 1002 ¹

278 1033 394 1073 νόσον,
415 1030 442 1066 ὦ
460 1033 588 1069 τέκνον.

669 1087 749 1123 ἀλλ’
770 1088 825 1124 ἐπι
843 1104 902 1134 μοι
919 1090 1031 1139 μελέῳ

278 1139 387 1227 {ciges-
405 1137 591 1175 ἅπλετον’
574 1140 758 1186 εμμέμονεν
775 1141 880 1189 φρήν.

350 1207 398 1233 ευ,

281 1247 342 1282 ποῖ
357 1247 422 1293 γᾶς
439 1245 531 1292 ἥκω;
560 1247 653 1294 παρὰ
671 1249 764 1283 τοῖσι
781 1250 918 1296 βροτῶν

281 1300 390 1344 κεῖμαι
407 1300 638 1345 πεπονημένος
655 1300 841 1346 ἀλλήκτοις
1171 1309 1232 1351 985

280 1350 435 1393 ὄδύναις;
465 1351 556 1398 οἴμοι
575 1354 641 1401 ἐγὼ
660 1355 811 1399 τλάμων·

280 1405 300 1451 ἡ
320 1405 348 1441 δ’
368 1405 411 1441 αὖ
428 1407 532 1453 μιαρὰ
549 1405 683 1454 βρύκει.
713 1408 796 1453 φεῦ.

279 1458 331 1506 ἆρ’
351 1457 471 1505 ἐξῄδης
489 1458 574 1495 ὅσον
591 1458 632 1504 ἦν
651 1461 770 1507 κέρδος

283 1514 365 1559 σιγῇ
385 1511 526 1553 κεύθειν,
547 1513 601 1548 καὶ
619 1514 664 1559 μὴ
685 1514 853 1549 σκεδάσαι

281 1564 358 1614 τῷδ’
379 1565 446 1601 ἀπὸ
465 1567 586 1613 κρατὸς
1173 1584 1235 1618 990

282 1620 474 1667 βλεφάρων
493 1619 526 1655 θ’
547 1617 653 1655 ὕπνον
669 1633 677 1661 ;

725 1674 765 1708 οὐ
782 1674 849 1722 γὰρ
868 1675 937 1721 ἔχω
953 1678 1027 1712 πῶς
1043 1674 1085 1710 ἃν

285 1726 463 1773 στέρξαιμι
482 1727 583 1761 κακὸν
601 1727 679 1762 τόδε
696 1725 874 1763 λεύσσων.

283 1795 308 1814 ω
328 1779 455 1824 Κηναία
473 1781 593 1826 κρηπις
610 1782 749 1826 βωμῶν,

284 1834 382 1880 ἶερῶν
400 1830 473 1868 οἷαν
491 1831 571 1868 οἵων
589 1834 646 1869 ε’πί
663 1849 722 1879 μοι

281 1886 392 1935 μελέῳ
410 1888 512 1933 χάριν
530 1885 658 1932 ἧνύσω.
689 1887 715 1922 ὦ
734 1889 810 1927 Ζεῦ,
1171 1894 1235 1935 996

283 1939 356 1975 οἷαν
374 1939 406 1977 μ’
425 1939 477 1982 ἄρ’
497 1940 576 1975 ἔθου
594 1941 726 1981 λώβαν,
746 1938 831 1981 οἵαν,

273 1988 314 2035 ἣν
332 1989 378 2035 μή
395 1989 472 2026 ποτ’
493 1990 560 2037 ἐγὼ
578 1991 758 2037 προσιδεῖν
777 1993 795 2026 ὁ
814 1992 921 2028 τάλας

274 2042 413 2089 ὤφελον
432 2042 568 2084 ὅσσοις,
589 2043 659 2079 τόδ’
678 2042 849 2089 ἀκήλητον

271 2096 392 2142 μανίας
410 2095 512 2133 ἄνθος
530 2096 806 2144 καταδερχθῆναι.

273 2149 326 2186 τίς
343 2151 411 2196 γὰρ
430 2149 556 2190 ἀοιδὸς,
576 2149 627 2186 τίς
646 2152 665 2184 ὁ
682 2150 904 2198 χειροτέχνης

273 2202 436 2249 ἶατορίας,
457 2201 495 2239 ὃς
513 2201 605 2248 τήνδ’
623 2202 705 2247 ἄτην

274 2255 380 2302 χωρὶς
399 2256 503 2300 Ζηνὸς
521 2255 771 2301 κατακηλήσει·
762 2283 772 2297 ,

274 2307 372 2354 θαῦμ’
393 2308 433 2343 ἂν
451 2308 629 2356 πόρρωθεν
647 2309 792 2355 ι’δοίμαν.

274 2360 291 2397 ἔ
309 2360 337 2402 ἒ,

275 2414 353 2450 ἐᾶτέ
369 2414 417 2460 μ’,
439 2415 517 2450 ἐᾶτέ
534 2430 577 2460 με
595 2414 771 2463 δύσμορον
789 2416 940 2453 εὖνάσαι.

276 2467 351 2502 ἐᾶθ’
371 2466 521 2503 ὕστατον
539 2469 689 2504 εὐνάσαι·

275 2522 325 2557 πᾶ
342 2535 408 2566 μου
426 2520 552 2568 «paim
566 2535 574 2563 ;
605 2524 666 2557 ποῖ
684 2522 828 2564 κλίνεις;

276 2574 419 2610 ἀπολεῖς
436 2573 483 2619 μ’,
504 2575 658 2611 ἀπολεῖς.

276 2626 512 2674 ἀνατέτροφας
530 2627 550 2662 ὅ
567 2642 600 2663 τι
619 2629 673 2663 καὶ
691 2627 798 2674 μύσῃ.

277 2678 381 2724 ἢπταί
397 2694 476 2725 μου,
496 2683 644 2716 τοτοτοῖ.
674 2682 724 2727 ἥδ’
745 2681 821 2717 αὖθ’
842 2682 950 2730 ἕρπει.
979 2684 1123 2720 πόθεν*
1102 2684 1190 2727 εστ’,
1207 2685 1234 2720 ὦ

278 2733 414 2767 πάντων
430 2732 608 2769 Ἑλλάνων
625 2735 864 2771 ἀδικώτατοι’
844 2737 971 2781 ανέρες,
992 2753 1052 2774 ους
1070 2738 1111 2779 δὴ
1152 2753 1234 2775 1010

276 2779 394 2815 πολλα
427 2795 490 2825 μεν
523 2780 558 2816 ἔν
590 2784 714 2830 πόντω,
743 2786 826 2819 κατά
859 2799 896 2820 τε
928 2784 1005 2832 δρία
1034 2783 1142 2821 πάντα
1170 2800 1229 2822 κα-

330 2831 466 2876 θαίρων,

281 2883 491 2927 ὠλεκόμαν
473 2898 492 2917 ο
511 2884 628 2923 τάλας,
649 2885 703 2919 καὶ
722 2887 780 2919 νῦν
799 2885 854 2920 ἐπὶ
872 2887 957 2934 τῷδε
977 2890 1136 2923 νοσοῦντι

279 2935 319 2970 οὐ
337 2937 418 2982 πῦρ,
439 2935 499 2970 οὐκ
518 2936 621 2982 ἔγχος
639 2951 690 2973 τις
709 2936 873 2983 ὀνήσιμον
891 2939 951 2974 οὐκ
973 2938 1151 2987 ἐπιτρέψει
1167 2950 1176 2983 ;

285 2987 298 3001 Ἀ
320 2987 333 3001 Ἀ

281 3004 297 3023 ε
316 3004 344 3029 ε,

280 3040 351 3076 οὐδ’
371 3041 541 3088 ἀπαράξαι
560 3044 665 3088 κρᾶτα
682 3043 763 3085 βίου
783 3043 876 3079 θέλει

279 3094 397 3139 μολὼν
415 3097 476 3129 τοῦ
495 3097 687 3142 στυγεροῦ·
679 3122 688 3136 ,
719 3097 787 3142 φεῦ
806 3098 887 3143 φεῦ.

278 3146 305 3182 ὦ
322 3148 386 3183 παῖ
402 3146 493 3182 τοῦδ’
513 3148 646 3193 ἀνδρὸς,
666 3151 812 3196 τοῦργον
830 3151 908 3186 τόδε
926 3153 1077 3196 μεῖζον’
1058 3152 1171 3199 ανήκει

281 3199 301 3246 ἢ
338 3198 408 3235 κατ’
422 3200 529 3267 „gud”
562 3199 690 3247 ῥώμαν·
732 3202 778 3236 σὺ
814 3203 851 3238 δὲ
888 3203 1060 3248 σύλλαβε.

334 3254 402 3300 γὰρ
420 3252 512 3298 ὄμμα

283 3306 432 3352 ἔμπλεον
449 3305 469 3351 ἢ
489 3305 531 3341 δι’
551 3305 634 3352 ἐμοῦ
654 3308 787 3351 σώζειν.

1149 2115 1232 2138 1000

982 2433 1061 2467 στρ.
1082 2417 1124 2454 α’.
1149 2432 1228 2465 ¹005

1080 2540 1159 2573 m.
1180 2525 1229 2570 β’.

987 3046 1060 3082 ἀντ.
1081 3046 1125 3083 α’.
1153 3061 1232 3093 ¹0¹5

1103 3221 1161 3242 σοι
1197 3222 1234 3244 ΤΕ

1154 3327 1236 3350 1020

830 3361 934 3408 ψαύω
952 3364 1014 3408 μὲν
1031 3381 1150 3413 εγωγε,

283 3411 471 3448 λαθίπονον
489 3413 519 3448 δ’
536 3412 659 3448 ὀδυνᾶν
677 3412 746 3449 οὔτ’
766 3415 902 3450 ἔνδοθεν
919 3419 997 3452 οὔτε
1015 3418 1160 3465 θύραθεν

284 3466 360 3500 ἔστι
378 3479 436 3510 μοι
455 3464 618 3510 ἐξανύσαι
634 3467 766 3509 βίοτον.
795 3471 934 3504 τοιαῦτα
951 3470 1041 3516 νέμει
1060 3471 1154 3509 Ζεύς.

284 3517 310 3553 ὦ
327 3520 400 3559 παῖ,
420 3521 487 3554 ποῦ
505 3518 581 3554 ποτ’
601 3515 652 3554 εἶ·
643 3546 652 3560 ,
1088 3540 1167 3574 στρ.
1187 3525 1234 3573 γ’.

286 3571 366 3617 τᾷδέ
382 3586 424 3615 με
442 3571 523 3617 τᾷδέ
537 3587 581 3616 με
598 3574 782 3620 πρόσλαβε
801 3574 984 3622 ηὐφίσας.
1155 3592 1236 3624 1024

286 3623 304 3659 ἒ
321 3622 350 3666 ἐ,
370 3623 409 3658 ἷὼ
429 3624 467 3659 ἶὼ
488 3625 618 3669 δαῖμον.

1279 1094 1350 1125 XO.

1279 1202 1350 1231 HP.

1382 399 1530 446 θρώσκει
1548 396 1577 432 δ’
1597 411 1651 437 av,
1672 394 1821 443 θρώσκει
1840 392 1972 461 δειλαία

1381 450 1535 488 διολοῦσ’
1555 449 1641 496 ἡμᾶς

1381 505 1589 547 ἇποτίβατος
1606 501 1709 550 ἀγρία
1725 502 1842 538 νόσος.

2186 390 2259 426 ἀντ.
2278 391 2311 434 β’

2249 509 2330 542 ιο3ο

1381 554 1407 590 ὦ
1425 555 1570 592 Παλλὰς
1588 555 1743 595 Παλλὰς,
1763 554 1841 589 τόδε
1858 553 1890 600 μ’
1911 551 1953 589 αυ
1970 553 2138 596 λωβᾶται.
2167 552 2206 588 z&
2223 553 2287 588 παῖ

1378 610 1437 644 τὸν
1455 607 1577 657 φύτορ’
1597 608 1761 656 οἰκτείρας
1779 607 2017 673 ἀνεπίφθονονι
2025 604 2164 653 εἵρυσον
2181 606 2296 653 ἔγχος,

1378 665 1504 698 παῖσον
1541 662 1622 709 ἐμᾶς
1656 663 1722 699 ὑπὸ
1759 662 1894 707 κλῇδος·
1937 661 2018 696 ἀκοῦ
2054 659 2082 696 δ’

1436 715 1611 763 ἐχόλωσεν

1380 771 1428 806 σὰ
1444 771 1554 818 μάτηρ
1573 770 1684 810 ἄθεος,
1702 768 1763 806 τὰν
1782 767 1837 804 ὧδ’
1856 767 2006 815 ἐπίδοιμι
2023 770 2204 806 πεσοῦσαν

2116 659 2212 706 ἄκος»
2241 656 2268 708 ᾧ
2295 656 2330 705 μ’

1381 822 1501 863 αὕτως,
1539 822 1596 859 ὧδ’
1633 821 1754 864 αὕτως,
1798 823 1844 860 ὥς
1887 821 1920 860 μ’
1956 821 2100 859 ὤλεσεν.
2146 820 2173 856 ὦ
2207 818 2332 868 γλυκὺς

1428 873 1560 915 Ἀιδας,
2251 881 2332 914 1040

1382 927 1408 962 ὦ
1428 928 1509 964 Διὸς
1526 925 1710 972 αὗθαίμων,
2187 921 2263 959 ἀντ.
2281 920 2329 972 γ’.

1381 982 1526 1016 εὔνασον
1544 981 1689 1016 εὔνασον
1707 977 1861 1025 ὠκυπέτα
1877 979 1972 1028 μόρῳ

1384 1035 1443 1069 τὸν
1459 1034 1589 1080 μέλεον
1606 1033 1751 1080 φθίσας.

1381 1085 1523 1122 κλύουσ’
1543 1087 1671 1134 ἔφριξα
1687 1085 1795 1122 τάσδε
1813 1083 2009 1132 συμφορὰς,
2029 1082 2145 1130 φίλαι,

1382 1141 1534 1184 ἄνακτος,
1556 1138 1628 1176 οἵας
1646 1136 1718 1176 οἷος
1736 1138 1782 1174 ὢν
1800 1136 1992 1174 ἐλαύνεται.

1381 1194 1407 1229 ὦ
1425 1194 1544 1230 πολλὰ
1562 1193 1602 1238 δὴ
1622 1193 1676 1228 καὶ
1695 1191 1803 1240 θερμὰ
1820 1191 1881 1227 κού
1897 1192 1995 1239 λόγῳ
2013 1188 2097 1224 κακὰ

1377 1249 1431 1284 καὶ
1445 1247 1549 1296 χερσῖ
1564 1247 1618 1282 καὶ
1636 1247 1777 1282 νώτοισι
1794 1242 1975 1292 μοχθήσας
1993 1243 2074 1291 ἐγώ·

1381 1302 1495 1336 κοῦπω
1514 1303 1670 1336 τοιοῦτον
1688 1301 1759 1334 οὔτ’
1777 1299 1904 1335 ἄκοιτις
1920 1296 1940 1342 ἦ
1960 1297 2042 1332 Διὸς

1380 1353 1570 1401 προῦθηκεν
1588 1353 1665 1389 οὔθ’
1686 1355 1705 1388 ὁ
1725 1352 1871 1400 στυγνὸς
1888 1347 2086 1398 Εὐρυσθεὺς
2104 1348 2191 1396 ἐμοὶ,

1381 1405 1453 1442 οἷον
1471 1407 1540 1442 τόδ’
1559 1406 1579 1452 ἡ
1599 1407 1750 1445 δολῶπις
1769 1404 1895 1441 Οἰνέως
1912 1405 1993 1451 κόρη

1381 1460 1538 1507 καθῆψεν
1556 1459 1661 1506 ὤμοις
1679 1461 1751 1496 τοῖς
1770 1459 1864 1505 ἐμοῖς
1879 1455 2044 1505 Ἐρινύων

1380 1515 1532 1560 ὑφαντὸν
1549 1513 1833 1560 ἀμφίβληστρον,
1853 1508 1881 1561 ᾧ
1899 1511 2095 1555 διόλλυμαι.

1379 1569 1565 1615 πλευραῖσι
1581 1567 1649 1614 γὰρ
1667 1564 1929 1614 προσμαχθὲν’
1911 1578 1947 1599 εκ
1964 1563 2026 1609 μὲν
2044 1562 2195 1609 ἐσχάτας

1379 1621 1538 1666 βέβρωκε
1557 1621 1698 1667 σάρκας,
1718 1617 1904 1664 πνεύμονός
1921 1616 1950 1653 τ’
1969 1615 2130 1664 ἀρτηρίας

1379 1673 1486 1721 ῥοφεῖ
1502 1674 1690 1718 ξυνοικοῦν·
1721 1673 1758 1708 ἐκ
1777 1672 1814 1708 δὲ
1831 1671 1971 1719 χλωρὸν
1988 1666 2069 1715 αἷμά
2085 1683 2152 1715 μου

1379 1727 1534 1764 πέπωκεν
1551 1728 1626 1773 ἤδη,
1647 1727 1701 1762 καὶ
1720 1724 1927 1773 διέφθαρμαι
1945 1723 2047 1769 δέμας

1380 1783 1419 1816 τὸ
1437 1783 1516 1822 πᾶν,
1537 1781 1708 1828 ἇφράστῳ
1727 1779 1807 1824 τῇδε
1823 1777 2001 1826 χειρωθεὶς
2017 1776 2117 1821 πέδῃ.

1381 1834 1441 1869 κού
1459 1836 1565 1869 ταῦτα
1582 1835 1696 1880 λόγχη
1714 1832 1845 1872 πεδιὰς,
1866 1830 1937 1866 οὔθ’
1957 1833 1976 1866 ὁ
1994 1829 2139 1878 γηγενὴς

1380 1889 1528 1934 στρατὸς
1546 1888 1728 1935 Γιγάντων,
1749 1887 1828 1921 οὔτε
1847 1883 1979 1932 θήρειος
1996 1884 2070 1926 βία,

1379 1940 1450 1976 οὔθθ
1469 1940 1610 1982 Ἑλλὰς,
1630 1938 1701 1975 οὔτ’
1719 1939 1921 1986 ἄγλωσσος,
1942 1936 2013 1972 οὔθ’
2033 1935 2120 1980 ὅσην
2138 1935 2205 1984 ε’γὼ

1376 1996 1477 2040 γαῖαν
1496 1994 1664 2040 καθαίρων
1683 1994 1812 2038 ἱκόμην,
1833 1991 1959 2038 ἕδρασέ
1975 1998 2041 2026 πω·

1379 2046 1462 2095 γυνὴ
1482 2046 1531 2086 δὲ,
1552 2046 1658 2091 θῆλυς
1676 2044 1766 2080 οὖσα
1784 2045 1865 2079 κούκ
1883 2044 2004 2091 ἀνδρὸς
2021 2041 2144 2090 φύσιν,

1379 2101 1464 2145 μόνη
1483 2114 1525 2145 με
1544 2099 1583 2144 δὴ
1603 2098 1739 2133 καθεῖλε
1757 2098 1941 2145 φασγάνου
1959 2096 2053 2143 δίχα.

1381 2152 1407 2187 ὦ
1425 2154 1498 2193 παῖ,
1517 2154 1618 2200 γενοῦ
1635 2165 1694 2197 μοι
1712 2153 1791 2187 παῖς
1810 2148 1974 2195 ἐτήτυμος
1990 2150 2112 2197 γεγὼς,

1381 2207 1435 2241 καὶ
1451 2205 1497 2251 μὴ
1516 2206 1555 2240 τὸ
1572 2206 1699 2252 μητρὸς
1717 2204 1823 2249 ὄνομα
1840 2201 2064 2250 πρεσβεύσῃς
2080 2201 2202 2239 πλέον.

1380 2259 1438 2296 δός
1455 2273 1513 2304 μοι
1530 2259 1648 2305 χεροῖν
1668 2258 1747 2292 σαῖν
1765 2257 1866 2292 αὐτὸς
1884 2256 1922 2300 ἐξ
1941 2253 2035 2290 οἴκου
2051 2255 2173 2299 λαβὼν

1380 2311 1415 2348 ἐς
1435 2313 1535 2357 χεῖρα
1563 2311 1624 2356 τὴν
1641 2312 1820 2350 τεκοῦσαν,
1842 2310 1887 2346 ὣς
1904 2308 1982 2344 εἶδῶ
2002 2309 2103 2355 σάφα

1382 2365 1412 2400 εἶ
1430 2365 1556 2410 τούμὸν
1574 2364 1692 2410 ἀλγεῖς
1710 2364 1847 2409 μᾶλλον
1864 2361 1884 2408 ἢ
1904 2361 2013 2406 κείνης
2031 2363 2120 2410 ὁρῶν

1379 2418 1538 2462 λωβητὸν
1557 2414 1646 2453 εἶδος
1665 2417 1700 2452 ἐν
1719 2416 1793 2461 δίκῃ
1813 2414 2030 2460 κακούμενον.

1380 2469 1439 2511 ἴθ’,
1461 2470 1486 2505 ὦ
1505 2470 1632 2511 τέκνον,
1652 2471 1841 2516 τόλμησον·
1872 2466 2038 2516 οἵκτειρόν
2053 2467 2094 2503 τέ
2107 2482 2152 2514 με

1381 2526 1568 2561 πολλοῖσιν
1586 2523 1732 2571 οἰκτρὸν,
1753 2522 1851 2558 ὅστις
1871 2522 1962 2556 ὥστε
1979 2521 2147 2569 παρθένος

1381 2578 1542 2623 βέβρυχα
1560 2577 1697 2616 κλαίων,
1718 2576 1772 2611 καὶ
1790 2575 1860 2610 τόδ’
1881 2574 1951 2610 οὐδ’
1971 2574 2013 2610 ἂν
2030 2571 2078 2611 εἷς
2094 2588 2180 2610 ποτε

1381 2630 1469 2665 τόνδ’
1489 2630 1594 2677 ἄνδρα
1612 2629 1698 2676 φαίη
1717 2626 1843 2676 πρόσθ’
1864 2628 1946 2664 ἰδεῖν
1965 2628 2162 2675 δεδρακότα,

1381 2683 1460 2719 ἀλλ’
1481 2683 1687 2719 ἀστένακτος
1705 2682 1777 2717 αἶὲν
1795 2683 1949 2726 ἑσπόμην
1967 2682 2092 2717 κακοῖς.

1383 2739 1441 2772 νῦν
1460 2736 1488 2772 δ’
1509 2737 1546 2771 ἐκ
1564 2734 1720 2771 τοιούτου
1741 2735 1846 2780 θῆλυς
1862 2734 2004 2782 ηὕρημαι
2022 2735 2141 2769 τάλας.

1382 2791 1435 2825 καὶ
1454 2792 1511 2825 νῦν
1529 2789 1738 2836 προσελθὼν
1757 2787 1859 2833 στῆθι
1876 2787 2028 2832 πλησίον
2043 2786 2184 2834 πατρὸς,

1384 2843 1515 2890 σκέψαι
1534 2842 1562 2878 δ’
1584 2842 1703 2878 ὁποίας
1721 2844 1827 2877 ταῦτα
1846 2841 2030 2887 συμφορᾶς
2047 2838 2114 2875 ὕπο

1381 2896 1546 2932 πέπονθα.
1577 2896 1677 2940 δείξω
1695 2896 1762 2942 γὰρ
1780 2894 1850 2930 τάδ’
1871 2894 1908 2928 ἐκ
1926 2894 2161 2939 καλυμμάτων.

1383 2949 1468 2990 ἰδοὺ,
1489 2949 1617 2984 θεᾶσθε
1635 2950 1758 2984 πάντες
1776 2947 1897 2982 ἄθλιον
1914 2946 2027 2992 δέμας,

1383 3004 1484 3050 ὁρᾶτε
1501 3004 1561 3037 τὸν
1579 3000 1758 3046 δύστηνον,
1780 3001 1824 3038 ὣς
1843 2999 1984 3048 οἰκτρῶς
2001 3000 2083 3047 ἔχω.

1383 3055 1464 3096 αἰαῖ,
1486 3054 1512 3091 ὦ
1530 3056 1649 3095 τάλας,

1385 3107 1402 3144 ἐ
1420 3107 1448 3150 ἒ,

1384 3161 1539 3209 ἕθαλψεν
1557 3161 1638 3206 ἅτης
1657 3161 1820 3206 σπασμὸς
1837 3158 1971 3207 ἀρτίως,
1989 3161 2008 3195 ὁ
2027 3159 2055 3195 δ’
2074 3158 2116 3194 αὖ

1384 3215 1478 3260 διῇξε
1495 3216 1665 3261 πλευρῶν,
1697 3213 1767 3249 οὐδ’
1787 3211 2004 3261 ἀγύμναστόν
2020 3209 2054 3258 μ’
2073 3211 2132 3247 ἐᾶν

1384 3269 1492 3303 ἔοικεν
1509 3266 1528 3312 ἡ
1548 3269 1691 3302 τάλαινα
1709 3267 1871 3314 διάβορος
1889 3266 2003 3302 νόσος.

1385 3320 1474 3364 ὦναξ
1490 3316 1600 3365 Ἀΐδη,
1621 3319 1716 3364 δέξαι
1733 3319 1783 3365 μ’,

1385 3373 1412 3410 ὧ
1430 3374 1511 3410 Διὸς
1529 3373 1634 3413 ἀκτὶς,
1654 3375 1794 3409 παῖσον.

1386 3427 1558 3466 ἔνσεισον,
1579 3425 1681 3470 ὦναξ,
1702 3423 1969 3472 ἐγκατάσκηψον
1985 3422 2108 3466 βέλος,

1384 3480 1504 3526 πάτερ,
1525 3481 1700 3526 κεραυνοῦ.
1731 3478 1882 3514 δαίνυται
1898 3477 1966 3524 γὰρ
1984 3474 2026 3510 αὖ
2043 3476 2160 3516 πάλιν,

1387 3531 1538 3578 ἤνθηκεν,
1559 3531 1763 3578 ἐξώρμηκεν.
1793 3530 1820 3565 ὣ
1840 3529 1940 3577 χέρες
1956 3529 2069 3575 χέρες,

1387 3585 1414 3620 ὦ
1432 3588 1520 3620 νῶτα
1538 3584 1593 3619 καὶ
1613 3583 1739 3631 στέρν’,
1759 3582 1786 3618 ὦ
1804 3583 1906 3630 φίλοι
1922 3581 2118 3628 βραχίονες,

1387 3637 1480 3681 ὑμεῖς
1499 3637 1617 3672 ἐκεῖνοι
1636 3636 1676 3680 δὴ
1697 3634 1895 3677 καθέσταθ’,
1915 3632 1950 3670 οἵ
1964 3648 2049 3670 ποτε

2253 1149 2330 1182 104⁵

2252 1416 2334 1449 ¹⁶50

2254 1682 2331 1715 105⁵

2253 1938 2334 1972 1060

2253 2203 2332 2245 1065

2252 2476 2333 2512 1070

2254 2742 2332 2778 1075

2255 3001 2334 3034 1080

2255 3319 2333 3360 ¹085
