2488 3860
205 254 285 297 1:³4

201 1742 272 1773 xc»

201 1847 258 1879 01.

1083 256 1485 301 ΣΟΦΟΚΛΕΟΥΣ

304 358 400 396 ἕκτος
418 359 454 395 δὲ
473 358 727 406 Παρθενοπαῖος
744 357 867 406 Ἀρκὰς
884 357 1031 406 ὄρνυται,

306 413 479 458 ἐπώνυμος
497 413 557 457 τῆς
574 411 726 460 πρόσθεν
743 411 891 458 ἀδμήτης
907 413 1021 460 χρόνῳ

303 467 429 512 μητρὸς
445 464 636 511 λοχευθεὶς,
655 467 780 502 πιστὸς
797 462 1002 510 Ἀταλάντης
1019 466 1130 513 γόνος·

304 519 370 565 ἐγὼ
390 519 426 554 δὲ
446 520 520 559 σὸς,
541 518 591 553 κεῖ
608 518 653 564 μὴ
673 519 747 560 σὸς,
768 518 861 554 ἀλλὰ
878 521 938 554 τοῦ
957 521 1059 554 κακοῦ

305 573 438 617 πότμου
456 570 647 618 φυτευθεὶς,
669 572 732 608 σός
747 571 793 620 γέ
806 586 858 607 τοι
877 570 1094 617 καλούμενος,

306 624 378 671 ἄγω
396 626 455 660 τὸν
465 622 617 671 Ἀργους
635 623 773 671 ἄφοβον
792 624 826 661 ἐς
845 623 962 669 Θήβας
981 625 1142 672 στρατόν.
1171 637 1225 669 132
1231 640 1246 671 5

307 676 341 713 οἵ
358 676 392 713 σ’
412 678 485 713 ἀντὶ
503 677 632 713 παίδων
650 679 755 712 τῶνδε
773 678 826 713 καὶ
845 679 976 724 ψυχῆς,
995 679 1115 725 πάτερ,

308 729 498 776 ἱκετεύομεν
516 728 705 775 ξύμπαντες
724 729 951 776 ἐξαιτούμενοι

306 785 402 830 μῆνιν
418 784 559 831 βαρεῖαν
578 782 721 818 εἰκαθεῖν
739 783 920 832 ὁρμωμένῳ

305 836 382 885 τῷδ’
403 836 499 883 ἀνδρὶ
518 836 644 881 τούμοῦ
661 837 746 883 πρὸς
765 836 970 883 κασιγνήτου
987 835 1090 876 τίσιν,

305 890 341 926 ὅς
359 889 392 935 μ’
413 889 539 934 ἐξέωσε
559 888 799 934 κάπεσύλησεν
816 890 957 936 πάτρας.

305 943 335 978 εἰ
352 944 419 990 γάρ
438 956 470 977 τι
488 945 614 978 πιστόν
632 943 727 978 ἐστιν
747 943 782 977 ἐκ
800 942 1029 989 χρηστηρίων,

306 993 356 1032 οἷς
375 996 415 1030 ἂν
435 995 479 1030 σὺ
497 995 646 1040 προσθῇ,
667 993 777 1030 τοῖσδ’
796 994 919 1041 ἔφασκ’
940 992 1023 1030 εἶναι
1041 995 1174 1041 κράτος.

304 1047 390 1091 πρός
409 1044 467 1081 νύν
485 1061 528 1082 σε
547 1049 675 1094 κρηνῶν
693 1047 748 1082 καὶ
771 1046 857 1082 θεῶν
875 1048 1052 1091 ὁμογνίων,

304 1099 386 1135 αἰτῶ
404 1098 566 1135 πιθέσθαι
585 1100 638 1134 καὶ
656 1099 880 1146 παρεικαθεῖν,
901 1099 973 1135 ἐπεὶ

303 1153 436 1198 πτωχοὶ
453 1152 515 1198 μὲν
533 1151 626 1197 ἡμεῖς
645 1153 698 1187 καὶ
717 1152 819 1196 ξένοι,
841 1152 936 1196 ξένος
955 1153 992 1188 δὲ
1011 1151 1069 1188 σύ·

304 1205 434 1242 ἄλλους
452 1205 488 1240 δὲ
508 1203 715 1241 θωπεύοντες
734 1205 888 1250 οἰκοῦμεν
907 1204 953 1240 σύ
971 1219 1008 1240 τε

306 1258 409 1305 κάγὼ,
429 1258 489 1293 τὸν
506 1257 608 1293 αὐτὸν
626 1257 754 1303 δαίμον’
775 1258 1003 1304 ἐξειληχότες.

304 1314 324 1347 ὁ
342 1311 371 1347 δ’
392 1311 427 1346 ἐν
445 1311 560 1356 δόμοις
578 1309 748 1358 τύραννος,
770 1311 796 1346 ὦ
814 1312 920 1347 τάλας
939 1311 1016 1358 ἐγὼ,

304 1367 397 1410 κοινῇ
415 1363 491 1399 καθ’
510 1363 602 1409 ἡμῶν
621 1364 772 1411 ἐγγελῶν
790 1362 982 1411 ἁβρύνεται·

304 1417 355 1458 ὃν,
376 1417 405 1452 εἶ
426 1417 471 1452 σὺ
488 1415 574 1462 τήμῇ
591 1415 875 1464 ξυμπαραστήσει
894 1417 1007 1464 φρενὶ,

303 1470 431 1518 βραχεῖ
444 1469 508 1506 σὺν
526 1469 615 1518 ὄγκῳ
634 1470 688 1505 καὶ
705 1472 818 1519 χρόνῳ
837 1470 1015 1505 διασκεδῶ.

304 1523 386 1559 ὥστ’
407 1524 442 1559 ἐν
460 1524 598 1569 δόμοισι
616 1524 709 1558 τοῖσι
729 1524 805 1559 σοῖς
824 1521 945 1568 στήσω
965 1521 999 1558 σ’
1018 1522 1120 1570 ἄγων,

301 1575 425 1622 ’στήσω
445 1576 473 1612 δ’
494 1576 647 1622 ἐμαυτὸν,
668 1578 776 1611 κεῖνον
794 1576 950 1619 ἐκβαλὼν
966 1576 1040 1622 βίᾳ.

305 1631 359 1665 καὶ
376 1631 481 1664 ταῦτα
500 1631 565 1664 σοῦ
583 1629 644 1675 μὲν
663 1629 886 1673 ξυνθέλοντος
904 1629 980 1664 ἔστι
997 1643 1055 1675 μοι

304 1684 454 1728 κομπεῖν,
474 1681 552 1717 ἄνευ
572 1684 638 1717 σοῦ
657 1679 687 1717 δ’
705 1682 783 1717 οὐδὲ
803 1682 954 1728 σωθῆναι
973 1681 1097 1717 σθένω.

301 1737 360 1771 τὸν
378 1735 494 1782 ἄνδρα,
514 1737 575 1770 τοῦ
592 1734 794 1782 πέμψαντος
812 1733 931 1777 οὕνεκ’,
953 1735 1125 1778 Οἰδίπους,

304 1789 406 1824 εἰπὼν
424 1789 523 1824 ὁποῖα
542 1786 690 1835 ξύμφορ’
710 1788 882 1835 ἔκπεμψαι
899 1790 1014 1824 πάλιν.

305 1841 383 1877 ἀλλ’
404 1841 434 1876 εἶ
451 1842 523 1887 μὲν,
543 1841 672 1888 ἄνδρες,
691 1842 798 1886 τῆσδε
817 1842 987 1887 δημοῦχος
1003 1841 1128 1888 χθονὸς

302 1895 347 1941 μὴ
365 1893 514 1942 ’τύγχαν’
529 1895 630 1929 αὐτὸν
648 1895 747 1941 δεῦρο
765 1894 1000 1941 προσπέμψας
1019 1894 1094 1940 ε’μοὶ

305 1948 449 1988 Θησεὺς,
471 1949 606 1982 δικαιῶν
625 1947 706 1982 ὥστ’
727 1947 809 1991 ἐμοῦ
827 1946 941 1982 κλύειν
958 1948 1097 1993 λόγους,

299 1999 368 2034 οὔτ’
382 1999 423 2035 ἅν
433 1998 508 2035 ποτ’
523 1999 637 2044 ὀμφῆς
655 1998 714 2042 τῆς
734 1997 814 2041 ἐμῆς
833 1995 1014 2041 ἐπῄσθετο*

306 2053 365 2087 νῦν
383 2048 413 2085 δ’
431 2049 588 2094 ἀξιωθεὶς
607 2047 676 2085 εἶσι
695 2048 865 2085 κάκούσας
882 2049 914 2096 γ’
936 2051 1018 2095 ἐμοῦ

306 2102 437 2138 τοιαῦθ’
458 2103 480 2138 ἃ
497 2104 557 2139 τὸν
574 2102 665 2138 τοῦδ’
686 2104 726 2137 οὔ
743 2101 819 2138 ποτ’
840 2102 1003 2150 εὐφρανεῖ
1017 2101 1110 2145 βίον.

305 2156 342 2192 ὅς
359 2155 404 2203 γ’,
426 2156 452 2191 ὦ
471 2157 622 2197 κάκιστε,
644 2157 801 2203 σκῆπτρα
819 2156 873 2190 καὶ
892 2155 1033 2203 θρόνους
1050 2155 1150 2200 ἔχων,

306 2208 329 2243 ἃ
346 2212 404 2244 νῦν
423 2212 441 2244 ὁ
461 2210 524 2246 σὸς
542 2208 702 2254 ξύναιμος
721 2209 756 2244 ἐν
774 2207 905 2253 Θήβαις
923 2209 1006 2255 ἔχει,

306 2263 366 2297 τὸν
384 2262 484 2298 αὐτὸς
502 2262 605 2297 αὑτοῦ
623 2261 752 2308 πατέρα
769 2261 858 2296 τόνδ’
872 2260 1053 2306 ἀπήλασας

307 2314 453 2358 κᾶθηκας
470 2314 595 2350 ἄπολιν
614 2315 668 2350 καὶ
687 2315 817 2350 στολὰς
835 2314 958 2351 ταύτας
976 2315 1110 2362 φορεῖν,

304 2367 344 2403 ἃς
363 2370 421 2403 νῦν
439 2366 592 2415 δακρύεις
610 2368 767 2415 εἰσορῶν,
789 2367 837 2403 ὅτ’
858 2368 894 2403 ἐν
911 2369 1004 2415 πόνῳ

1170 372 1251 403 1320

1174 903 1253 933 1330

1174 1167 1251 1198 1335

1171 1431 1253 1462 1340

1171 1694 1249 1728 1345

1170 1959 1250 1992 1350

1177 2219 1254 2251 ¹355

304 2420 415 2469 ταύτῷ
433 2421 590 2465 βεβηκὼς
608 2422 786 2467 τυγχάνεις
804 2424 912 2456 κακῶν
931 2420 1018 2466 ἐμοί.
1274 2426 1277 2456 ἱ

304 2474 345 2509 οὐ
363 2474 519 2508 κλαυστὰ
538 2473 566 2508 δ’
588 2474 695 2514 ἐστὶν,
715 2474 794 2509 ἀλλ’
815 2474 890 2519 ἐμοὶ
906 2474 969 2519 μὲν
987 2472 1106 2508 οἶστέα
1176 2475 1258 2516 1360

304 2525 390 2567 τάδ’,
411 2526 528 2573 ὥσπερ
547 2527 588 2561 ἂν
604 2529 660 2571 ζῶ,
675 2529 741 2562 σοῦ
754 2527 887 2573 φονέως
904 2525 1120 2572 μεμνημένος.

305 2578 351 2642 σιξ
368 2579 434 2641 γάρ
453 2593 495 2624 με
512 2579 632 2628 μόχθῳ
650 2579 728 2628 τῷδ’
748 2579 868 2624 ἔθηκας
886 2580 1065 2626 ἔντροφον,

305 2647 350 2667 συ
369 2647 394 2677 μ
423 2631 585 2675 ἐξέωσας·
616 2633 652 2667 ἐκ
671 2632 772 2668 σέθεν
791 2632 820 2668 δ’
840 2633 1014 2678 ἀλώμενος

304 2684 435 2721 ἄλλους
454 2685 579 2720 ἐπαιτῶ
597 2686 657 2720 τὸν
675 2685 751 2720 καθ’
771 2685 897 2732 ἡμέραν
914 2686 1006 2729 βίον.

303 2737 332 2772 εἷ
351 2737 379 2772 δ’
401 2737 557 2784 ἐξέφυσα
575 2739 682 2773 τάσδε
699 2739 745 2784 μὴ
766 2738 894 2787 ’μαυτῷ
913 2737 1068 2785 τροφοὺς

304 2791 365 2827 τὰς
381 2791 514 2831 παῖδας,
534 2789 554 2835 ἦ
573 2791 634 2826 τᾶν
652 2791 712 2825 οὐκ
731 2792 771 2826 ἂν
787 2790 821 2836 ἦ,
841 2793 880 2826 τὸ
900 2793 964 2826 σὸν
981 2791 1094 2838 μέρος·

304 2845 363 2879 νῦν
381 2842 410 2878 δ’
430 2841 502 2878 αἵδε
519 2843 553 2889 μ’
574 2844 796 2887 ἐκσώζουσιν,
816 2842 880 2879 αἵδ’
900 2844 976 2890 ε’μαὶ
994 2844 1132 2891 τροφοὶ,

303 2894 366 2931 αἵδ’
386 2896 516 2942 ἅνδρες,
536 2897 576 2931 οὗ
594 2899 758 2943 γυναῖκες,
781 2897 815 2934 ἐς
838 2898 877 2932 τὸ
904 2898 1102 2942 συμπονεῖν·

303 2949 397 2994 ὑμεῖς
416 2948 443 2984 δ’
464 2949 520 2984 ἀπ’
540 2949 652 2984 ἅλλου
670 2950 750 2984 κούκ
769 2950 851 2995 ἐμοῦ
869 2948 1079 2995 πεφύκατον.

301 3003 421 3049 τοιγάρ
441 3001 474 3037 σ’
494 3004 513 3037 ὁ
533 3003 659 3047 δαίμων
676 3002 795 3049 εἰσορᾷ
811 3003 872 3047 μὲν
890 3004 931 3037 οὔ
947 3002 982 3037 τί
997 3016 1051 3038 πω

302 3055 348 3091 ὡς
365 3054 483 3095 αὐτίκ’,
504 3053 598 3101 εἴπερ
616 3053 687 3090 οἵδε
705 3058 870 3090 κινοῦνται
887 3056 990 3100 λόχοι

301 3108 389 3154 πρὸς
405 3107 494 3143 ἄστυ
512 3107 641 3153 Θήβης.
671 3107 711 3142 οὔ
728 3108 794 3155 γὰρ
813 3107 891 3142 ἔσθ’
910 3107 1002 3144 ὅπως
1018 3109 1121 3143 πόλιν

302 3160 412 3205 κείνην
425 3161 586 3209 ἐρείψεις,
600 3162 691 3196 ἀλλὰ
706 3160 859 3207 πρόσθεν
877 3159 990 3205 αἵματι

301 3215 404 3248 πεσεῖ
419 3213 568 3258 μιανθεὶς
584 3213 637 3259 χῶ
655 3212 814 3259 ξύναιμος
832 3213 871 3257 ἐξ
887 3211 981 3248 'lo-ov.

303 3265 434 3301 τοιάσδ’
454 3266 536 3312 ἀρὰς
554 3267 658 3315 σφῷν
674 3266 807 3313 πρόσθε
825 3265 853 3300 τ’
874 3264 1003 3311 ἐξανῆκ’
1023 3266 1089 3313 ἐγὼ

301 3321 361 3354 νῦν
378 3317 407 3353 τ’
437 3318 647 3366 ἀγκαλοῦμαι
675 3319 872 3365 ξυμμάχους
890 3319 1004 3354 ἐλθεῖν
1022 3319 1108 3364 ἐμοὶ,

301 3369 342 3406 ἵν’
361 3371 506 3415 ἀξιῶτον
522 3371 601 3407 τοὺς
617 3369 854 3418 φυτεύσαντας
873 3373 1001 3417 σέβειν,

301 3424 355 3459 καὶ
372 3423 418 3469 μὴ
435 3423 681 3470 ’ξατιμάζητον,
702 3423 731 3459 εἰ
749 3426 886 3471 τυφλοῦ
903 3426 1030 3471 πατρὸς

300 3476 411 3512 τοιώδ’
432 3475 571 3523 ε’φύτην.
601 3475 673 3512 αἵδε
689 3478 756 3525 γὰρ
774 3476 845 3513 τάδ’
865 3478 925 3512 οὐκ
942 3478 1060 3525 ἔδρων.

301 3530 421 3577 τοιγὰρ
438 3530 478 3565 τὸ
497 3531 561 3565 σὸν
579 3529 709 3576 θάκημα
727 3531 781 3565 καὶ
799 3529 877 3566 τοὺς
895 3530 978 3567 σοὺς
996 3530 1136 3579 θρόνους
1165 3536 1246 3578 1380

302 3584 494 3633 κρατοῦσιν,
517 3581 609 3632 εἴπερ
629 3583 724 3620 ἐστὶν
742 3582 761 3629 ἡ
780 3583 998 3630 παλαίφατος

1174 2741 1250 2782 1365

1172 3014 1251 3047 1370

1169 3281 1245 3312 ¹375

1302 1157 1376 1187 xc»

1302 1264 1378 1294 110.

1300 2056 1374 2088 ΛΦΨ.

1300 2110 1377 2139 ΙῙΟ.

1300 2163 1374 2192 AJff.

1300 2269 1375 2298 110.

1301 2374 1375 2404 Ar«.

1300 2481 1375 2511 110.

1301 2587 1374 2617 Arff.

1301 2693 1374 2723 110.

1300 2746 1374 2776 Arc.

1276 2852 1376 2882 ‚110.

1299 2956 1374 2987 ΑΙΨ.

1299 3011 1375 3040 110.

1298 3379 1370 3409 lltz

1297 3433 1372 3463 Ami.

1298 3539 1376 3570 110.

1298 3591 1376 3624 110.

1407 357 1491 402 Δίκη
1510 355 1668 404 ξύνεδρος
1686 356 1790 401 Ζηνὸς
1807 354 1961 404 ἀρχαίοις
1979 354 2105 402 νόμοις.

1409 410 1455 447 σὺ
1473 409 1501 446 δ’
1521 408 1588 457 ἔρρ’
1605 409 1824 446 ἀπόπτυστός
1840 423 1878 444 τε
1897 409 2055 456 κᾶπάτωρ
2074 409 2169 454 ἐμοῦ,

1408 467 1516 499 κακῶν
1534 463 1683 503 κάκιστε,
1703 462 1811 498 τάσδε
1829 462 2018 506 συλλαβὼν
2034 461 2130 508 ἀρὰς,

1407 517 1447 553 ἃς
1466 530 1524 551 σοι
1542 516 1719 560 καλοῦμαι,
1739 513 1824 560 μήτε
1840 516 1903 562 γῆς
1921 514 2093 561 ἐμφυλίου

1407 570 1499 616 δόρει
1517 569 1683 615 κρατῆσαι
1700 566 1785 614 μήτε
1803 567 1971 613 νοστῆσαί
1987 581 2073 604 ποτε

1407 623 1445 657 τὸ
1465 623 1582 657 κοῖλον
1590 620 1732 668 Ἄργος,
1753 620 1846 656 ἀλλὰ
1865 622 2024 668 συγγενεῖ
2039 620 2116 667 χερὶ

1408 675 1518 710 θανεῖν
1537 675 1667 709 κτανεῖν
1684 673 1718 709 θ’
1738 672 1798 720 ὑφ’
1818 672 1923 721 οὗπερ
1941 672 2161 718 ἐξελήλασαι.

1407 726 1531 762 τοιαῦτ’
1552 727 1694 775 ἀρῶμαι,
1714 727 1768 762 καὶ
1787 726 1879 762 καλῶ
1897 727 1937 761 τὸ
1955 726 2130 773 Ταρτάρου

1409 781 1556 827 στυγνὸν
1573 782 1731 828 πατρῷον
1748 780 1880 827 ἔρεβος,
1901 779 1946 816 ὥς
1965 777 1998 814 σ’
2018 778 2193 824 ἀποικίσῃ,

1408 835 1499 868 καλῶ
1519 833 1556 869 δέ
1574 834 1681 868 τάσδε
1700 832 1869 877 δαίμονας,
1890 833 1982 868 καλῶ
2001 831 2030 867 δ’
2042 830 2131 878 *Αρη

1406 887 1465 922 τὸν
1484 887 1587 934 σφῷν
1605 887 1643 921 τὸ
1663 886 1772 921 δεινὸν
1788 887 1891 931 μῖσος
1909 885 2158 930 ἐμβεβληκότα.

1407 940 1460 974 καὶ
1474 939 1564 974 ταῦτ’
1585 937 1734 975 ἀκούσας
1753 939 1884 984 στεῖχε,
1904 936 2110 985 κάξάγγελλ’
2130 936 2190 973 ἰὼν

1408 993 1461 1028 καὶ
1478 994 1566 1028 πᾶσι
1585 991 1787 1038 Καδμείοισι
1805 993 1876 1028 τοῖς
1894 993 2023 1027 σαυτοῦ
2043 989 2079 1025 θ’
2100 991 2168 1036 ἅμα

1406 1047 1565 1081 πιστοῖσι
1584 1045 1831 1091 συμμάχοισιν,
1851 1042 1957 1080 οὕνεκ’
1978 1043 2140 1080 Οἰδίπους

1406 1098 1531 1134 τοιαῦτ’
1551 1099 1659 1144 ἔνειμε
1675 1099 1777 1134 παισὶ
1795 1100 1866 1134 τοῖς
1883 1097 1986 1133 αὑτοῦ
2002 1098 2099 1144 γέρα.

1405 1150 1622 1193 Πολύνεικες,
1642 1153 1721 1187 οὔτε
1738 1153 1811 1188 ταῖς
1827 1148 2083 1198 παρελθούσαις
2101 1149 2193 1187 ὁδοῖς

1406 1203 1592 1251 ξυνήδομαί
1610 1219 1680 1245 σοι,
1700 1207 1759 1240 νῦν
1776 1202 1806 1239 τ’
1823 1202 1872 1239 ἴθ’
1893 1204 1938 1240 ὡς
1954 1204 2060 1249 τάχος
2077 1203 2196 1240 πάλιν.

1408 1256 1498 1304 οἴμοι
1517 1257 1679 1293 κελεύθου
1697 1259 1757 1303 τῆς
1774 1256 1803 1292 τ’
1823 1257 1903 1303 ἐμῆς
1921 1256 2144 1304 δυσπραξίας,

1406 1309 1496 1357 οἴμοι
1515 1312 1543 1346 δ’
1564 1311 1714 1358 ἑταίρων·
1744 1307 1816 1346 οἷον
1833 1309 1885 1357 ἆρ’
1905 1311 1986 1346 ὀδοῦ
2004 1309 2105 1346 τέλος

1398 1364 1550 1412 ’Ἄργους
1567 1362 1831 1411 ἀφωρμήθημεν,
1852 1362 1879 1398 ὦ
1896 1364 2002 1399 τάλας
2019 1361 2099 1409 ἐγὼ,

1405 1420 1560 1454 τοιοῦτον
1578 1415 1650 1452 οἷον
1668 1417 1746 1452 οὐδὲ
1764 1415 1927 1463 φωνῆσαί
1943 1430 2009 1451 τινι

1406 1471 1518 1515 ἔξεσθ’
1539 1471 1691 1518 ἑταίρων,
1712 1469 1784 1506 οὐδ’
1803 1468 2027 1516 ἀποστρέψαι
2044 1469 2161 1509 πάλιν,

1405 1524 1484 1559 ἀλλ’
1505 1524 1572 1560 ὅντ’
1592 1523 1736 1559 ἄναυδον
1753 1524 1834 1568 τῇδε
1852 1524 2045 1570 συγκῦρσαι
2062 1520 2163 1568 τύχῃ.

1406 1577 1432 1611 ὦ
1451 1577 1542 1613 τοῦδ’
1561 1577 1698 1623 ὅμαιμοι
1715 1577 1844 1616 παῖδες,
1865 1575 1944 1611 ἀλλ’
1963 1575 2069 1621 ὑμεῖς,
2090 1574 2163 1610 ἐπεὶ

1404 1631 1447 1665 τὰ
1466 1631 1599 1678 σκληρὰ
1616 1631 1745 1678 πατρὸς
1763 1628 1882 1664 κλύετε
1899 1627 1991 1664 τοῦδ’
2010 1627 2195 1676 ἀρωμένου,

1403 1682 1448 1728 μή
1467 1684 1522 1719 τοί
1539 1699 1582 1730 με
1598 1684 1685 1730 πρὸς
1703 1683 1788 1718 θεῶν
1807 1683 1890 1729 σφώ
1908 1681 1954 1730 γ’,
1974 1682 2033 1717 ἐὰν
2049 1681 2084 1717 αἱ
2101 1679 2193 1716 τοῦδ’
2211 1678 2289 1729 ἀραὶ

1403 1738 1532 1784 πατρὸς
1549 1738 1723 1777 τελῶνται,
1745 1736 1800 1772 καί
1816 1750 1867 1772 τις
1885 1735 1965 1781 ὑμῖν
1983 1735 2017 1771 ἐς
2035 1735 2160 1780 δόμους

1404 1791 1528 1826 νόστος
1544 1790 1691 1837 γένηται,
1710 1788 1756 1835 μή
1774 1788 1808 1834 μ’
1828 1787 2017 1834 ἀτιμάσητέ
2031 1800 2085 1835 γε,

1403 1842 1482 1877 ἀλλ’
1503 1843 1539 1878 ἐν
1555 1843 1701 1889 τάφοισι
1720 1842 1824 1877 θέσθε
1842 1842 1896 1876 καὶ
1914 1841 2152 1888 κτερίσμασιν.

1404 1896 1458 1930 καὶ
1477 1896 1580 1944 σφῷν
1598 1898 1616 1931 ὁ
1635 1898 1693 1931 νῦν
1711 1896 1856 1936 ἔπαινος,
1877 1893 1915 1930 ὃν
1933 1894 2108 1939 κομίζετον

1403 1947 1495 1983 τοῦδ’
1513 1948 1633 1992 ἀνδρὸς
1651 1945 1702 1984 οἷς
1719 1950 1884 1987 πονεῖτον,
1900 1947 1961 1982 οὔκ
1980 1947 2159 1982 ἐλάσσονα

1404 1996 1450 2033 ἔτ’
1469 1998 1580 2033 ἄλλον
1597 1996 1686 2033 οἴσει
1704 2000 1764 2043 τῆς
1781 1999 1862 2045 ἐμῆς
1879 1998 2078 2045 ὑπουργίας.

1404 2049 1621 2092 Πολύνεικες,
1643 2050 1777 2086 ἱκετεύω
1797 2066 1840 2087 σε
1857 2050 2039 2096 πεισθῆναί
2055 2050 2091 2085 τί
2105 2063 2177 2096 μοι.

1408 2103 1434 2138 ὦ
1453 2105 1603 2150 φιλτάτη
1622 2106 1661 2139 τὸ
1679 2106 1779 2147 ποῖον
1796 2104 1994 2152 Ἀντιγόνη;
2022 2103 2119 2151 λέγε.

1406 2157 1559 2204 στρέψαι
1579 2157 1759 2203 στράτευμ’
1780 2157 1815 2194 ἐς
1823 2156 1955 2205 Ἀργος
1973 2157 2018 2193 ὡς
2035 2155 2185 2203 τάχιστά
2201 2169 2254 2203 γε,

1403 2210 1458 2245 καὶ
1474 2210 1519 2255 μὴ
1539 2209 1584 2245 σέ
1599 2210 1627 2245 τ’
1647 2210 1749 2246 αὐτὸν
1766 2211 1820 2245 καὶ
1838 2212 1940 2246 πόλιν
1958 2210 2137 2257 διεργάσῃ.

1406 2263 1485 2298 ἀλλ’
1505 2263 1571 2309 οὐχ
1589 2260 1660 2299 οἷόν
1677 2278 1727 2299 τε.
1756 2267 1829 2300 πῶς
1840 2263 1907 2311 γὰρ
1926 2261 2020 2299 αὖθις
2038 2264 2079 2299 ἅν
2099 2262 2204 2298 πάλιν

1405 2316 1584 2363 στράτευμ’
1604 2316 1720 2363 ἄγοιμι
1737 2317 1860 2352 ταυτὸν
1878 2315 2027 2360 εἰσάπαξ
2044 2314 2191 2363 τρέσαςὶ

1403 2369 1437 2404 τί
1455 2369 1483 2404 δ’
1503 2368 1610 2410 αὖθις,
1626 2369 1652 2404 ὦ
1670 2371 1743 2411 παῖ,
1759 2370 1812 2405 δεῖ
1824 2384 1866 2405 σε
1881 2368 2095 2415 θυμοῦσθαι,
2123 2367 2159 2404 τί
2171 2381 2230 2403 σοι
2273 2380 2354 2412 ¹4²0

1402 2423 1534 2469 πάτραν
1552 2423 1812 2470 κατασκάψαντι
1830 2422 1948 2469 κέρδος
1965 2423 2122 2470 ἕρχεται;

1405 2475 1552 2523 αἰσχρὸν
1569 2477 1608 2510 τὸ
1627 2474 1769 2524 φεύγειν
1787 2476 1841 2511 καὶ
1858 2477 1898 2511 τὸ
1915 2473 2140 2523 πρεσβεύοντ’
2159 2473 2219 2520 ἐμὲ

1403 2527 1491 2564 οὕτω
1509 2528 1680 2575 γελᾶσθαι
1698 2531 1759 2564 τοῦ
1778 2527 1984 2576 κασιγνήτου
2001 2529 2105 2576 πάρα.

1405 2584 1484 2629 ὁρᾷς
1501 2582 1544 2616 τὰ
1561 2581 1652 2617 τοῦδ’
1673 2580 1732 2617 οὖν
1750 2583 1795 2618 ὣς
1814 2582 1848 2618 ἐς
1866 2581 1969 2629 ὀρθὸν
1987 2581 2124 2629 ἐκφέρει

1402 2633 1616 2680 μαντεύμαθ’,
1638 2633 1676 2671 ὃς
1694 2635 1798 2684 σφῷν
1816 2634 1960 2670 θάνατον
1978 2635 2017 2680 ἐξ
2034 2635 2165 2681 ἀμφοῖν
2183 2632 2300 2681 θροεῖ;

1402 2687 1520 2734 χρῄζει
1537 2689 1616 2735 γάρ·
1646 2687 1724 2734 ἡμῖν
1742 2687 1771 2724 δ’
1791 2688 1870 2734 οῦχὶ
1889 2687 2125 2736 συγχωρητέα.
2273 2689 2354 2730 1426

1404 2739 1494 2786 οῖ’μοι
1512 2742 1666 2776 τάλαινα·
1696 2741 1749 2777 τίς
1766 2741 1803 2776 δὲ
1821 2740 1990 2787 τολμήσει
2008 2738 2121 2776 κλύων

1402 2794 1445 2828 τὰ
1463 2793 1554 2829 τοῦδ’
1574 2793 1718 2829 ἕπεσθαι
1735 2794 1888 2840 τάνδρὸς,
1909 2791 1958 2829 οἷ’
1978 2793 2184 2834 ε’θέσπισενς

1406 2846 1467 2881 οῦκ
1496 2846 1709 2894 ἀγγελοῦμεν
1726 2846 1870 2894 φλαῦρ’·
1901 2846 1974 2882 ἐπεὶ
1993 2846 2232 2894 στρατηλάτου

1402 2902 1559 2945 χρηστοῦ
1577 2900 1619 2935 τὰ
1638 2900 1791 2947 κρείσσω
1809 2900 1894 2946 μηδὲ
1911 2900 2033 2935 τάνδεᾶ
2050 2899 2177 2947 λέγειν.

1403 2950 1510 2989 οὕτως
1527 2951 1593 2999 ἄρ’,
1614 2953 1640 2988 ὦ
1658 2955 1730 2994 παῖ,
1750 2954 1856 2988 ταῦτά
1875 2967 1933 2988 σοι
1951 2951 2157 3000 δεδογμένα;

1406 3005 1459 3040 καὶ
1477 3003 1522 3050 μή
1540 3004 1574 3050 μ’
1595 3006 1743 3052 ἐπίσχῃς
1759 3003 1808 3054 γ’·
1837 3005 1918 3042 ἀλλ’
1938 3004 2012 3052 ἐμοὶ
2029 3005 2091 3051 μὲν
2108 3003 2160 3050 ἥδ’
2179 3004 2257 3040 ὁδὸς

1402 3058 1500 3094 ἔσται
1518 3058 1674 3103 μέλουσα
1692 3058 1890 3105 δύσποτμός
1907 3072 1945 3094 τε
1963 3058 2017 3094 καὶ
2035 3057 2116 3102 κακὴ
2223 3058 2227 3064 ”

1402 3112 1488 3158 πρὸς
1505 3112 1605 3146 τοῦδε
1622 3113 1750 3159 πατρὸς
1767 3116 1835 3147 τῶν
1851 3125 1890 3147 τε
1907 3110 1998 3147 τοῦδ’
2017 3107 2191 3158 Ἐρινύων.

1403 3164 1506 3212 σφῷν
1524 3163 1553 3199 δ’
1575 3163 1612 3200 εὖ
1631 3165 1738 3209 διδοίη
1758 3164 1851 3206 Ζεὺς,
1869 3162 1942 3200 τάδ’
1963 3162 1993 3198 εἶ
2011 3162 2142 3198 τελεῖτέ
2157 3178 2216 3210 μοι

1403 3215 1546 3257 θανόντ’,
1567 3216 1640 3252 ἐπεὶ
1658 3218 1699 3251 οὔ
1715 3231 1774 3262 μοι
1793 3215 1892 3260 ζῶντί
1906 3214 1940 3263 γ’
1959 3213 2054 3251 αὖθις
2072 3214 2200 3259 ἕξετον.

1401 3269 1549 3311 μέθεσθε
1567 3269 1596 3305 δ’
1615 3270 1691 3315 ἤδη,
1710 3269 1870 3317 χαίρετόν
1886 3269 1928 3304 τ’.
1957 3267 1998 3303 οῦ
2014 3267 2081 3315 γάρ
2098 3266 2132 3313 μ’
2151 3267 2203 3302 ἔτι

1397 3320 1561 3363 βλέποντ’
1581 3320 1764 3367 ἐσόψεσθ’
1781 3319 1888 3357 αὖθις.
1948 3325 2021 3355 ΑΝ.
2051 3317 2078 3355 ὦ
2096 3318 2225 3356 τάλαιν’
2243 3318 2325 3369 ἐγώ.

1401 3373 1446 3421 μή
1464 3374 1518 3410 τοί
1534 3373 1568 3421 μ’
1588 3373 1725 3422 ὄδύρου.

1742 3427 1796 3463 καὶ
1813 3426 1866 3464 τίς
1882 3425 1924 3462 ἄν
1941 3425 1976 3462 σ’
1996 3426 2190 3474 ὁρμώμενον

1403 3479 1437 3516 ἐς
1453 3477 1628 3527 προῦπτον
1639 3478 1759 3526 ’Ἃιδην
1775 3479 1817 3516 οὗ
1834 3478 2044 3520 καταστένοι,
2065 3480 2167 3520 κάσι;
2269 3485 2350 3524 1440

1405 3532 1435 3568 εἰ
1451 3531 1531 3580 χρὴ,
1552 3531 1727 3578 θανοῦμαι.
1761 3537 1837 3570 ΑΝ.
1857 3532 1902 3578 μὴ
1917 3530 1963 3570 σῦ
1979 3530 2026 3581 γ’.
2041 3528 2122 3569 ἀλλ’
2140 3531 2215 3575 ἐμοὶ
2231 3531 2346 3572 πιθοῦ.

1403 3585 1449 3634 μὴ
1467 3584 1555 3623 πεῖθ’
1574 3584 1596 3621 ἃ
1612 3585 1658 3632 μὴ
1677 3585 1740 3623 δεῖ.

2274 517 2352 559 ¹385

2273 792 2355 825 1390

2270 1057 2348 1091 ¹395

2273 1323 2354 1355 1400

2273 1587 2350 1621 ¹405

2271 1852 2352 1884 ¹4¹0

2271 2115 2351 2147 14¹5

2273 2911 2352 2943 1430

2270 3175 2350 3208 ¹4³5
