2488 3860
172 2440 238 2485 ¹5?-

167 2965 239 2997 XO.

167 3070 234 3101 KP.

167 3175 238 3204 XO.

167 3228 234 3259 KP.

167 3332 239 3363 XO.

169 3437 229 3467 01.

908 278 1203 318 ΟῙΔΙΠΟΤΣ
1240 283 1574 327 ΤΎῬΑΝΝΟΣ.

273 379 388 429 ἄρρητ’
406 378 560 427 ἀρρήτων
577 377 764 413 τελέσαντα
781 375 951 424 φοινίαισι
967 376 1114 424 χερσίν;
1151 381 1214 424 465

277 434 348 481 ὥρα
365 447 416 469 νιν
433 431 611 468 ἀελλάδων

274 484 386 523 ἵππων
404 485 656 532 σθεναρώτερον

274 538 371 585 φυγᾷ
387 538 476 574 πόδα
493 538 617 582 νωμᾶν.

273 592 417 628 ἔνοπλος
433 591 500 638 γὰρ
518 590 572 625 ἐπ’
589 589 691 624 αὐτὸν
709 587 935 635 ἐπενθρώσκει

273 645 355 691 πυρὶ
373 644 427 679 καὶ
445 644 627 690 στεροπαῖς
646 643 665 676 ὁ
684 642 764 677 Διὸς
780 641 929 689 γενέτας·

274 698 378 732 δειναὶ
395 696 424 732 δ’
443 694 497 741 ἅμ’
518 695 655 731 ἕπονται

275 751 382 796 Κῆρες
399 749 640 793 ἀναπλάκητοι.

270 803 412 849 ἔλαμψε
423 802 491 848 γὰρ
508 804 569 836 τοῦ
583 801 760 846 νιφόεντος
777 799 900 847 ἀρτίως
913 801 1062 846 φανεῖσα
1084 797 1157 834 ἇντ.
1171 798 1215 835 α’.

273 856 372 902 φάμα
384 856 570 902 Παρνασοῦ
587 854 647 888 τὸν
664 852 792 897 ἄδηλον
809 852 914 901 ἄνδρα
931 851 1026 889 πάντ’
1047 851 1202 896 ἰχνεύειν.

273 909 379 954 φοιτᾷ
394 908 461 955 γὰρ
479 905 534 942 ὑπ’
552 905 674 954 ἀγρίαν
1152 908 1216 950 476

271 959 359 996 ὕλαν
377 961 440 996 ἀνά
457 959 485 995 τ’
505 959 609 1006 ἅντρα
626 958 681 993 καὶ

274 1013 401 1060 πέτρας
418 1013 477 1048 ἅτε
494 1015 628 1059 ταῦρος,

272 1066 399 1112 μέλεος
415 1065 526 1114 μελέῳ
544 1065 624 1101 ποδὶ
641 1061 805 1110 χηρεύων,

272 1119 315 1154 τὰ
330 1119 543 1164 μεσόμφαλα
559 1119 623 1165 γᾶς
640 1115 885 1163 ἀπονοσφίζων
934 1161 941 1164 1

272 1173 422 1217 μαντεῖα·
452 1171 494 1206 τὰ
512 1167 541 1206 δ’
561 1171 613 1205 ἀεὶ

275 1226 382 1270 ζῶντα
397 1225 631 1271 περιποτᾶται.

273 1278 365 1313 δεινὰ
402 1277 464 1323 μὲν
503 1275 573 1318 οὖν,
611 1275 703 1312 δεινὰ
741 1274 909 1322 ταράσσει
946 1275 1060 1321 σοφὸς
1096 1274 1214 1309 οἰωνο-

1153 652 1217 686 470

1154 1120 1216 1160 480

327 1329 437 1370 θέτας,
963 1342 1042 1375 στρ.
1062 1326 1097 1370 β’
1103 1355 1111 1362 .
1153 1332 1215 1372 483

273 1384 351 1418 οὔτε
381 1382 532 1418 δοκοῦντ’
565 1381 634 1417 οὔτ’
664 1378 918 1427 ἀποφάσκονθ’·
959 1379 979 1415 ὅ
1008 1394 1042 1415 τι
1068 1380 1159 1425 λέξω
1189 1377 1224 1416 δ’

325 1436 454 1484 ἀπορῶ·
1152 1438 1214 1478 485

269 1488 414 1535 πέτομαι
433 1489 461 1524 δ’
481 1489 625 1524 ἐλπίσιν
642 1486 711 1522 οὔτ’
731 1486 838 1522 ἐνθάδ’
859 1489 946 1534 ὁρῶν
964 1483 1033 1520 οὔτ’
1051 1486 1178 1523 ὀπίσω.

273 1542 308 1576 τί
323 1543 390 1589 γὰρ
408 1541 428 1587 ἦ
447 1542 673 1584 Λαβδακίδαις

273 1593 294 1639 ἦ
311 1596 360 1643 τῷ
390 1593 557 1638 Πολύβου
588 1596 694 1629 νεῖκος
722 1589 818 1627 ἔκειτ’
850 1594 929 1627 οὔτε
955 1591 1117 1638 πάροιθέν
1141 1593 1222 1627 ποτ’

327 1647 426 1695 ἔγωγ’
446 1650 523 1682 οὔτε
541 1649 641 1682 τανῦν
657 1661 711 1682 πω
1154 1658 1218 1690 490

274 1699 399 1745 ἔμαθον
415 1701 501 1747 πρὸς
518 1699 598 1735 ὅτου
616 1699 656 1744 δὴ
673 1699 817 1747 βασάνῳ

274 1752 330 1788 ἐπὶ
346 1753 408 1788 τὰν
425 1753 588 1797 ἐπίδαμον
605 1753 710 1798 φάτιν
727 1748 790 1797 εἶμ’
807 1750 971 1786 Οἰδιπόδα
989 1750 1219 1792 Λαβδακίδαις

271 1804 448 1850 ἐπίκουρος
466 1804 600 1850 ἀδήλων
618 1804 781 1839 θανάτων.
1153 1807 1217 1849 496

273 1856 350 1893 ἀλλ’
369 1859 388 1892 ὁ
401 1859 463 1903 μὲν
480 1857 540 1893 οὖν
558 1857 639 1894 Ζεὺς
656 1856 677 1892 ὅ
693 1857 722 1892 τ’
741 1857 923 1892 Ἀπόλλων
940 1855 1073 1900 ξυνετοὶ
1097 1857 1152 1891 καὶ
1175 1857 1218 1891 τὰ

322 1913 459 1956 βροτῶν
779 1951 781 1953 ¹
981 1908 1055 1943 ἀντ.
1075 1906 1125 1950 β’.
1154 1913 1218 1952 498

270 1962 408 2000 εἰδότες·
429 1963 558 2007 ἀνδρῶν
576 1961 604 1997 δ’
625 1961 678 1996 ὅτι
694 1961 811 2006 μάντις
821 1958 961 2005 πλέονῆ
979 1960 1042 2007 ’γὼ
1058 1959 1214 2005 φέρεται,

270 2012 382 2059 κρίσις
399 2012 460 2046 οὐκ
477 2014 573 2048 ἔστιν
590 2012 732 2058 ἀληθής·
762 2012 874 2058 σοφίᾳ
892 2010 922 2047 δ’
942 2011 983 2046 ἂν
1001 2011 1133 2058 σοφίαν
1154 2022 1214 2057 501

269 2064 517 2111 παραμείψειεν
535 2063 631 2111 ἀνήρ.

269 2116 348 2153 ἀλλ’
381 2116 495 2152 οὔποτ’
534 2116 634 2164 ἔγωγ’
664 2117 716 2158 ἂν,
746 2117 826 2164 πρὶν
860 2114 962 2161 ἴδοιμ’
992 2115 1094 2162 ὀρθὸν
1124 2116 1216 2156 ἔπος,

321 2169 547 2215 μεμφομένων
564 2169 606 2204 ἂν
623 2170 824 2215 καταφαίην.
1153 2181 1214 2214 505

270 2222 403 2269 φανερὰ
419 2221 605 2269 πτερόεσσ’
623 2221 709 2266 ἦλθε
728 2224 810 2269 κόρα

268 2275 365 2318 ποτὲ,
386 2275 439 2309 καὶ
467 2272 582 2321 σοφὸς
607 2274 720 2321 ὤφθη,
739 2275 883 2322 βασάνῳ
908 2273 942 2309 θ’
965 2272 1140 2319 ἡδύπολις·
1169 2276 1217 2323 τῷ

321 2326 377 2363 ἀπ’
397 2328 478 2373 ἐμᾶς
1151 2339 1214 2372 510

271 2381 397 2428 φρενὸς
415 2379 530 2416 οὔποτ’
549 2379 702 2427 ὀφλήσει
720 2380 848 2415 κακίαν.

272 2434 390 2481 ἇνδρες
406 2434 557 2474 πολῖται,
577 2433 655 2468 δείν’
674 2434 736 2478 ἔπη
754 2432 969 2477 πεπυσμένος

270 2488 467 2533 κατηγορεῖν
483 2500 548 2531 μου
565 2480 625 2521 τὸν
642 2485 805 2533 τύραννον
823 2485 986 2520 Οἰδίπουν

268 2538 402 2586 πάρειμ’
421 2538 586 2583 ἀτλητῶν.
616 2538 646 2573 εἶ
663 2539 730 2586 γὰρ
749 2539 785 2573 ἐν
801 2539 874 2574 ταῖς
892 2537 1084 2584 ξυμφοραῖς

268 2593 342 2628 ταῖς
359 2594 417 2627 νῦν
434 2591 561 2636 νομίζει
577 2593 663 2638 πρός
679 2591 712 2638 γ’
732 2591 814 2636 ε’μοῦ
830 2589 1032 2626 πεπονθέναι

268 2646 428 2691 λόγοισιν
446 2642 504 2679 εἴτ’
523 2645 678 2692 ἔργοισιν
700 2642 735 2678 ές
759 2644 899 2687 βλάβην
917 2642 1037 2689 φέρον,

269 2699 364 2732 οὗτοι
376 2697 457 2740 βίου
473 2710 532 2742 μοι
550 2699 611 2731 τοῦ
628 2696 837 2743 μακραίωνος
854 2695 972 2734 πόθος,

269 2749 413 2796 φέροντι
429 2747 529 2794 τήνδε
545 2749 661 2793 βάξιν.
690 2749 730 2783 οὔ
747 2748 814 2795 γὰρ
832 2747 881 2783 εἷς
898 2748 1030 2782 ἁπλοῦν

270 2802 289 2847 ἡ
309 2802 407 2847 ζημία
423 2816 482 2847 μοι
499 2804 560 2837 τοῦ
577 2803 685 2849 λόγου
702 2799 825 2835 τούτου
843 2799 954 2847 φέρει,

269 2854 347 2890 ἀλλ’
367 2855 402 2891 ές
418 2854 594 2902 μέγιστον,
614 2854 644 2888 εἷ
662 2854 762 2889 κακὸς
777 2853 839 2898 μέν
857 2852 893 2887 ἐν
909 2854 1022 2892 πόλει,

269 2909 368 2944 κακὸς
385 2907 422 2942 δέ
439 2908 525 2954 πρὸς
543 2909 610 2942 σοῦ
628 2907 682 2941 καὶ
700 2906 816 2952 φίλων
833 2903 1054 2950 κεκλήσομαι.

267 2960 345 2995 ἀλλ’
364 2958 451 3004 ἦλθε
466 2960 529 3005 μὲν
546 2959 586 3004 δὴ
605 2961 706 2994 τοῦτο
724 2958 893 2993 τοῦνειδος
910 2956 986 3003 τάχ’
1005 2957 1046 2992 ἂν

269 3013 353 3059 ὀργῇ
370 3011 516 3055 βιασθὲν
533 3013 668 3057 μᾶλλον
684 3010 704 3055 ἢ
722 3011 837 3057 γνώμῃ
854 3010 1001 3057 φρενῶν.

269 3065 331 3099 τοῦ
347 3062 434 3108 πρὸς
448 3063 477 3099 δ’
497 3063 627 3110 ἐφάνθη
645 3065 718 3099 ταῖς
735 3063 829 3107 ἐμαῖς
844 3063 991 3109 γνώμαις
1009 3061 1061 3097 ὅτι

267 3117 420 3153 πεισθεὶς
438 3118 457 3151 ὀ
474 3117 591 3162 μάντις
607 3115 687 3151 τοὺς
703 3117 830 3162 λόγους
846 3114 988 3161 ψευδεῖς
1005 3115 1103 3162 λέγοι
1117 3128 1128 3156 ;

267 3170 392 3214 ηὗδᾶτο
409 3169 471 3214 μέν
488 3168 572 3204 τάδ”
601 3165 677 3203 οἶδα
694 3165 724 3203 δ’
742 3168 782 3202 οὔ
798 3168 913 3214 γνώμῃ
932 3166 1010 3202 τίνι.

268 3222 307 3266 ἐξ
324 3222 481 3267 ὀμμάτων
499 3220 528 3256 δ’
547 3221 658 3268 ὀρθῶν
674 3235 712 3254 τε
730 3220 793 3264 κάξ
811 3219 914 3266 ὀρθῆς
931 3220 1058 3266 φρενὸς

269 3276 485 3321 κατηγορεῖτο
503 3273 716 3317 τούπίκλημα
733 3273 834 3307 τοῦτό
850 3286 917 3317 μου
931 3284 941 3312 ;

268 3327 327 3361 οὐκ
345 3324 420 3361 οἶδ’·
449 3325 472 3360 ἃ
487 3326 554 3374 γὰρ
573 3324 676 3373 δρῶσ’
696 3325 729 3359 οἱ
747 3326 945 3371 κρατοῦντες
962 3324 1027 3371 οὐχ
1046 3326 1126 3372 ὁρῶ.
1147 3338 1210 3370 530

267 3379 367 3415 αὐτὸς
384 3376 414 3414 δ’
432 3377 480 3414 ὅδ’
499 3379 561 3424 ἤδη
581 3378 741 3422 δωμάτων
758 3377 823 3421 ἔξω
841 3377 937 3423 περᾷ.

274 3431 373 3467 οὗτος
391 3430 449 3470 σὺ,
467 3435 539 3467 πῶς
557 3430 646 3477 δεῦρ’
664 3428 788 3474 ἧλθες;
817 3427 838 3473 ἦ
856 3429 991 3464 τοσόνδ’
1011 3430 1100 3476 ἔχεις

269 3485 396 3528 τόλμης
411 3485 599 3529 πρόσωπον
617 3483 708 3517 ὥστε
725 3482 784 3518 τὰς
802 3481 883 3526 ἐμὰς
902 3482 1026 3529 στέγας

269 3534 355 3576 ἵκου,
374 3535 499 3582 φονεὺς
516 3535 562 3570 ὢν
579 3536 678 3570 τοῦδε
695 3534 836 3580 τάνδρὸς
853 3534 1010 3580 ἐμφανῶς

268 3587 401 3634 λῃστής
417 3587 446 3624 τ’
466 3587 606 3634 ἐναργὴς
623 3589 682 3632 τῆς
700 3587 779 3632 ἐμῆς
796 3586 989 3632 τυραννίδος
1002 3599 1014 3628 3

1152 2549 1213 2583 5¹⁵

1150 2813 1213 2846 520

1144 3075 1204 3108 525

1145 3598 1206 3632 535

1264 750 1335 781 KP.

1264 855 1323 886 01.

1263 961 1330 991 KP.

1264 1013 1320 1044 01.

1263 1065 1331 1096 ΚΡ.

1265 1171 1323 1202 ΟΙ.

1262 1276 1329 1308 ΚΡ.

1261 1382 1318 1413 01.

1261 1488 1326 1518 KP.

1260 1541 1317 1570 OI.

1259 1593 1326 1623 KP.

1259 1647 1316 1676 01.

1258 1699 1325 1728 KP.

1258 1752 1318 1782 01.

1258 1857 1316 1887 01.

1258 1910 1325 1940 ΚΡ.

1257 1963 1314 1992 01.

1261 2007 1329 2037 KP.

1261 2060 1319 2090 01.

1260 2112 1328 2142 KP.

1261 2165 1319 2194 01.

1261 2217 1328 2246 KP.

1261 2269 1318 2299 01.

1260 2374 1326 2404 KP.

1260 2479 1316 2509 01.

1259 2531 1327 2561 ΚΡ.

1258 2584 1317 2614 ΟΙ.

1259 2637 1325 2667 ΚΡ.

1259 2689 1316 2719 ΟΙ.

1259 2742 1326 2772 ΚΡ.

1258 2794 1316 2824 ΟΙ.

1258 2847 1325 2877 ΚΡ.

1366 378 1442 425 φέρ’
1463 379 1536 416 εἷπὲ
1553 382 1639 427 πρὸς
1657 380 1753 422 θεῶν,
1773 382 1902 419 δειλίαν
1918 383 1939 429 ἢ
1956 384 2086 432 μωρίαν

1367 430 1447 466 ἰδών
1464 433 1526 466 τιν’
1543 433 1580 468 ἔν
1596 447 1655 478 μοι
1671 434 1763 469 ταῦτ’
1784 436 1982 478 ἐβουλεύσω
1999 439 2132 480 ποιεῖν;

1368 482 1388 527 ἣ
1406 485 1551 532 τοῦργον
1569 486 1614 522 ὥς
1631 486 1671 520 οὗ
1689 489 1866 534 γνωριοῖμί
1883 504 1948 525 σου
1965 491 2045 526 τόδε

1369 536 1460 584 δόλῳ
1478 537 1676 585 προσέρπον
1694 540 1774 575 κούκ
1792 540 1975 587 ἀλεξοίμην
1992 543 2129 588 μαθών;

1367 587 1420 635 ἆρ’
1440 589 1520 636 οὐχὶ
1537 593 1650 637 μῶρόν
1667 591 1743 627 ἐστι
1761 593 1988 641 τοῦγχείρημά
2006 610 2083 637 σου,

1367 641 1445 676 ἄνευ
1463 657 1501 677 τε
1517 642 1671 688 πλήθους
1689 646 1742 680 καὶ
1761 645 1876 691 φίλων
1892 648 2070 694 τυραννίδα

1368 693 1484 741 θηρᾶν,
1505 694 1523 729 ὃ
1542 695 1665 741 πλήθει
1682 696 1855 744 χρήμασίν
1873 699 1908 733 θ’
1928 700 2129 742 ἁλίσκεται;

1368 743 1464 781 οἶσθ’
1485 748 1530 784 ὧς
1546 748 1694 793 ποίησον
1708 762 1717 789 ;
1747 750 1820 786 ἀντὶ
1838 755 1904 786 τῶν
1923 752 2101 799 εἰρημένων

1365 797 1414 834 'scr’
1434 799 1654 842 ἀντάκουσον,
1674 799 1757 849 κᾷτα
1775 802 1855 850 κρῖν’
1875 805 1975 840 αὐτὸς
1991 806 2118 849 μαθών.

1368 851 1482 900 λέγειν
1499 852 1545 888 σὺ
1563 854 1681 891 δεινός·
1709 856 1887 900 μανθάνειν
1905 856 1933 892 δ’
1953 858 2019 904 ἐγὼ
2038 860 2136 895 κακὸς

1367 907 1445 940 σοῦ.
1475 906 1624 952 δυσμενῆ
1642 907 1709 954 γὰρ
1727 909 1781 943 καὶ
1797 907 1907 956 βαρύν
1925 909 1960 945 σ’
1975 908 2088 957 ηὕρηκ’
2108 912 2194 956 ε’μοί.

1363 956 1454 992 τοῦτ’
1473 958 1554 994 αὐτὸ
1572 962 1631 995 νῦν
1646 974 1713 1005 μου
1730 961 1834 1008 πρῶτ’
1854 961 2002 998 ἄκουσον
2021 964 2065 999 ὡς
2083 964 2169 1013 ἐρῶ.

1366 1010 1457 1045 τοῦτ’
1476 1011 1557 1046 αὐτὸ
1574 1011 1620 1058 μή
1637 1027 1696 1058 μοι
1714 1014 1833 1061 φράζ’,
1854 1014 1944 1051 ὅπως
1962 1016 2022 1050 οὐκ
2040 1013 2074 1051 εἶ
2087 1019 2197 1053 κακός.

1366 1060 1399 1097 εἶ
1413 1078 1466 1099 τοι
1484 1064 1628 1109 νομίζεις
1646 1067 1752 1111 κτῆμα
1769 1066 1829 1112 τὴν
1846 1067 2007 1103 αὐθαδίαν

1364 1112 1449 1151 εἷναί
1465 1130 1498 1151 τι
1515 1120 1576 1152 τοῦ
1594 1120 1653 1152 νοῦ
1670 1120 1786 1165 χωρὶς,
1807 1120 1867 1155 οὐκ
1885 1120 1993 1167 ὀρθῶς
2011 1122 2161 1168 φρονεῖς.

1370 1166 1403 1203 εἴ
1417 1183 1470 1204 τοι
1488 1170 1632 1214 νομίζεις
1649 1171 1753 1218 ἄνδρα
1771 1175 1919 1220 συγγενῆ
1938 1178 2044 1210 κακῶς

1363 1220 1452 1268 δρῶν
1468 1221 1534 1269 οὔχ
1551 1222 1690 1269 ὑφέξειν
1707 1224 1768 1269 τὴν
1785 1225 1889 1270 δίκην,
1909 1226 1970 1261 οὐκ
1988 1226 2025 1261 εὖ
2042 1228 2192 1272 φρονεῖς.

1363 1272 1522 1321 ξύμφημί
1540 1290 1598 1310 σοι
1615 1275 1705 1311 ταῦτ’
1725 1277 1823 1313 ἔνδικ’
1842 1278 2011 1325 εἰρῆσθαι·
2040 1281 2079 1315 τὸ
2098 1281 2134 1315 δὲ

1362 1327 1487 1373 πάθημ’
1507 1329 1626 1363 ὁποῖον
1643 1328 1713 1375 φῂς
1729 1330 1848 1366 παθεῖν
1866 1332 2008 1367 δίδασκέ
2022 1347 2077 1376 με.

1365 1379 1506 1420 ἔπειθες,
1525 1379 1546 1425 ἦ
1565 1381 1625 1416 οὐκ
1642 1382 1783 1422 ἔπειθες,
1803 1384 1848 1420 ὧς
1863 1384 1961 1431 χρείη
1978 1384 2013 1430 μ’
2030 1386 2085 1420 ἐπὶ

1362 1432 1422 1467 τὸν
1439 1434 1662 1479 σεμνόμαντιν
1678 1434 1782 1482 ἄνδρα
1799 1436 2007 1483 πέμψασθαί
2024 1450 2118 1479 τινας

1361 1485 1416 1519 καὶ
1433 1488 1492 1521 νῦν
1509 1485 1561 1520 ἔθ’
1579 1487 1679 1524 αὑτός
1696 1487 1763 1532 εἶμι
1781 1492 1828 1537 τῷ
1843 1489 2064 1535 βουλεύματι.

1363 1539 1476 1573 πόσον
1493 1538 1554 1573 τιν’
1574 1540 1634 1584 ἤδη
1654 1540 1731 1585 δῆθ’
1751 1542 1770 1575 ὁ
1788 1543 1890 1578 Λάΐος
1906 1545 2032 1589 χρόνον

1340 1624 1343 1627 ⁴
1361 1590 1500 1637 δέδρακε
1516 1593 1615 1627 ποῖον
1632 1593 1752 1640 ἔργον;
1782 1594 1822 1628 οὐ
1838 1595 1905 1641 γὰρ
1924 1596 2037 1631 ἐννοῶ.

1359 1642 1511 1688 ἄφαντος
1528 1645 1618 1691 ἔρρει
1636 1645 1810 1694 θανασίμῳ
1827 1649 2032 1694 χειρώματι;

1357 1697 1479 1742 μακροὶ
1495 1697 1637 1732 παλαιοί
1653 1697 1683 1732 τ’
1702 1699 1743 1734 ἂν
1758 1700 1952 1746 μετρηθεῖεν
1968 1703 2100 1747 χρόνοι.

1362 1748 1430 1783 τότ’
1449 1748 1509 1784 οὖν
1526 1752 1546 1785 ὁ
1562 1751 1679 1795 μάντις
1696 1750 1795 1788 οὗτος
1813 1750 1853 1796 ἦν
1871 1753 1906 1787 ἐν
1923 1755 1963 1798 τῇ
1981 1753 2105 1800 τέχνης

1361 1801 1475 1847 σοφός
1490 1802 1523 1849 γ’
1543 1803 1666 1847 ὁμοίως
1679 1804 1742 1848 κάξ
1758 1802 1839 1840 ἰ’σου
1856 1806 2052 1850 τιμώμενος.

1362 1852 1520 1898 ἐμνήσατ’
1539 1854 1599 1890 οὖν
1616 1855 1698 1900 ἐμοῦ
1715 1871 1748 1891 τι
1765 1859 1813 1906 τῷ
1830 1855 1901 1892 τότ’
1918 1858 1953 1892 έν
1969 1861 2103 1907 χρόνῳ;

1357 1907 1479 1941 οὔκουν
1496 1906 1578 1952 ἐμοῦ
1594 1907 1627 1954 γ’
1647 1909 1795 1945 ἑστῶτος
1813 1910 1961 1955 οὐδαμοῦ
1978 1911 2100 1948 πέλας.

1360 1957 1440 1993 ἀλλ’
1459 1958 1520 1993 οὐκ
1537 1959 1673 2002 ἔρευναν
1689 1962 1751 1994 τοῦ
1769 1960 1927 1998 θανόντος
1937 1964 2089 2008 ’ἔσχετες

1361 2004 1592 2051 παρέσχομεν,
1611 2011 1683 2044 πῶς
1701 2008 1731 2044 δ’
1749 2009 1830 2055 οὐχί
1840 2023 1849 2050 ;
1879 2010 1959 2044 κούκ
1977 2009 2180 2057 ἠκούσαμεν.

1364 2059 1437 2092 πῶς
1453 2056 1514 2092 οὖν
1530 2057 1602 2092 τόθ’
1621 2057 1720 2096 οὗτος
1738 2062 1756 2094 ὁ
1776 2062 1890 2107 σοφὸς
1907 2062 1968 2096 οὐκ
1985 2064 2070 2107 ηὔδα
2086 2066 2187 2105 τάδε;

1361 2107 1422 2142 οὔκ
1440 2105 1515 2144 οἷδ’·
1546 2110 1602 2156 ἐφ’
1622 2108 1672 2147 οἷς
1688 2112 1754 2159 γὰρ
1771 2112 1816 2157 μὴ
1835 2114 1953 2160 φρονῶ
1972 2118 2075 2162 σιγᾶν
2091 2118 2198 2163 φιλῶ.

1364 2161 1508 2196 τοσόνδε
1523 2160 1556 2208 γ’
1575 2160 1678 2197 οἶσθα
1695 2165 1749 2199 καὶ
1765 2165 1881 2212 λέγοις
1899 2166 1939 2201 ἂν
1957 2166 1995 2202 εὖ
2012 2169 2161 2215 φρονῶν.

1361 2214 1461 2247 ποῖον
1477 2214 1570 2254 τόδ’;
1600 2214 1630 2250 εἰ
1646 2216 1713 2262 γὰρ
1732 2214 1807 2252 οἶδά
1824 2217 1870 2264 γ’,
1890 2219 1950 2253 οὐκ
1968 2219 2169 2267 ἀρνήσομαι.

1366 2264 1526 2306 ὁθούνεκ’,
1547 2267 1576 2301 εἶ
1593 2267 1639 2312 μὴ
1659 2269 1718 2303 σοὶ
1735 2269 1893 2314 ξυνῆλθε,
1912 2272 1973 2308 τὰς
1991 2273 2072 2318 ε’μὰς

1363 2317 1423 2351 οὐκ
1441 2318 1482 2352 ἄν
1498 2319 1574 2353 ποτ’
1595 2317 1668 2355 εἶπε
1685 2318 1790 2356 Λαΐου
1808 2323 2007 2371 διαφθοράς.

1361 2369 1391 2404 εἶ
1407 2370 1469 2414 μὲν
1485 2370 1580 2418 λέγει
1597 2372 1682 2413 τάδ’,
1702 2373 1802 2410 αὐτὸς
1818 2372 1926 2410 οἶσθ’·
1957 2378 2023 2424 ἐγὼ
2041 2379 2081 2414 δέ
2097 2394 2162 2415 σου

1361 2422 1480 2467 μαθεῖν
1498 2424 1613 2460 δικαιῶ
1630 2425 1728 2460 ταῦθ’
1746 2427 1832 2474 ἅπερ
1850 2429 1957 2474 κάμοῦ
1975 2430 2021 2464 σὺ
2039 2434 2111 2468 νῦν.

1363 2474 1549 2520 ἐκμάνθαν’·
1578 2478 1619 2512 οὗ
1635 2478 1703 2525 γὰρ
1721 2479 1761 2524 δὴ
1780 2481 1905 2525 φονεὺς
1922 2484 2114 2528 ἁλώσομαι.

1360 2527 1394 2562 τί
1412 2527 1481 2572 δῆτ’
1497 2541 1507 2568 ;
1536 2529 1691 2576 ἀδελφὴν
1708 2531 1768 2576 τὴν
1786 2533 1867 2578 ἐμὴν
1883 2533 1993 2581 γήμας
2009 2536 2120 2582 ἕχειςς

1363 2579 1503 2626 ἄρνησις
1520 2582 1581 2616 οὐκ
1599 2583 1730 2618 ἔνεστιν
1747 2584 1793 2620 ὧν
1810 2586 2011 2634 ἀνιστορεῖς.

1360 2632 1476 2679 ἄρχεις
1494 2633 1522 2669 δ’
1543 2635 1649 2680 ἐκείνῃ
1667 2636 1772 2671 ταῦτὰ
1788 2640 1851 2685 γῆς
1868 2637 1948 2675 ἴσον
1965 2642 2093 2686 νέμων;

1363 2683 1404 2718 ἂν
1419 2682 1443 2731 ᾗ
1461 2686 1618 2722 θέλουσα
1634 2688 1730 2724 πάντ’
1750 2690 1831 2735 ε’μοῦ
1849 2693 2030 2737 κομίζεται.

1360 2737 1421 2771 οὐκ
1439 2737 1497 2773 οὖν
1514 2739 1653 2786 ἶσοῦμαι
1672 2743 1775 2791 σφῷν
1792 2743 1859 2790 ἐγὼ
1878 2746 1971 2780 δυοῖν
1987 2746 2122 2793 τρίτος;

1364 2789 1505 2826 ἐνταῦθα
1521 2792 1588 2839 γὰρ
1606 2793 1646 2838 δὴ
1666 2795 1720 2829 καὶ
1737 2797 1836 2832 κακὸς
1854 2798 1968 2843 φαίνει
1987 2799 2105 2845 φίλος.

1361 2841 1432 2885 οὒκ,
1451 2843 1482 2878 εἷ
1499 2844 1625 2890 διδοίης
1641 2845 1674 2893 γ’
1694 2847 1739 2883 ὣς
1757 2848 1823 2895 ε’γὼ
1841 2853 1956 2899 σαυτῷ
1973 2853 2092 2899 λόγον.

1362 2895 1493 2940 σκέψαι
1510 2897 1547 2932 δέ
1564 2900 1665 2934 τοῦτο
1683 2904 1830 2946 πρῶτον,
1850 2900 1883 2937 εἴ
1897 2903 1959 2938 τιν’
1979 2904 2020 2939 ἂν
2038 2905 2146 2943 δοκεῖς

1360 2947 1478 2994 ἄρχειν
1494 2949 1636 2985 ἑλέσθαι
1654 2952 1716 2995 ξὺν
1733 2953 1882 2999 φόβοισι
1899 2958 2035 3000 μᾶλλον
2051 2957 2071 3002 ἢ

1360 2999 1527 3047 ἄτρεστον
1544 3001 1682 3044 εὕδοντ’,
1702 3004 1732 3039 εἶ
1749 3007 1791 3041 τά
1807 3006 1840 3053 γ’
1859 3007 1936 3042 αὕθ’
1956 3009 2025 3053 ἕξει
2044 3011 2158 3057 κράτη.

1362 3052 1429 3099 ἐγὼ
1445 3054 1508 3099 μὲν
1524 3053 1584 3090 οὖν
1601 3056 1670 3091 οὔτ’
1689 3057 1790 3094 αὐτὸς
1808 3060 1943 3106 ἱμείρων
1960 3062 2048 3107 ἔφυν

1360 3103 1519 3152 τύραννος
1536 3104 1620 3143 εἶναι
1635 3110 1771 3154 μᾶλλον
1787 3110 1807 3156 ἢ
1826 3111 1970 3159 τύραννα
1988 3115 2081 3161 δρᾶν,

1361 3157 1430 3192 οὔτ’
1449 3158 1557 3196 ἄλλος
1575 3160 1672 3198 ὅστις
1690 3164 1883 3210 σωφρονεῖν
1901 3166 2091 3202 ἐπίσταται.

1360 3212 1419 3245 νῦν
1434 3211 1496 3255 μὲν
1511 3213 1578 3259 γὰρ
1597 3213 1634 3248 έκ
1652 3217 1718 3249 σοῦ
1734 3216 1830 3251 πάντ’
1849 3216 1927 3252 ἄνευ
1945 3219 2061 3264 φόβου
2079 3220 2188 3267 φέρω·

1359 3262 1388 3297 εἶ
1406 3262 1436 3297 δ’
1454 3264 1554 3301 αὐτὸς
1570 3263 1688 3312 ἦρχον,
1707 3269 1824 3303 πολλὰ
1842 3269 1902 3304 κᾶν
1919 3270 2007 3306 ἄκων
2025 3272 2142 3318 ἔδρων.

1361 3318 1434 3352 πῶς
1451 3315 1521 3361 δῆτ’
1541 3317 1616 3362 ε’μοὶ
1633 3320 1788 3366 τυραννὶς
1805 3320 1907 3365 ἡδίων
1924 3324 2015 3369 ἔχειν

1359 3367 1466 3414 ἀρχῆς
1483 3368 1617 3405 ἀλύπου
1635 3373 1689 3407 καὶ
1707 3372 1905 3410 δυναστείας
1922 3376 2011 3421 ἔφυς

1359 3421 1452 3455 οὔπω
1470 3425 1638 3458 τοσοῦτον
1654 3422 1863 3470 ἦπατημένος
1881 3432 1969 3474 κυρῶ

1360 3472 1442 3507 ὥστ’
1462 3473 1554 3509 ἄλλα
1569 3475 1707 3522 χρῄζειν
1723 3476 1743 3521 ἣ
1762 3478 1804 3512 τὰ
1822 3478 1888 3514 σὺν
1905 3480 2013 3526 κέρδει
2031 3483 2131 3517 καλά.

1361 3526 1419 3559 νῦν
1435 3527 1522 3561 πᾶσι
1539 3528 1660 3574 χαίρω,
1682 3531 1739 3563 νῦν
1755 3545 1797 3574 με
1814 3533 1880 3566 πᾶς
1897 3532 2094 3575 ἀσπάζεται,

1360 3579 1418 3612 νῦν
1435 3579 1468 3613 οἱ
1486 3579 1586 3615 σέθεν
1602 3580 1783 3627 χρῄζοντες
1801 3583 2004 3619 αἷκάλλουσί
2020 3592 2074 3628 με·

2229 289 2306 332 113

2245 611 2305 644 540

2244 873 2304 906 545

2242 1398 2301 1432 555

2241 1654 2303 1695 560

2235 1916 2295 1958 565

2242 2446 2302 2479 575

2241 2702 2302 2741 580

2239 2965 2299 3006 585

2237 3235 2299 3267 500

2234 3494 2292 3526 595
