2488 3860
1090 288 1387 328 ΑΧΑΡΝΗΣ.

185 390 262 422 ΑΜ.
287 386 332 421 σὺ
349 385 377 421 δ’
396 386 487 422 ἀλλὰ
503 386 604 421 τασδὶ
621 386 680 422 τὰς
697 385 839 422 δεκέτεις
855 388 976 432 γεῦσαι
993 386 1123 428 λαβών.
1247 391 1252 430 Ι

187 444 243 474 ΔΙ.
285 438 402 482 ὄζουσι
417 437 539 484 χαῦται
555 438 735 485 πρέσβεων
752 438 786 474 ἐς
803 439 863 474 τὰς
878 439 996 474 πόλεις
1247 435 1252 499 Ι

288 489 461 534 ὀξύτατον,
481 491 598 536 ὥσπερ
616 491 789 537 διατριβῆς
806 494 873 525 τῶν
889 490 1088 536 ξυμμάχων.

188 546 264 579 AM‘.
288 543 366 578 ἀλλ’
385 543 495 578 αὑταιὶ
511 543 576 590 γάρ
596 557 654 577 σοι
671 541 956 590 τριακοντούτιδες

290 596 372 630 κατὰ
387 597 451 643 γῆν
468 610 505 630 τε
522 595 576 630 καὶ
595 594 774 631 θάλατταν.

189 653 246 684 ΔΙ.
793 646 819 682 ὦ
837 646 1009 687 Διονύσια,

292 699 388 736 αὗται
405 700 466 745 μὲν
482 699 596 744 ὅζουσ’
615 700 807 747 ἀμβροσίας
824 701 878 735 καὶ
895 700 1063 746 νέκταρος,

293 754 347 788 καὶ
363 753 408 798 μὴ
425 752 586 800 ’πιτηρεῖν
603 752 687 788 σιτί’
708 752 836 799 ἡμερῶν
853 756 964 799 τριῶν,

293 806 353 840 κάν
369 807 416 854 τῷ
434 807 577 850 στόματι
593 806 750 851 λέγουσι,
768 804 856 847 βαῖν’
876 805 953 840 ὅποι
971 803 1084 839 θέλεις

293 856 414 893 ταύτας
431 857 571 903 δέχομαι
589 858 643 892 καὶ
662 857 847 902 σπένδομαι
864 857 1057 901 κάκπίομαι,

292 910 422 956 χαίρειν
439 908 584 945 κελεύων
600 910 717 945 πολλὰ
734 909 812 946 τοὺς
828 909 1021 955 Ἀχαρνέας·

294 963 360 1008 ἐγὼ
378 963 414 997 δὲ
431 962 582 1007 πολέμου
600 962 654 996 καὶ
671 965 778 997 κακῶν
795 961 1003 1008 ἀπαλλαγεὶς

294 1014 364 1058 ἄξω
382 1015 423 1049 τὰ
441 1013 509 1049 κατ’
528 1014 652 1059 ἀγροὺς
668 1015 783 1049 εἰσιὼν
801 1012 975 1048 Διονύσια.

193 1073 272 1103 ΑΜ.
296 1067 361 1112 ἐγὼ
379 1066 416 1101 δὲ
434 1066 603 1111 φεύξομαί
619 1080 661 1112 γε
678 1067 756 1103 τοὺς
775 1063 972 1112 Ἀχαρνέας.

194 1125 266 1156 ΧΟ.
294 1119 372 1163 τῇδε
389 1120 454 1155 πᾶς
472 1118 566 1158 ἕπου,
586 1118 695 1157 δίωκε,
715 1118 768 1152 καὶ
786 1118 844 1152 τὸν
861 1117 965 1163 ἄνδρα
980 1115 1149 1152 πυνθάνου
1157 1127 1236 1158 στρ.

297 1174 363 1206 τῶν
380 1171 565 1217 ὁδοιπόρων
582 1171 748 1205 ἁπάντων·
777 1172 816 1214 τῇ
835 1171 934 1204 πόλει
950 1169 1016 1215 γὰρ
1034 1168 1129 1212 ἀξιον
1170 1178 1233 1210 205

297 1223 481 1266 ξυλλαβεῖν
498 1224 557 1258 τὸν
574 1223 678 1269 ἄνδρα
694 1225 825 1257 τοῦτον.
854 1222 945 1256 ἀλλά
961 1235 1018 1266 μοι
1035 1218 1216 1265 μηνύσατε,

298 1274 387 1312 εἴτις
400 1272 461 1310 οἶδ’
476 1274 554 1310 ὅποι
566 1275 746 1321 τέτραπται
758 1275 821 1320 γῆς
838 1276 857 1308 ὁ
870 1274 930 1309 τὰς
943 1273 1092 1308 σπονδὰς
1104 1271 1235 1318 φέρων.

300 1327 491 1375 ἐκπέφευγ’,
510 1325 638 1374 οἴχεται
656 1327 819 1374 φροῦδος.
840 1324 930 1371 οἶμοι
947 1326 1050 1361 τάλας
1067 1327 1133 1359 τῶν
1151 1324 1238 1358 ἐτῶν

351 1384 417 1415 τῶν
435 1381 533 1426 ἐμῶν·
1177 1388 1239 1411 210

300 1434 359 1469 οὐκ
394 1433 434 1468 ἂν
469 1432 519 1468 ἐπ’
557 1433 637 1478 ἐμῆς
669 1446 710 1479 γε
745 1433 909 1476 νεότητος,
942 1430 990 1465 ὅτ’
1023 1429 1088 1477 ἐγὼ
1123 1429 1240 1475 φέρων

352 1485 523 1531 ἀνθράκων
540 1485 684 1531 φορτίον

300 1536 506 1584 ἠκολούθουν
523 1535 668 1585 Φαΰλλῳ
685 1535 826 1583 τρέχων,
840 1536 904 1571 ὧδε
921 1534 1063 1582 φαύλως
1082 1534 1123 1570 ἂν
1141 1535 1160 1569 ὁ
1180 1544 1240 1577 215

303 1591 540 1637 σπονδοφόρος
558 1589 655 1625 οὗτος
672 1588 726 1624 ὑπ’
746 1590 828 1634 ἐμοῦ
845 1590 922 1623 τότε
940 1589 1139 1631 διωκόμενος

302 1643 468 1689 ἐξέφυγεν
485 1641 554 1677 οὐδ’
573 1642 613 1677 ἂν
630 1642 794 1688 ἐλαφρῶς
811 1641 852 1676 ἂν
868 1640 1093 1684 ἀπεπλίξατο.

304 1698 361 1731 νῦν
379 1695 406 1730 δ’
427 1695 538 1739 ἐπειδὴ
558 1695 700 1740 στερρὸν
717 1694 777 1738 ἤδη
795 1693 918 1738 τούμὸν
935 1691 1146 1737 ἀντικνήμιον
1171 1691 1241 1726 ἀντ.

304 1749 357 1782 καὶ
373 1748 506 1795 παλαιῷ
527 1746 728 1793 Λακρατείδῃ
746 1746 785 1781 τὸ
805 1745 930 1781 σκέλος
946 1744 1138 1791 βαρύνεται,
1183 1756 1245 1779 220

304 1798 444 1845 οἴχεται.
474 1799 629 1834 διωκτέος
645 1798 693 1833 δέ·
721 1797 765 1842 μὴ
783 1798 849 1844 γὰρ
867 1797 992 1843 ἐγχάνῃ
1010 1796 1094 1831 ποτὲ

305 1852 390 1897 μηδέ
404 1866 468 1898 περ
484 1851 643 1898 γέροντας
659 1849 756 1885 ὄντας
774 1849 931 1895 ἐκφυγὼν
947 1848 1142 1895 Ἀχαρνέας.

305 1904 414 1944 ὅστις,
445 1903 471 1938 ὦ
501 1906 564 1938 Ζεῦ
594 1904 700 1949 πάτερ
730 1903 784 1937 καὶ
814 1901 899 1942 θεοὶ,
925 1902 1037 1935 τοῖσιν
1071 1900 1248 1947 ἐχθροῖσιν

359 1956 560 1995 ἐσπείσατο,
1184 1966 1222 1989 22
1227 1965 1244 1996 5

306 1999 377 2036 οἷσι
406 2001 485 2048 παρ’
511 2002 593 2047 ἐμοῦ
619 2003 768 2047 πόλεμος
797 2003 986 2049 ἐχθοδοπὸς
1015 2003 1151 2047 αὔξεται
1178 2005 1244 2036 τῶν

359 2053 446 2098 ἐμῶν
461 2054 607 2100 χωρίων·

307 2105 386 2139 κούκ
403 2105 517 2150 ἀνήσω
534 2107 613 2153 πρὶν
629 2107 670 2141 ἂν
688 2109 826 2153 σχοῖνος
844 2109 997 2144 αὐτοῖσιν
1015 2109 1212 2154 ἀντεμπαγῶ

307 2156 398 2200 ὀξὺς,
417 2158 587 2205 ὀδυνηρὸς,
606 2160 627 2179 ⁸
647 2161 667 2181 ⁸
688 2160 707 2180 '
727 2160 905 2203 ἐπίκωπος,
924 2159 977 2196 ἵνα
1182 2173 1238 2203 23¹

305 2208 435 2253 μήποτε
450 2214 603 2246 πατῶσιν
619 2212 668 2247 ἔτι
685 2213 744 2248 τὰς
762 2214 842 2258 ἐμὰς
860 2214 1047 2259 ἀμπέλους.

306 2261 398 2296 ἀλλὰ
415 2263 467 2297 δει
483 2263 590 2307 ζητεῖν
606 2265 664 2299 τὸν
680 2264 784 2311 ἀνδρα
801 2266 855 2300 καὶ
872 2266 1014 2308 βλεπειν
1030 2262 1228 2310 Βολλήναδε
1268 2285 1272 2317 Ι

307 2314 360 2348 καὶ
378 2314 506 2350 διώκειν
521 2317 585 2362 γῆν
601 2317 668 2363 πρὸ
683 2317 758 2363 γῆς,
778 2316 841 2354 ἕως
858 2317 899 2353 ἂν
916 2318 1034 2364 εὑρεθῇ
1051 2327 1144 2354 ποτε
1180 2324 1271 2361 235

309 2366 354 2402 ὡς
371 2366 437 2413 ἐγὼ
453 2368 631 2408 βάλλων’
612 2371 736 2405 εκεῖνον
753 2371 813 2406 οὒκ
830 2371 871 2406 ἂν
888 2371 1064 2416 ἐμπλῄμην
1081 2371 1202 2407 λίθοις.
1267 2376 1270 2404 V

307 2418 497 2464 εὐφημεῖτε,
516 2420 707 2466 εὔφημεῖτε.

205 2475 277 2505 ΧΟ.
307 2472 389 2517 σῖγα
405 2473 482 2508 πᾶς.
511 2470 680 2517 ἠκούσατ’,
699 2474 827 2522 ἅνδρες,
846 2474 911 2522 ἂρα
927 2477 985 2520 τῆς
1003 2475 1189 2521 εὐφημίας;

309 2522 407 2560 οὗτος
423 2524 521 2560 αὐτός
539 2525 634 2561 ἐστιν
651 2525 689 2561 ὃν
707 2528 878 2572 ζητοῦμεν.
908 2528 999 2563 ἀλλὰ
1017 2529 1115 2574 δεῦρο
1131 2530 1208 2563 πᾶς.

309 2575 467 2611 ἐκποδών·
489 2575 603 2611 θύσων
615 2579 680 2624 γὰρ
694 2579 788 2626 ἀνὴρ,
805 2580 849 2616 ὣς
862 2579 953 2620 ἔοικ’,
969 2580 1153 2627 ἐξέρχεται.
1183 2593 1244 2623 240

207 2629 264 2661 At.
306 2627 497 2672 εὐφημεῖτε,
517 2629 708 2675 εὐφημεῖτε.

308 2676 454 2725 προΐτῶς
471 2682 510 2715 τὸ
527 2681 678 2728 πρόσθεν
694 2683 813 2729 ὀλίγον
829 2683 850 2728 ἡ
869 2685 1068 2749 κανηφόρος·

310 2733 329 2765 ὁ
347 2731 489 2768 Ξανθίας
505 2734 564 2768 τὸν
580 2735 718 2779 φαλλὸν
734 2735 835 2781 ὀρθὸν
853 2738 1026 2780 στησάτω.

209 2787 291 2817 ΜΗ.
307 2783 451 2818 κατάθου
467 2785 507 2819 τὸ
524 2788 654 2826 κανοῦν,
674 2786 700 2820 ὦ
718 2786 924 2852 θύγατερ,ἷν
925 2787 1188 2836 ’ἀπαρξώμεθω

209 2840 279 2870 ΘΥ.
309 2834 335 2869 ὦ
352 2837 467 2882 μῆτερ,
486 2837 606 2874 ἀνάδος
623 2839 721 2884 δεῦρο
739 2839 798 2883 τὴν
816 2839 1003 2887 ἐτνήρυσιν,

312 2885 351 2922 ἵν’
371 2889 464 2924 ἔτνος
482 2891 631 2935 καταχέω
649 2891 854 2938 τούλατῆρος
871 2893 1016 2928 τουτουί.

309 2940 363 2974 καὶ
379 2940 444 2985 μὴν
461 2942 564 2976 καλόν
579 2941 611 2988 γ’
630 2942 714 2983 ἔστ’,
735 2942 761 2977 ὦ
779 2946 923 2980 Διόνυσε
941 2946 1101 2986 δέσποτα,

311 2993 557 3038 κεχαρισμένως
575 3008 633 3028 σοι
650 2993 748 3039 τήνδε
764 2996 824 3040 τὴν
839 2997 975 3042 πομπὴν
992 2999 1049 3043 ἐμὲ

310 3044 493 3091 πέμψαντα
509 3046 563 3080 καὶ
581 3045 730 3082 θύσαντα
745 3049 829 3091 μετὰ
845 3052 912 3084 τῶν
928 3049 1064 3085 οἷκετῶν

311 3096 449 3143 ἀγαγεῖν
465 3101 620 3144 τυχηρῶς
637 3099 678 3133 τὰ
695 3099 764 3134 κατ’
783 3100 906 3147 ἀγροὺς
924 3101 1097 3142 Διονύσια,

313 3151 472 3195 στρατιᾶς
489 3149 762 3196 ἀπαλλαχθέντα·
790 3153 849 3188 τὰς
868 3154 1016 3190 σπονδὰς
1034 3155 1072 3189 δέ
1086 3169 1144 3200 μοι

314 3202 422 3237 καλῶς
440 3201 644 3248 ξυνενεγκεῖν
660 3203 719 3239 τὰς
736 3204 1035 3250 τριακοντούτιδας.

211 3255 294 3287 ΜΗ.
314 3252 380 3298 ἄγ’,
400 3252 426 3287 ὦ
446 3252 641 3300 θύγατερ,’
621 3269 711 3291 οπως
727 3257 766 3290 τὸ
784 3259 902 3292 κανοῦν
919 3258 1004 3302 καλὴ
1022 3260 1132 3295 καλῶς

314 3302 432 3345 οἴσεις,
450 3305 632 3347 βλέπουσα
649 3306 907 3355 θυμβροφάγον.
936 3310 981 3346 ὣς
996 3311 1156 3357 μακάριος

313 3356 410 3393 ὅστις
428 3356 462 3392 α’
481 3356 614 3398 ὀπύσει,
634 3358 872 3404 κάκποιήσεται
887 3363 996 3407 γαλᾶς
1190 3375 1246 3406 255

315 3411 380 3443 σοῦ
397 3409 500 3454 μηδὲν
516 3408 616 3454 ἦττον
632 3411 738 3452 βδεῖν,
758 3411 892 3447 ἐπειδὰν
908 3411 1068 3460 ὅρθρος’
1044 3431 1079 3459 ῃ.

313 3463 488 3507 πρόβαινε,
508 3462 568 3497 κάν
585 3461 707 3510 τωχλω
725 3463 959 3508 φυλάττεσθαι
978 3467 1116 3530 σφόδρα
1269 3483 1274 3592 η

1170 603 1226 637 195

1172 917 1232 940 200

1184 2852 1242 2886 ²45

209 2944 266 2975 ΔΙ.

1187 3115 1274 3194 25οι

1270 3195 1274 3208 Ι

313 3511 359 3557 μή
376 3527 427 3549 τις
442 3512 557 3548 λαθών
574 3528 639 3548 σου
655 3516 839 3562 περιτράγῃ
857 3517 899 3550 τὰ
914 3518 1054 3563 χρυσία.

213 3566 273 3599 ΔΙ.
312 3563 341 3598 ὦ
357 3565 494 3609 Ξανθία,
514 3567 615 3614 σφῷν
631 3565 698 3601 δ”
679 3567 775 3603 εστὶν
790 3567 925 3615 ὀρθὸςε
907 3569 1019 3606 εκτέος

1286 1442 1358 1472 XO.

1290 1653 1347 1683 ΔΙ.

1289 1705 1361 1735 ΧΟ.

1290 1758 1349 1788 ΔΙ.

1291 1810 1363 1842 ΧΟ.

1292 1967 1351 1997 ΔΙ.

1288 2011 1358 2041 ΧΟ.

1290 2116 1348 2147 ΔΙ.

1293 2218 1362 2250 ΧΟ.

1267 2493 1270 2519 1
1291 2471 1346 2512 ΔΙ.

1287 2639 1359 2670 ΧΟ.

1291 2745 1349 2775 ΔΙ.

1292 2849 1362 2879 ΧΟ.

1294 3161 1350 3190 ΔΙ.

1271 3267 1273 3276 ’
1293 3264 1363 3293 ΧΟ.

1294 3367 1349 3396 ΔΙ.

1292 3471 1362 3500 ΧΟ.

1293 3523 1362 3551 ΧΟ.

1295 3576 1361 3607 x0.

1354 3078 1362 3086 .
1391 3052 1490 3084 τοῦτο
1508 3050 1632 3084 τοῦπος
1649 3049 1756 3083 δεινὸν
1772 3049 1833 3094 ἤδη
1852 3049 1905 3083 καὶ
1922 3049 2185 3095 ταραξικάρδιον,

1371 391 1391 424 ὁ
1409 386 1546 434 φαλλὸς
1562 385 1721 429 ἐξόπισθε
1739 386 1797 429 τῆς
1815 383 2018 429 κανηφόρου·

1373 440 1439 487 ἐγὼ
1457 437 1484 474 δ’
1503 437 1697 474 ἀκολουθῶν
1714 435 1839 483 ᾄσομαι
1856 437 1895 470 τὸ
1913 435 2098 482 φαλλικόν·

1375 492 1420 527 σὺ
1438 491 1480 535 δ’,
1500 490 1526 525 ὦ
1543 489 1651 537 γύναι,
1671 489 1735 524 θεῶ
1753 488 1786 533 μ’
1806 489 1870 523 ἀπὸ
1889 490 1948 523 τοῦ
1966 487 2095 534 τέγους.
2123 487 2249 533 πρόβα.

1375 545 1499 588 Φαλῆς,
1519 544 1627 589 ἐταῖρε
1644 541 1803 587 Βακχίου,

1376 595 1542 643 ξύγκωμε,
1561 593 1845 640 νυκτοπεριπλάνη

1375 664 1424 688 τε,
1443 649 1553 694 μοιχὲ,
1572 646 1790 693 παιδεραστὰ,

1379 701 1461 749 ἕκτῳ
1481 701 1514 735 σ’
1535 701 1600 735 ἔτει
1617 700 1806 746 προσεῖπον
1823 697 1857 732 ἐς

1378 755 1437 788 τὸν
1455 754 1559 797 δῆμον
1576 752 1689 786 ἐλθὼν
1708 750 1865 795 ἅσμενος,

1381 806 1530 841 σπονδὰς
1547 805 1772 848 ποιησάμενος
1789 803 1887 847 ἐμαυ-

1380 861 1439 906 τῷ,
1458 858 1661 904 πραγμάτων
1678 871 1715 890 τε
1733 855 1787 894 καὶ
1803 857 1920 900 μαχῶν

1382 911 1436 945 καὶ
1454 911 1621 955 Λαμάχων
1639 906 1859 953 ἀπαλλαγείς.
2259 916 2318 947 270

1381 964 1503 1010 πολλῷ
1520 963 1586 1009 γάρ
1605 960 1681 995 ἐσθ’
1701 960 1805 1005 ἥδιον,
1826 959 1851 993 ὦ
1871 959 1982 1002 Φαλῆς
2000 958 2125 1001 Φαλῆς,

1384 1015 1596 1050 κλέπτουσαν
1613 1011 1743 1059 εὑρόνθ’
1764 1011 1884 1057 ὡρικὴν
1901 1011 2088 1056 ὑληφόρον.

1384 1068 1444 1112 τὴν
1461 1067 1701 1113 Στρυμοδώρου
1719 1067 1872 1110 θρᾷτταν
1889 1063 1925 1097 ἐκ
1942 1064 2002 1097 τοῦ
2020 1061 2188 1102 Φελλέως,

1383 1120 1491 1165 μέσην
1507 1118 1659 1161 λαβόντ’,
1679 1118 1813 1164 ἅραντα,
1834 1130 1931 1150 κατα-

1384 1174 1535 1215 βαλόντα
1553 1170 1839 1217 καταγιγαρτίσαι,

1386 1226 1497 1269 Φαλῆς
1515 1226 1639 1268 Φαλῆς.

1387 1278 1444 1312 ἐὰν
1460 1277 1536 1322 μεθ’
1554 1276 1646 1321 ἡμῶν
1662 1275 1817 1320 ξυμπίῃς,
1838 1275 1873 1309 ἐκ
1891 1275 2073 1320 κραιπάλης

1388 1330 1490 1365 ἕωθεν
1507 1328 1634 1376 εἰρήνης
1651 1326 1800 1375 ῥοφήσει
1817 1327 1991 1372 τρυβλίον·

1388 1383 1408 1427 ἡ
1426 1382 1455 1418 δ’
1474 1383 1577 1417 ἀσπὶς
1595 1382 1693 1429 ἐντῷ
1711 1381 1865 1427 φεψάλῳ
1884 1377 2093 1426 κρεμήσεται.

1387 1435 1485 1471 οὗτος
1500 1435 1599 1470 αὐτός
1617 1434 1721 1472 ἐστιν,
1741 1432 1851 1469 οὗτος.

1389 1489 1502 1531 βάλλε
1518 1487 1631 1530 βάλλε
1648 1487 1761 1528 βάλλε
1778 1486 1903 1528 βάλλε,

1390 1542 1467 1576 παῖε
1482 1540 1545 1575 πᾶς
1561 1540 1620 1573 τὸν
1636 1540 1767 1584 μιαρόν.

1391 1594 1430 1628 οὗ
1448 1594 1578 1634 βαλεῖς,
1598 1591 1637 1625 οὐ
1654 1592 1795 1633 βαλεῖς;
2223 1580 2320 1631 [στρ.

1387 1645 1579 1692 (Ηράκλεις,
1598 1644 1690 1678 τουτὶ
1707 1643 1740 1677 τί
1757 1643 1853 1682 ἐστι;
1882 1641 1941 1687 τὴν
1958 1641 2084 1688 χύτραν
2103 1640 2321 1687 συντρίψετε.

1391 1699 1432 1734 σὲ
1449 1698 1510 1743 μὲν
1527 1695 1585 1731 οὖν
1602 1695 1862 1740 καταλεύσομεν,
1882 1694 1908 1729 ὦ
1924 1697 2026 1741 μιαρὰ
2044 1692 2188 1740 κεφαλή.
2264 1697 2302 1728 28
2306 1706 2323 1738 5

1390 1751 1462 1786 ἀντὶ
1478 1750 1575 1785 ποίας
1592 1749 1709 1788 αἶτίας,
1730 1747 1904 1794 ὦχαρνέων
1919 1747 2108 1793 γεραίτατοι
2120 1759 2130 1786 ;

1391 1803 1480 1838 τοῦτ’
1500 1803 1644 1849 ἐρωτᾷς;
1673 1802 1894 1846 ἀναίσχυντος
1911 1797 2011 1834 εἶκαὶ
2027 1800 2205 1845 βδελυρὸς,

1394 1855 1421 1890 ὦ
1437 1855 1586 1902 προδότα
1602 1855 1661 1899 τῆς
1677 1853 1848 1899 πατρίδος,
1868 1852 1963 1888 ὅστις
1979 1851 2070 1896 ἡμῶν
2086 1853 2187 1896 μόνος
2265 1865 2324 1896 ²90

1395 1908 1621 1952 σπεισάμενος
1638 1903 1709 1942 εἶτα
1724 1904 1865 1941 δύνασαι
1883 1906 1965 1950 πρὸς
1983 1903 2031 1948 ἔμ’
2047 1903 2265 1945 ἀποβλέπειν.

1391 1961 1465 1996 ἀντὶ
1482 1959 1510 1996 δ’
1530 1959 1575 1995 ὧν
1593 1959 1801 2002 ἐσπεισάμην
1818 1957 1878 1991 οὐκ
1896 1955 2011 1991 δίδοτ’·
2032 1956 2110 1991 ἀλλ’
2127 1955 2306 1990 ἀκούσατε.

1391 2009 1457 2042 σοῦ
1490 2005 1522 2053 γ’
1554 2006 1748 2052 ἀκούσωμεν
1760 2033 1769 2047 ,
1812 2005 1942 2041 ἀπολεῖ·
1978 2005 2059 2039 κατά
2094 2018 2136 2038 σε
2170 2005 2326 2050 χώσομεν

1443 2060 1514 2095 τοῖς
1530 2059 1651 2095 λίθοις.
2266 2068 2325 2099 295

1389 2111 1557 2156 μηδαμῶς,
1585 2111 1664 2156 πρὶν
1681 2110 1721 2144 ἅν
1745 2107 1782 2156 γ’
1812 2108 1980 2153 ἀκούσητ’·
2009 2108 2086 2144 ἀλλ’
2118 2104 2310 2154 ἀνάσχεσθ’

1446 2162 1584 2207 ὦγαθοί.

1389 2215 1448 2250 οὐκ
1466 2213 1715 2260 ἀνασχήσομαι·
1744 2214 1826 2259 μηδὲ
1843 2214 1924 2261 λέγε
1941 2228 1998 2259 μοι
2016 2213 2061 2248 σὺ
2078 2215 2194 2259 λόγον·

1392 2268 1436 2303 ὣς
1453 2267 1620 2312 μεμίσηκά
1638 2281 1679 2303 σε
1698 2266 1851 2302 Κλέωνος
1868 2267 1916 2300 ἔτι
1933 2268 2076 2310 μᾶλλον,
2096 2265 2134 2300 ὃν

1393 2323 1562 2364 κατατεμῶ
1579 2321 1690 2354 τοῖσιν
1708 2320 1846 2354 ἱππεῦσι
1865 2317 2066 2360 καττύματα.

1393 2374 1458 2406 σοῦ
1472 2371 1499 2406 δ’
1513 2372 1578 2417 ἐγὼ
1591 2373 1715 2418 λόγους
1725 2371 1884 2416 λέγοντος
1897 2371 1956 2405 οὐκ
1970 2369 2155 2415 ἀκούσομαι
2164 2369 2320 2417 μακροὺς,

1392 2424 1488 2460 ὅστις
1506 2423 1656 2459 ἐσπείσω
1675 2424 1841 2463 Λάκωσιν,
1861 2423 1952 2457 ἀλλὰ
1969 2422 2209 2469 τιμωρήσομαι.

1387 2475 1523 2539 ὦγαθοι,
1542 2476 1619 2512 τοὺς
1635 2475 1696 2520 μὲν
1713 2476 1867 2511 Λάκωνας
1885 2475 2066 2510 ἐκποδὼν’
2050 2476 2183 2514 εάσατε,
2259 2487 2320 2520 305

1390 2532 1456 2563 τῶν
1479 2528 1507 2563 δ’
1533 2528 1619 2573 ἐμῶν
1646 2528 1801 2563 σπονδῶν
1827 2526 1996 2579 ἀκούσατ’,
2022 2527 2051 2562 εἶ
2077 2529 2185 2563 καλῶς
2209 2527 2322 2563 ἐσπει-

1444 2595 1565 2625 σαμην·
2218 2572 2326 2625 [ἅπαξ

1388 2636 1459 2668 πῶς
1480 2632 1508 2667 δ’
1531 2631 1576 2666 ἔτ’
1597 2632 1637 2667 ἂν
1659 2634 1769 2668 καλῶς
1790 2631 1905 2678 λέγοις
1928 2631 1980 2672 ἂν,
2003 2630 2096 2677 εἴπερ
2120 2632 2271 2667 ἐσπείσω
2291 2633 2325 2676 γ’

1393 2683 1484 2720 οἷσιν
1501 2686 1577 2719 οὔτε
1593 2685 1708 2728 βωμὸς
1726 2685 1802 2718 οὔτε
1818 2683 1935 2719 πίστις
1952 2683 2026 2717 οὔθ’
2046 2682 2144 2729 ὅρκος
2160 2683 2271 2728 μένει;

1391 2735 1452 2773 οἷδ’
1472 2737 1537 2779 ἐγὼ
1555 2737 1608 2771 καὶ
1625 2735 1703 2772 τοὺς
1720 2737 1886 2775 Λάκωνας,
1905 2732 1955 2771 οἷς
1972 2734 2056 2781 ἄγαν
2073 2735 2257 2782 ἐγκείμεθα,

1394 2791 1458 2836 οὐχ
1469 2790 1622 2824 ἁπάντων
1632 2787 1728 2824 ὄντας
1738 2787 1814 2833 ἡμῖν
1824 2787 1949 2824 αἰτίους
1959 2790 2025 2822 τῶν
2034 2789 2248 2834 πραγμάτων.
2264 2802 2282 2830 3
2290 2801 2327 2822 10

1395 2842 1460 2887 οὐχ
1473 2842 1637 2880 ἁπάντων,
1650 2839 1676 2874 ὦ
1689 2842 1855 2886 πανοῦργε
1867 2852 1876 2880 ;
1900 2842 2003 2874 ταῦτα
2017 2840 2056 2884 δὴ
2070 2841 2195 2885 τολμᾷς
2213 2840 2326 2886 λέγειν

1393 2895 1549 2940 ἐμφανῶς
1566 2893 1627 2937 ἤδη
1645 2893 1730 2938 πρὸς
1747 2891 1851 2936 ἡμᾶς;
1881 2888 1939 2926 εἶτ’
1958 2892 2023 2938 ἐγὼ
2042 2894 2107 2927 σοῦ
2124 2891 2312 2937 φείσομαι;

2262 2277 2324 2309 300

1341 2974 1348 2982 .
1390 2946 1455 2991 οὐχ
1473 2946 1625 2980 ἁπάντων
1642 2944 1707 2989 οὐχ
1724 2945 1888 2979 ἁπάντων·
1910 2943 1988 2979 ἀλλ’
2008 2945 2073 2991 ἐγὼ
2090 2944 2200 2988 λέγων
2218 2945 2270 2978 ὁδὶ

1392 2996 1495 3034 πόλλ’
1507 2997 1548 3031 ἂν
1560 2995 1764 3042 ἀποφήναιμ’
1779 2997 1921 3032 ἐκείνους
1934 2996 2011 3031 ἔσθ’
2026 2996 2047 3030 ἃ
2061 2996 2323 3041 κάδικουμένους.

2262 3062 2323 3093 315

1394 3101 1423 3136 εἷ
1442 3101 1487 3136 σὺ
1504 3099 1687 3145 τολμήσεις
1703 3101 1787 3147 ὑπὲρ
1804 3104 1870 3135 τῶν
1886 3101 2057 3145 πολεμίων
2073 3100 2149 3145 ἡμῖν
2165 3100 2279 3147 λέγειν

1392 3153 1451 3187 κάν
1467 3167 1508 3199 γε
1523 3153 1568 3197 μὴ
1586 3153 1677 3199 λέγω
1695 3153 1814 3193 δίκαια,
1832 3152 1915 3198 μηδὲ
1932 3156 1979 3199 τῷ
1996 3152 2118 3197 πλήθει
2136 3153 2234 3192 δοκῶ,

1394 3205 1478 3251 ὑπὲρ
1496 3203 1652 3249 ἐπιξήνου
1670 3204 1805 3249 θελήσω
1823 3205 1883 3250 τὴν
1898 3205 1997 3251 δέρην
2014 3206 2101 3251 ἔχων
2116 3205 2241 3252 λέγειν.

1393 3257 1466 3291 εἶπέ
1480 3270 1549 3301 μοι,
1569 3257 1602 3291 τί
1619 3257 1829 3302 φειδόμεσθα
1846 3260 1911 3291 τῶν
1927 3257 2043 3297 λίθων,
2063 3256 2089 3290 ὦ
2107 3257 2255 3301 δημόται,

1392 3308 1437 3353 μὴ
1456 3309 1494 3342 οὗ
1513 3308 1718 3352 καταξαίνειν
1734 3310 1792 3343 τὸν
1808 3309 1912 3355 ἄνδρα
1928 3311 2047 3343 τοῦτον
2064 3309 2098 3344 ἐς
2115 3309 2306 3354 φοινικίδα;

1391 3357 1463 3395 οἷον
1478 3358 1519 3395 αὖ
1535 3360 1645 3405 μέλας
1661 3375 1712 3397 τις
1727 3361 1804 3406 ὑμῖν
1821 3360 1993 3407 θυμάλωψ
2011 3361 2179 3403 ἐπέζεσεν.
2262 3375 2319 3405 3²¹

1393 3412 1453 3446 οὐκ
1470 3411 1656 3447 ἀκούσεσθ’
1672 3413 1732 3447 οὐκ
1749 3411 1935 3447 ἀκούσεσθ’
1954 3413 2056 3452 ἐτεὸν,
2076 3411 2297 3459 ὦχαρνηίδαι;

1392 3464 1452 3498 οὐκ
1469 3464 1706 3509 ἀκουσόμεσθα
1722 3465 1816 3509 δῆτα.
1861 3470 1920 3499 ΔΙ.
1944 3465 2034 3499 δεινά
2050 3464 2134 3510 τᾶρα
2149 3465 2320 3510 πείσομαι.

1392 3515 1581 3560 ἐξολοίμην,
1600 3515 1640 3561 ἢν
1657 3515 1802 3551 ἀκούσω.
1857 3522 1915 3552 ΔΙ.
1943 3516 2110 3562 μηδαμῶς,
2130 3515 2320 3563 ὦχαρνικοί.

1393 3571 1437 3607 ὡς
1454 3570 1619 3616 τεθνήξων
1634 3570 1710 3607 ἰ’σθι
1727 3573 1810 3607 νυνί.
2255 3580 2316 3612 3²5
