2488 3860
300 284 353 330 64·

401 386 519 422 παισὶν
534 386 737 434 προφρόνως
754 386 809 424 ἐπὶ
826 386 928 432 νίκην.

302 443 366 473 ΟΡ.
402 439 519 485 πάτερ,
539 441 715 486 τρόποισιν
731 439 771 474 οὔ
788 440 990 487 τυραννικοῖς
1007 439 1124 480 θανὼν,

402 491 582 538 αἰτουμένῳ
599 505 656 536 μοι
674 492 731 527 δὸς
748 492 868 538 κράτος
884 495 950 527 τῶν
968 495 1039 527 σῶν
1056 492 1176 536 δόμων.

408 543 509 586 κάγὼ,
529 544 645 590 πάτερ,
665 544 795 579 τοιάνδε
813 558 878 578 σου
895 543 1012 590 χρείαν
1029 544 1108 589 ἔχω,

406 596 538 641 φυγεῖν,
558 595 662 642 μέγαν
678 595 889 642 προσθεῖσαν
906 595 1059 643 Αἰγίσθῳ
1077 597 1194 642 μόρον.

406 645 492 681 οὕτω
509 647 575 693 γὰρ
593 647 633 682 ἅν
651 662 708 683 σοι
726 648 834 684 δαῖτες
851 649 980 692 ἔννομοι
997 649 1130 694 βροτῶν

405 699 572 742 κτιζοίατ’·
602 699 632 734 εἶ
649 700 686 734 δὲ
703 699 760 744 μὴ,
778 699 854 746 παρ’
875 699 1056 735 εὐδείπνοις
1073 700 1146 734 ἔσει

400 751 515 794 ἄτιμος
534 749 711 796 ἐμπύροισι
730 755 904 788 κνισωτοῖς
921 753 1053 796 χθονός.

410 803 500 849 κάγὼ
517 803 600 848 χοάς
618 817 674 837 σοι
692 804 751 847 τῆς
769 803 847 847 ἐμῆς
863 802 1072 848 παγκληρίας

407 854 492 890 οἴσω
510 853 671 903 πατρῴων
689 854 724 889 ἐκ
743 855 852 899 δόμων
868 853 1064 901 γαμηλίους·

408 908 540 942 πάντων
557 907 594 942 δὲ
611 910 744 953 πρῶτον
760 907 856 941 τόνδε
872 904 1079 952 πρεσβεύσω
1097 906 1218 951 τάφον.

412 958 438 993 ὦ
454 958 534 1006 γαῖ’,
554 958 629 994 ἅνες
645 972 702 1003 μοι
719 957 833 1004 πατέρ’
853 958 1057 992 ἐποπτεῦσαι
1073 958 1195 1002 μάχην.

308 1016 383 1046 HA.
414 1010 439 1045 ὦ
458 1011 709 1057 Περσέφασσα,
730 1011 787 1046 δὸς
804 1010 842 1045 δέ
858 1008 886 1043 τ’
906 1010 1077 1054 εὔμορφον
1091 1010 1223 1056 κράτος.

310 1069 375 1098 ΟΡ.
411 1063 560 1108 μέμνησο
578 1065 731 1109 λουτρῶν
748 1059 797 1097 οἷς
815 1060 1037 1106 ἐνοσφίσθης,
1056 1062 1175 1107 πάτερ.

309 1120 386 1150 HA.
414 1115 564 1160 μέμνησο
583 1114 610 1149 δ’
631 1114 895 1159 ἀμφίβληστρον
913 1110 940 1160 ᾦ
959 1112 991 1147 σ’
1012 1113 1193 1148 ἐκαίνισαν.

310 1173 376 1202 ΟΡ.
404 1167 520 1203 πέδαις
537 1166 564 1201 δ’
584 1165 802 1212 ἀχαλκεύτοις
821 1163 1009 1211 ἐθηρεύθης,
1029 1166 1147 1211 πάτερ.

310 1225 386 1254 ΗΛ.
415 1218 564 1265 αἰσχρῶς
581 1233 618 1253 τε
635 1219 874 1260 βουλευτοῖσιν
892 1217 926 1251 ἐν
944 1215 1168 1262 καλύμμασιν.

312 1277 376 1305 ΟΡ.
419 1269 468 1317 ἆρ’
489 1270 647 1317 ἐξεγείρει
665 1269 771 1304 τοῖσδ’
791 1269 965 1309 ὀνείδεσιν,
985 1271 1110 1315 πάτερ;

312 1329 386 1358 HA.
416 1322 465 1369 ἆρ’
486 1322 586 1369 ὀρθὸν
603 1320 706 1367 α’ίρεις
723 1322 892 1367 φίλτατον
909 1323 947 1357 τὸ
967 1322 1030 1356 σὸν
1048 1322 1152 1368 κάρα;

314 1381 379 1411 ΟΡ.
410 1377 483 1419 ἤτοι
501 1375 593 1418 δίκην
609 1372 708 1409 ’ίαλλε
727 1372 906 1420 σύμμαχον
924 1374 1052 1420 φίλοις,

414 1426 434 1471 ἢ
453 1428 512 1463 τὰς
529 1426 645 1471 ὁμοίας
663 1426 794 1463 ἀντίδος
811 1427 948 1469 βλάβας
964 1427 1095 1467 λαβεῖν,

415 1477 508 1524 εἴπερ
523 1480 698 1528 κρατηθείς
714 1477 746 1526 γ’
765 1479 970 1523 ἀντινικῆσαι
988 1477 1113 1512 θέλεις.

417 1532 471 1566 καὶ
488 1530 583 1575 τῆσδ’
602 1532 746 1566 ἅκουσον
763 1530 922 1565 λοισθίου
939 1531 1035 1574 βοῆς,
1054 1530 1172 1576 πάτερ,

417 1583 498 1621 ἰδὼν
514 1583 679 1620 νεοσσοὺς
696 1582 811 1618 τούσδ’
827 1582 1012 1628 ἐφημένους
1029 1582 1140 1627 τάφῳ·

418 1636 558 1683 οἴκτειρε
576 1636 681 1681 θῆλυν
698 1636 839 1682 ἄρσενός
857 1633 887 1669 θ’
906 1636 989 1679 ὁμοῦ
1005 1634 1118 1680 γόνον·

419 1689 472 1723 καὶ
489 1689 533 1734 μὴ
551 1688 733 1734 ’ξαλείψῃς
752 1687 885 1734 σπέρμα
902 1686 1102 1721 Πελοπιδῶν
1119 1685 1208 1719 τόδε.

419 1740 505 1776 οὕτω
522 1741 588 1788 γὰρ
606 1741 645 1775 οὔ
664 1739 820 1783 τέθνηκας
838 1738 915 1773 οὐδέ
932 1752 995 1784 περ
1010 1737 1129 1772 θανών.

418 1794 533 1828 παῖδες
550 1794 615 1839 γὰρ
629 1793 723 1838 ἀνδρὶ
742 1792 899 1835 κληδόνες
917 1789 1078 1836 σωτήριοι

420 1845 562 1880 θανόντι·
593 1845 721 1890 φελλοὶ
739 1843 767 1878 δ’
788 1844 831 1879 ὣς
849 1842 972 1889 ἵίγουσι
990 1842 1134 1881 δίκτυον,

419 1899 477 1932 τὸν
496 1898 531 1931 ἐκ
548 1897 657 1939 βυθοῦ
676 1897 856 1941 κλωστῆρα
875 1895 1039 1937 σώζοντες
1056 1893 1168 1927 λίνου.

419 1949 523 1989 ἄκου’,
543 1950 627 1993 ὑπὲρ
646 1951 711 1983 σοῦ
729 1947 832 1982 τοιάδ’
852 1946 923 1981 ἔστ’
943 1945 1125 1990 ὀδύρματα.

420 1999 519 2034 αὐτὸς
538 1999 574 2032 δὲ
593 1998 693 2039 σώζει
711 1996 806 2030 τόνδε
824 1993 967 2039 τιμήσας
983 1994 1099 2039 λόγον.

420 2050 473 2083 καὶ
491 2048 555 2093 μὴν
572 2048 708 2092 ἀμεμφῆ
726 2044 813 2080 τόνδ’
834 2045 999 2087 ἐτεινάτην
1015 2044 1132 2088 λόγον,

421 2102 545 2143 τίμημα
562 2097 692 2143 τύμβου
710 2099 768 2142 τῆς
785 2097 813 2131 τ’
832 2097 1037 2141 ἀνοιμώκτου
1054 2094 1168 2141 τύχης.

421 2152 463 2185 τὰ
481 2152 510 2186 δ’
527 2150 618 2190 ἀλλ’,
639 2150 750 2194 ἐπειδὴ
770 2150 851 2196 δρᾶν
869 2148 1087 2194 κατώρθωσαι
1105 2146 1217 2194 φρενὶ,

422 2204 530 2250 ἔρδοις
548 2203 588 2237 ἂν
605 2202 678 2247 ἤδη,
699 2202 854 2243 δαίμονος
869 2202 1083 2247 πειρώμενος.

416 2256 522 2290 ἔσται·
552 2254 719 2290 πυθέσθαι
738 2253 766 2288 δ’
786 2253 883 2288 οὐδέν
902 2253 974 2287 ἐστ’
991 2252 1055 2296 ἔξω
1074 2253 1211 2299 δρόμου,

422 2307 525 2342 πόθεν
542 2307 626 2352 χοὰς
643 2306 807 2352 ἔπεμψεν,
828 2306 864 2340 ἐκ
881 2304 971 2340 τίνος
987 2305 1094 2350 λόγου

424 2358 631 2405 μεθύστερον
648 2357 767 2403 τιμῶσ’
786 2356 969 2402 ἀνήκεστον
985 2356 1112 2396 πάθος;

425 2411 556 2446 θανόντι
575 2410 616 2451 δ’,
636 2410 675 2444 οὐ
693 2411 887 2456 φρονοῦντι,
907 2409 1037 2443 δειλαία
1053 2409 1151 2455 χάρις

426 2462 595 2508 ἐπέμπετ’·
624 2462 683 2497 οὐκ
701 2461 806 2507 ἔχοιμ’
826 2462 866 2496 ἂν
884 2461 1015 2495 εἰκάσαι
1033 2461 1113 2495 τάδε

426 2516 467 2549 τὰ
486 2516 586 2561 δῶρα,
605 2515 686 2559 μείω
706 2514 734 2548 δ’
754 2514 829 2549 ἐστὶ
847 2515 904 2558 τῆς
922 2512 1094 2559 ἁμαρτίας.

427 2568 468 2602 τὰ
484 2567 592 2601 πάντα
608 2567 673 2613 γάρ
691 2580 742 2602 τις
760 2566 876 2611 ἐκχέας
894 2565 963 2600 ἀνθ’
984 2563 1120 2609 αἵματος

428 2620 511 2659 ἑνὸς,
530 2620 635 2663 μάτην
653 2621 671 2652 ὁ
689 2618 830 2663 μόχθος·
859 2617 915 2652 ὧδ’
934 2618 1005 2662 ἔχει
1021 2618 1138 2661 λόγος.

428 2670 564 2705 θέλοντι
582 2671 622 2710 δ’,
643 2668 735 2716 ε’ίπερ
753 2666 854 2710 οἷσθ’,
875 2669 948 2714 ἐμοὶ
966 2669 1104 2715 φράσον
1121 2668 1211 2702 τάδε.

428 2720 502 2762 οἶδ’,
523 2722 548 2756 ὦ
565 2723 690 2761 τέκνον,
709 2723 797 2768 παρῆ
814 2722 891 2768 γάρ·
922 2722 957 2755 ἔκ
974 2720 1002 2755 τ’
1022 2721 1198 2767 ὀνειράτων

428 2775 481 2809 καὶ
499 2774 768 2820 νυκτιπλάγκτων
786 2774 947 2815 δειμάτων
964 2772 1156 2818 πεπαλμένη

429 2826 512 2872 χοὰς
530 2826 663 2871 ἔπεμψε
681 2826 786 2860 τάσδε
804 2824 947 2860 δύσθεος
963 2824 1059 2871 γυνή.

428 2877 448 2922 ἦ
468 2879 521 2912 καὶ
538 2876 692 2913 πέπυσθε
710 2878 842 2924 τοῦναρ,
862 2876 944 2911 ὥστ’
964 2876 1071 2922 ὀρθῶς
1089 2877 1222 2922 φράσαι
1238 2902 1245 2910 .

430 2931 537 2965 τεκεῖν
555 2928 703 2976 δράκοντ’
723 2929 850 2972 ἔδοξεν,
870 2929 915 2964 ὣς
932 2928 1013 2972 αὐτὴ
1031 2928 1138 2974 λέγει.

430 2983 483 3017 καὶ
500 2983 560 3017 ποῖ
575 2982 715 3026 τελευτᾷ
733 2981 786 3015 καὶ
804 2983 1000 3026 καρανοῦται
1018 2981 1141 3023 λόγος;

432 3034 467 3068 ἐν
485 3031 713 3078 σπαργάνοισι
731 3033 847 3067 παιδὸς
865 3032 1004 3078 ὁρμίσαι
1023 3029 1117 3074 δίκην

431 3086 520 3122 τίνος
537 3085 643 3131 βορᾶς
660 3081 836 3130 χρῄζοντα,
857 3084 1004 3130 νεογενὲς
1022 3083 1144 3124 δάκος;

430 3137 512 3179 αὐτὴ
529 3136 706 3181 προσέσχε
721 3137 853 3179 μαστὸν
871 3135 906 3170 ἐν
922 3134 1105 3180 τώνείρατι.

431 3189 485 3223 καὶ
501 3191 572 3223 πῶς
589 3186 737 3232 ἄτρωτον
754 3185 857 3232 οὖθαρ
875 3184 915 3228 ἦν
932 3186 997 3220 ὑπὸ
1016 3184 1161 3231 στύγους
1177 3195 1186 3225 ;

330 3247 403 3277 ΧΟ.
433 3238 515 3275 ὥστ’
535 3239 571 3274 ἐν
587 3239 729 3283 γάλακτι
747 3237 897 3283 θρόμβον
915 3235 1051 3281 αἵματος
1070 3237 1213 3271 σπάσαι.

333 3299 398 3328 ΟΡ.
432 3294 524 3326 οὔτοι
541 3291 679 3335 μάταιον
697 3289 816 3335 ἀνδρὸς
834 3288 965 3335 ὄψανον
981 3287 1094 3323 πέλει.

332 3351 403 3381 XO.
433 3343 452 3388 ἡ
473 3343 501 3378 δ’
521 3343 559 3386 ἐξ
576 3340 681 3376 ὕπνου
699 3340 856 3387 κέκραγεν
874 3339 1068 3384 ἐπτοημένη·

435 3395 562 3431 πολλοὶ
580 3393 607 3429 δ’
627 3392 784 3437 ἀνῆλθον,
805 3391 1077 3437 ἐκτυφλωθέντες
1095 3393 1207 3440 σκότῳ

434 3447 628 3492 λαμπτῆρες
645 3445 681 3480 ἐν
698 3445 834 3489 δόμοισι
853 3444 1032 3487 δεσποίνης
1049 3444 1159 3489 χάριν·

435 3498 558 3543 πέμπει
575 3496 603 3531 τ’
623 3497 736 3532 ἔπειτα
752 3496 857 3530 τάσδε
875 3495 1023 3539 κηδείους
1040 3496 1135 3541 χοὰς,

439 3550 517 3587 ἄκος
533 3550 670 3596 τομαῖον
687 3547 864 3586 ἐλπίσασα
879 3547 1050 3593 πημάτων.

302 548 377 578 ΗΛ.

304 652 368 682 ΟΡ.

305 807 381 838 HA.

308 964 373 994 ΟΡ.

315 1536 388 1566 HA.

319 2054 389 2083 XO.

321 2262 385 2291 ΟΡ.

326 2728 399 2759 ΧΟ.

329 2885 394 2914 ΟΡ.

327 2937 402 2967 ΧΟ.

329 2989 395 3018 ΟΡ.

329 3038 401 3070 ΧΟ.

331 3093 395 3122 ΟΡ.

333 3145 402 3175 ΧΟ.

331 3195 397 3224 ΟΡ.

1268 497 1331 536 480

1210 288 1516 341 ΑΙΣΧὙΛΟΎ·ν

1372 396 1436 426 ΟΡ.
1469 389 1546 425 ἀλλ’
1567 390 1706 434 εὔχομαι
1722 389 1766 434 γῇ
1784 387 1862 432 τῇδε
1881 387 1934 422 καὶ
1949 388 2075 434 πατρὸς
2092 387 2191 435 τάφῳ

1472 443 1639 486 τοῦνειρον
1657 436 1738 474 εἶναι
1755 441 1845 474 τοῦτ’
1863 439 1936 484 ἐμοὶ
1952 440 2179 485 τελεσφόρον.

1473 493 1571 539 κρίνω
1590 492 1628 526 δέ
1643 492 1696 526 τοί
1713 505 1762 526 νιν
1779 491 1869 526 ὥστε
1886 492 2085 538 συγκόλλως
2102 492 2203 536 ἔχειν.

1474 544 1502 578 εἷ
1519 546 1584 591 γὰρ
1601 544 1659 578 τὸν
1676 543 1776 577 αὐτὸν
1792 546 1905 590 χῶρον
1922 543 2083 578 ἐκλείπων
2101 543 2174 588 ἐμοὶ

1474 595 1575 641 οὕφις
1592 591 1752 630 ἱ’σετι-ασα
1770 595 1975 641 σπαργάνοις
1992 595 2168 638 ὡπλίζετο,

1475 649 1527 682 καὶ
1544 648 1674 692 μαστὸν
1691 645 1885 692 ἀμφέχασκ’
1904 646 1982 691 ἐμὸν
1999 645 2209 693 θρεπτήριον,

1475 700 1613 747 θρόμβῳ
1632 698 1661 733 δ’
1680 698 1791 743 ἔμιξεν
1808 696 1944 743 αἵματος
1961 699 2067 744 φίλον
2083 700 2185 746 γάλα,

1475 751 1494 795 ἡ
1514 751 1542 786 δ’
1562 751 1651 796 ἀμφὶ
1668 751 1786 796 τάρβει
1803 749 1878 798 τῷδ’
1898 749 2075 799 ἐπῴμωξεν
2090 751 2201 791 πάθει,

1477 805 1528 838 δεῖ
1543 803 1596 837 τοί
1613 817 1674 843 νιν,
1694 803 1739 838 ὡς
1756 802 1902 848 ἔθρεψεν
1918 802 2086 849 ἔκπαγλον
2102 803 2209 849 τέρας,

1478 855 1586 890 θανεῖν
1602 854 1732 897 βιαίως·
1762 853 2036 901 ἐκδρακοντωθεὶς
2053 854 2081 890 δ’
2102 855 2167 902 ἐγὼ

1478 911 1578 942 κτενῶ
1597 922 1657 947 νιν,
1677 907 1722 942 ὣς
1738 908 1907 952 τοῦνειρον
1924 906 2049 941 ἐννέπει
2065 907 2156 942 τόδε.

1477 961 1685 1006 τερασκόπον
1703 959 1740 993 δὲ
1757 958 1862 993 τῶνδέ
1878 958 1911 993 σ’
1931 959 2087 1004 αἱροῦμαι
2103 958 2193 1005 πέρι.

1276 1019 1339 1053 490
1378 1017 1447 1048 XO.
1475 1011 1604 1058 γένοιτο
1623 1008 1653 1045 δ’
1671 1008 1788 1046 οὕτως.
1816 1009 1927 1045 τᾶλλα
1945 1010 1973 1045 δ’
1993 1010 2114 1056 ἐξηγοῦ
2131 1010 2259 1056 φίλοις,

1280 1277 1340 1312 495

1284 1538 1345 1571 500

1288 1796 1348 1831 505

1290 2052 1351 2086 510

1293 2313 1353 2346 5¹5

1298 2574 1357 2606 5²0

1299 2832 1358 2867 525

1302 3093 1365 3126 530

1306 3353 1364 3386 535

1479 1063 1557 1099 τοὺς
1574 1062 1635 1108 μέν
1651 1077 1683 1097 τι
1701 1064 1820 1102 ποιεῖν,
1839 1062 1917 1098 τοὺς
1935 1063 1971 1097 δὲ
1988 1061 2033 1107 μή
2051 1077 2084 1097 τι
2102 1063 2184 1108 δρᾶν
2200 1062 2324 1109 λέγων.

1478 1117 1606 1150 ἁπλοῦς
1625 1117 1642 1149 ὁ
1660 1114 1777 1159 μῦθος·
1806 1113 1903 1158 τήνδε
1919 1115 1980 1159 μὲν
1999 1115 2147 1160 στείχειν
2163 1115 2245 1149 ἔσω·

1480 1167 1559 1202 αἰνῶ
1578 1167 1614 1202 δέ
1632 1165 1787 1213 κρύπτειν
1804 1167 1909 1201 τάσδε
1927 1165 2093 1211 συνθήκας
2110 1167 2202 1211 ἐμὰς,

1482 1220 1525 1255 ὡς
1542 1219 1582 1253 ἂν
1599 1219 1690 1266 δόλῳ
1709 1219 1890 1254 κτείναντες
1907 1218 2009 1265 ἄνδρα
2026 1219 2135 1263 τίμιον

1482 1272 1572 1318 δόλῳ
1590 1285 1627 1305 τε
1645 1271 1698 1305 καὶ
1715 1270 1897 1316 ληφθῶσιν
1915 1271 1950 1305 ἐν
1966 1271 2074 1318 ταύτῷ
2092 1272 2211 1317 βρόχῳ

1483 1323 1648 1363 θανόντες,
1667 1320 1690 1367 ᾗ
1707 1324 1760 1357 καὶ
1777 1322 1900 1366 Λοξίας
1918 1321 2096 1368 ἐφήμισεν,

1483 1375 1565 1419 ἅναξ
1582 1374 1773 1415 Ἀπόλλων,
1792 1375 1907 1420 μάντις
1924 1374 2076 1421 ἀψευδὴς
2093 1376 2131 1409 τὸ
2148 1374 2241 1421 πρίν.

1484 1427 1567 1474 ξένῳ
1584 1428 1650 1474 γὰρ
1668 1427 1774 1467 εἰκὼς,
1793 1428 1939 1471 παντελῆ
1959 1427 2067 1473 σάγην
2084 1427 2182 1472 ἔχων,

1484 1480 1553 1524 ἥξω
1573 1480 1636 1514 σὺν
1653 1479 1747 1525 ἀνδρὶ
1764 1477 1840 1527 τῷδ’
1860 1477 1915 1524 ἐφ’
1935 1478 2080 1525 ἑρκείους
2097 1477 2206 1514 πύλας

1486 1532 1639 1575 Πυλάδῃ,
1659 1530 1754 1574 ξένος
1771 1545 1809 1565 τε
1826 1531 1880 1565 καὶ
1898 1529 2076 1576 δορύξενος
2093 1531 2215 1575 δόμων.

1486 1583 1588 1629 ἄμφω
1607 1583 1643 1618 δὲ
1661 1582 1777 1628 φωνὴν
1794 1582 1920 1627 ἥσομεν
1937 1582 2145 1629 Παρνασίδα,

1486 1637 1652 1682 γλώσσης
1670 1635 1772 1679 ἀϋτὴν
1789 1635 1937 1671 Φωκίδος
1954 1634 2153 1679 μιμουμένω.

1489 1688 1542 1722 καὶ
1560 1687 1599 1731 δὴ
1619 1687 1776 1734 θυρωρῶν
1793 1689 1883 1722 οὔτις
1901 1687 1941 1721 ἂν
1958 1687 2085 1734 φαιδρᾷ
2102 1687 2202 1732 φρενὶ

1490 1739 1624 1784 δέξαιτ’,
1644 1739 1756 1784 ἐπειδὴ
1776 1740 1914 1784 δαιμονᾷ
1932 1739 2034 1783 δόμος
2051 1740 2174 1774 κακοῖς.

1490 1794 1651 1837 μενοῦμεν
1669 1789 1773 1827 οὕτως
1791 1790 1872 1826 ὥστ’
1892 1791 2073 1833 ἐπεικάζειν
2090 1791 2164 1825 τινὰ

1490 1845 1604 1889 δομοις
1621 1843 1892 1890 παραστείχοντα
1909 1843 1962 1877 καὶ
1979 1842 2050 1877 τάδ’
2070 1842 2226 1877 ἐννέπειν·

1491 1895 1524 1931 τί
1542 1895 1581 1939 δὴ
1599 1894 1742 1931 πύλαισι
1761 1896 1819 1930 τὸν
1837 1895 1946 1939 ἱκέτην
1963 1895 2146 1941 ἀπείργετε,

1487 1946 1652 1993 Αἴγισθος
1669 1944 1762 1991 εἴπερ
1780 1944 1869 1982 οἶδεν
1885 1945 2024 1989 ἔνδημος
2040 1945 2175 1988 παρών;

1490 1998 1518 2033 εἶ
1536 1998 1564 2033 δ’
1584 1997 1643 2033 οὖν
1660 1998 1796 2044 ἀμείψω
1814 1997 1923 2039 βαλὸν
1940 1992 2072 2037 ἑρκείων
2089 1994 2217 2035 πυλῶν,

1492 2051 1639 2085 κάκεῖνον
1657 2049 1692 2084 ἐν
1710 2049 1879 2096 θρόνοισιν
1897 2048 2030 2094 εὑρήσω
2047 2046 2183 2091 πατρὸς,

1489 2101 1509 2146 ἢ
1529 2103 1581 2137 καὶ
1598 2103 1713 2147 μολὼν
1730 2101 1843 2137 ἔπειτά
1859 2114 1916 2145 μοι
1935 2099 2016 2134 κατὰ
2034 2099 2144 2141 στόμα

1492 2154 1570 2200 ἐρεῖ,
1590 2154 1675 2199 σάφ’
1693 2152 1778 2194 ἴσθι,
1799 2154 1851 2187 καὶ
1865 2150 1933 2186 κατ’
1952 2148 2151 2197 ὀφθαλμοὺς
2167 2148 2278 2190 βαλεῖ,

1491 2207 1570 2253 πρὶν
1587 2206 1687 2240 αὐτὸν
1705 2205 1819 2245 εἰπεῖν,
1838 2204 1990 2239 ποδαπὸς
2008 2204 2026 2237 ὁ
2045 2201 2138 2245 ξένος
2154 2213 2162 2240 ;
2192 2199 2306 2245 νεκρὸν

1493 2257 1599 2303 θήσω,
1618 2259 1762 2293 ποδώκει
1779 2256 1973 2303 περιβαλὼν
1990 2251 2208 2300 χαλκεύματι.
2328 2258 2331 2259 ’

1492 2311 1601 2356 φόνου
1619 2309 1648 2344 δ’
1666 2309 1797 2356 Ἐρινὺς
1815 2309 1879 2354 οὐχ
1896 2305 2170 2350 ὑπεσπανισμένη

1494 2363 1635 2408 ἄκρατον
1653 2359 1733 2406 αἷμα
1748 2362 1858 2397 πίεται
1875 2359 1989 2406 τρίτην
2005 2360 2121 2394 πόσιν.

1494 2417 1551 2450 νῦν
1569 2412 1628 2448 οὖν
1646 2414 1691 2449 σὺ
1708 2413 1769 2458 μὲν
1786 2412 1951 2458 φύλασσε
1968 2411 2028 2445 τάν
2046 2407 2125 2456 οἴκῳ
2143 2409 2263 2447 καλῶς,

1494 2466 1584 2502 ὅπως
1601 2465 1643 2501 ἂν
1660 2466 1845 2513 ἀρτίκολλα
1863 2463 2032 2508 συμβαίνῃ
2051 2463 2141 2496 τάδε·

1496 2519 1571 2563 ὑμῖν
1589 2517 1617 2552 δ’
1639 2519 1760 2554 ἐπαινῶ
1777 2519 1944 2564 γλῶσσαν
1962 2516 2114 2560 εὔφημον
2131 2512 2259 2559 φέρειν,

1497 2572 1597 2617 σιγᾶν
1617 2570 1650 2605 θ’
1670 2570 1754 2605 ὅπου
1773 2570 1823 2604 δεῖ
1840 2570 1893 2603 καὶ
1909 2567 2022 2614 λέγειν
2039 2567 2080 2600 τὰ
2099 2564 2220 2611 καίρια.

1499 2623 1540 2656 τὰ
1558 2622 1585 2656 δ’
1608 2622 1697 2657 ἅλλα
1714 2621 1821 2669 τούτῳ
1840 2619 1926 2664 δεῦρ’
1948 2620 2152 2654 ἐποπτεῦσαι
2168 2616 2272 2663 λέγω,

1497 2674 1713 2722 ξιφηφόρους
1731 2675 1859 2720 ἀγῶνας
1877 2670 2066 2718 ὀρθώσαντί
2082 2683 2152 2715 μοι.

1399 2732 1467 2762 XO.
1495 2728 1613 2762 πολλὰ
1629 2727 1690 2771 μὲν
1706 2728 1751 2772 γᾶ
1764 2725 1882 2772 τρέφει

1500 2779 1590 2814 δεινὰ
1609 2779 1769 2823 δειμάτων
1787 2778 1864 2822 ἄχη,

1500 2831 1631 2865 πόντιαί
1649 2830 1677 2865 τ’
1696 2831 1839 2877 ἀγκάλαι
1858 2829 2035 2864 κνωδάλων

1501 2883 1643 2918 ἀνταίων
1660 2884 1818 2927 βροτοῖσι

1502 2934 1686 2973 πλάθουσι,
1705 2935 1903 2976 βλαστοῦσι
1921 2933 1974 2966 καὶ
1990 2930 2182 2975 πεδαίχμιοι

1501 2987 1675 3030 λαμπάδες
1692 2986 1862 3032 πεδάοροι,

1503 3039 1612 3073 πτανά
1629 3053 1665 3072 τε
1683 3039 1736 3072 καὶ
1754 3038 1981 3081 πεδοβάμονα,
2001 3033 2240 3080 κᾶνεμοέντων-

1504 3090 1642 3135 αἰγίδων
1660 3090 1792 3135 φράσαι
1811 3091 1919 3123 κότον.

1505 3141 1584 3176 ἀλλ’
1604 3142 1815 3187 ὑπέρτολμον
1832 3141 1888 3175 ἀν-

1506 3194 1586 3238 δρὸς
1604 3194 1758 3239 φρόνημα
1776 3193 1826 3228 τίς
1842 3193 1939 3239 λέγοι

1379 1122 1444 1152 ΟΡ.

2306 2717 2316 2731 Ι

2190 2734 2266 2768 πρ.
2286 2734 2327 2755 α.

2340 656 2405 691 545

2343 915 2406 950 550

2350 1176 2410 1210 555

2328 1428 2416 1470 ,560

2358 1688 2417 1771 5ρε

2355 1948 2416 1980 570

2359 2208 2417 2240 575
2458 2252 2461 2255 η

2363 2461 2425 2502 580

2369 2721 2428 2764 585

2373 2990 2434 3023 590

2374 3170 2471 3262 595·

1507 3245 1560 3280 καὶ
1579 3248 1741 3291 γυναικῶν
1759 3245 1887 3290 φρεσὶν
1904 3243 2089 3288 τλημόνων,
2301 3246 2374 3284 ὼγ,
2393 3263 2415 3285 0
2426 3275 2437 3286 ,

1510 3297 1560 3331 καὶ
1579 3298 1791 3340 παντόλμους

1508 3349 1634 3393 ἔρωτας
1651 3349 1765 3382 ἄταισι
1784 3349 1969 3392 συννόμους
1985 3348 2139 3393 βροτῶν;

1508 3399 1671 3445 ξυζύγους
1692 3400 1721 3435 δ’
1745 3399 1930 3444 ὁμαυλίας;

1511 3451 1720 3496 θηλυκρατὴς
1737 3451 1906 3497 ἀπέρωτος
1924 3451 2007 3496 ἔρως
2023 3449 2186 3496 παρανικᾷ

1512 3504 1691 3539 κνωδάλων
1708 3517 1745 3537 τε
1764 3504 1816 3537 καὶ
1833 3505 1976 3548 βροτῶν.

1615 3572 1628 3591 ⁰
1651 3572 1790 3611 σεπασα]
1814 3572 1913 3610 ἐμοῖσι
1932 3572 2101 3604 Porsonus.

2378 3447 2442 3482 ⁶00
