2488 3860
229 251 312 291 500

228 355 289 384 TP.

226 511 284 542 IE.

226 617 285 648 ΊῚζ

225 774 282 805 ΙΕ.

226 828 288 857 ΤΡ.

226 880 282 910 IE.

224 932 288 962 'TP.

226 1090 283 1120 IE.

226 1143 289 1173 ΤΡ.

226 1195 284 1225 IE.

226 1248 290 1278 TP.

227 1300 282 1330 IE.

226 1353 289 1383 TP.

226 1457 283 1488 IE.

226 1511 289 1541 TP.

227 1722 283 1752 IE.

227 1828 289 1857 TP.

228 1879 289 1910 TP.

226 1981 282 2011 01.

230 2241 300 2274 XO.

1061 259 1524 299 ΑΡΙΣΤΟΦΑΝΟΤΣ

329 350 408 386 ἀλλ’
420 353 439 386 ὁ
458 352 572 398 σοφός
588 366 641 388 τοι
654 352 692 399 νὴ
705 352 761 389 Δί’
768 353 925 422 Ομηρος
935 355 1045 400 δεξιὸν
1063 355 1166 392 εἶπεν·
1187 359 1291 403 1096¹

329 401 503 451 ἀφρήτωρ,
523 405 715 450 ἀθέμιστος,
735 408 888 445 ἀνέστιός
906 408 1000 444 ἐστιν
1018 408 1149 450 ἐκεῖνος,

330 454 367 492 ὃς
384 456 573 502 πολέμου”
554 472 666 505 εραται
684 459 894 505 ἐπιδημίου’
877 463 1079 508 οκρυόεντος.

330 508 458 573 φράζεο
477 510 529 555 δὴ,
549 509 594 556 μή
613 513 684 548 πώς
702 527 744 548 σε
762 514 852 562 δόλῳ
871 514 997 560 φρένας
1014 513 1226 560 ἐξαπατήσας

330 560 451 598 ἰκτῖνος
466 563 589 610 μάρψῃ
1186 581 1266 603 1100

654 619 747 654 τουτὶ
763 619 877 664 μέντοι
896 618 942 654 σὺ
959 620 1147 686 φυλάττου,

329 666 374 702 ὣς
385 665 482 703 οὗτος
493 668 645 716 φοβερὸς
655 673 725 707 τοῖς
737 673 977 719 σπλάγχνοις’
959 672 1053 707 εστὶν
1066 674 1084 707 ὁ
1095 673 1262 718 χρησμός

329 719 422 765 ἔγχει
440 720 480 765 δὴ
500 722 649 767 σπονδὴν
670 724 724 758 καὶ
747 727 813 759 τῶν
831 725 1039 771 σπλάγχνων
1056 725 1140 770 φέρε
1159 725 1261 772 δευρί.

317 771 408 823 ’ἀλλ’
427 771 457 806 εἰ
474 775 577 809 ταῦτα
594 775 694 816 δοκεῖ,
715 776 804 823 κάγὼ
821 776 944 825 ’μαυτῷ
959 775 1174 820 βαλανεύσω.

328 824 458 869 σπονδὴ
478 825 621 872 σπονδή.

329 876 423 922 ἔγχει
440 877 480 922 δὴ
499 878 597 924 κάμοὶ
614 881 668 915 και
682 881 890 928 σπλάγχνων
903 884 1021 928 μοῖραν
1035 865 1164 928 ορεξον.
1185 896 1196 916 1
1206 893 1261 926 105

330 929 409 964 ἀλλ’
428 931 521 966 οὔπω
538 932 627 967 τοῦτ’
647 933 722 968 ε’στὶ
739 934 846 980 φίλον
862 935 1051 980 μακάρεσσι
1070 933 1210 969 θεοῖσιν·

328 981 420 1018 ἀλλὰ
433 983 510 1018 τόδε
521 986 696 1032 πρότερον,
713 986 867 1021 σπένδειν
885 985 979 1031 ἡμᾶς,
993 987 1034 1020 σὲ
1053 986 1081 1021 δ’
1094 986 1262 1022 ἀπελθεῖν.

330 1033 356 1068 ὦ
373 1034 478 1070 πότνι’
494 1036 632 1083 Εἰρήνη,
651 1039 852 1085 παράμεινον
869 1040 927 1074 τὸν
943 1038 1022 1078 βίον
1038 1037 1126 1083 ἡμῖν.

328 1088 508 1135 πρόσφερε
525 1088 584 1134 τὴν
600 1092 767 1137 γλῶτταν.

681 1141 726 1178 σὺ
743 1141 780 1178 δὲ
798 1142 858 1188 τὴν
876 1145 1002 1178 σαυτοῦ
1018 1142 1051 1191 γ’
1069 1143 1262 1191 ἀπένεγκον.

1185 1210 1264 1232 1110

500 1246 553 1281 καὶ
570 1247 665 1282 ταυτὶ
681 1247 765 1293 μετὰ
782 1249 840 1292 τῆς
859 1249 1007 1293 σπονδῆς
1023 1248 1108 1290 λαβὲ
1128 1248 1261 1285 θᾶττον.

328 1297 435 1334 οὐδεὶς
451 1299 649 1345 προσδώσει
665 1314 723 1346 μοι
741 1301 973 1348 σπλάγχνων·
964 1327 973 1342 ,

1001 1353 1040 1388 οὗ
1057 1353 1122 1400 γὰρ
1140 1350 1212 1389 οἷόν
1228 1368 1264 1389 τε

330 1401 407 1447 ἡμῖν
423 1398 654 1450 προσδιδόναι,
672 1405 752 1452 πρίν
769 1419 824 1441 κεν
840 1404 943 1442 λύκος
961 1402 1012 1441 οἶν
1025 1406 1183 1451 ὑμεναιοῖ.

329 1456 381 1490 ναὶ
398 1457 482 1503 πρὸς
498 1460 564 1492 τῶν
580 1458 742 1504 γονάτων.

757 1510 882 1552 ἄλλως,
903 1510 929 1545 ὦ
947 1513 1018 1551 τᾶν,
1040 1509 1204 1547 ἱκετεύεις·

329 1560 369 1608 ού
386 1561 452 1608 γὰρ
469 1560 622 1606 ποιήσεις
638 1564 732 1598 λεῖον
748 1564 807 1598 τὸν
823 1563 949 1610 τραχὺν
967 1564 1089 1609 ἐχῖνον.

329 1612 390 1659 ἅγε
408 1613 459 1658 δὴ,
480 1614 604 1655 θεαταὶ,
624 1615 722 1662 δεῦρο
741 1614 1041 1662 συσπλαγχνεύετε
1184 1628 1261 1661 1115

328 1666 412 1710 μετὰ
422 1667 497 1715 νῷν.
527 1672 584 1702 ΙΕ.
604 1667 638 1702 τί
656 1667 721 1714 ἐγὼ
732 1668 790 1708 δέ;
818 1674 881 1703 ΤΡ.
901 1668 961 1713 τὴν
972 1669 1144 1711 Σίβυλλαν
1157 1668 1263 1705 ἔσθιε.

329 1719 370 1752 οὔ
386 1733 439 1753 τοι
455 1719 505 1763 μὰ
521 1719 581 1764 τὴν
598 1721 664 1764 Γῆν
681 1722 784 1755 ταῦτα
802 1720 1003 1756 κατέδεσθον
1019 1723 1121 1765 μόνω,

329 1769 407 1805 ἀλλ’
426 1772 620 1818 ἁρπάσομαι
639 1772 741 1820 σφῷν
757 1773 853 1807 αὐτά·
882 1775 985 1808 κεῖται
1003 1773 1031 1808 δ’
1051 1774 1086 1808 ἐν
1102 1774 1210 1822 μέσῳ.

329 1822 355 1857 ὦ
373 1825 450 1858 παῖε
467 1826 543 1859 παῖε
560 1826 619 1859 τὸν
637 1825 747 1860 Βάκιν.
802 1831 858 1860 ΙΕ.
886 1824 1106 1872 μαρτύρομαι.

328 1875 463 1922 κᾶγωγ’,
483 1875 535 1911 ὅτι
552 1877 668 1922 τένθης
686 1873 720 1911 εἶ
733 1877 779 1912 σὺ
797 1878 948 1921 κάλαζὼν
964 1877 1058 1924 ἀνήρ.

329 1927 402 1963 παῖ’
421 1928 522 1963 αὐτὸν
541 1930 670 1971 ἐπέχων
687 1933 734 1970 τῶ
752 1928 845 1972 ξύλῳ
863 1932 921 1965 τὸν
938 1931 1093 1971 ἀλαζόνα.

329 1976 374 2011 σὺ
391 1977 452 2021 μὲν
469 1975 540 2012 οὖν·
570 1977 636 2024 ἐγὼ
654 1978 690 2012 δὲ
709 1978 840 2013 τουτονὶ
857 1981 924 2013 τῶν
941 1977 1081 2019 κωδίων,

327 2029 492 2074 ἁλάμβαν’
512 2030 611 2066 αὐτὸς
629 2030 812 2073 ἐξαπατῶν,
833 2030 1017 2073 ἐκβολβιῶ.

328 2081 367 2115 οὗ
386 2084 585 2125 καταβαλεῖς
602 2082 644 2116 τὰ
662 2082 765 2122 κώδι’,
786 2082 811 2117 ὦ
830 2082 980 2127 θυηπόλε
995 2096 1004 2123 ;

328 2135 496 2178 ἤκουσας;
526 2137 543 2168 ὁ
563 2134 665 2180 κόραξ
683 2132 754 2171 οἷος
770 2133 855 2179 ἦλθ’
876 2135 914 2178 ἐξ
931 2134 1065 2182 Ὠρεοῦ.

330 2186 390 2220 οὐκ
408 2185 613 2230 ἀποπετήσει
632 2187 752 2223 θᾶττον
770 2187 817 2224 εἰς
834 2186 1035 2233 Ἐλύμνιον;

329 2238 452 2283 ἥδομαί
468 2237 512 2285 γ’,
532 2239 652 2284 ἥδομαι

334 2291 472 2337 κράνους
490 2291 747 2338 ἀπηλλαγμένος

331 2345 433 2389 τυροῦ
451 2358 488 2378 τε
506 2344 558 2378 καὶ
576 2343 762 2390 κρομμύων.

331 2395 370 2430 οὗ
387 2396 452 2442 γὰρ
470 2396 605 2442 φιληδῶ
623 2398 756 2442 μάχαις,

331 2448 422 2482 ἀλλὰ
438 2449 522 2495 πρὸς
539 2451 607 2495 πῦρ
625 2449 717 2484 διέλ-

332 2514 397 2535 κων
413 2500 483 2546 μετ’
502 2500 631 2547 ἀνδρῶν
648 2502 736 2537 ἑταί-

331 2567 400 2599 ρων
416 2553 543 2599 φίλων,
564 2553 675 2590 ἐκκέας

333 2608 398 2639 τῶν
416 2604 529 2649 ξύλων
545 2605 614 2640 ἅττ’
635 2606 675 2641 ἂν
690 2604 713 2651 ᾖ

334 2657 495 2692 δανότατα
511 2660 571 2693 τοῦ
593 2658 710 2705 θέρους

334 2710 590 2756 ἐκπεπρισμένα,

334 2762 555 2809 κάνθρακίζων
572 2763 801 2810 τούρεβίνθου,

334 2813 394 2858 τήν
410 2829 447 2849 τε
464 2816 576 2861 φηγὸν
594 2815 796 2862 ἐμπυρεύων,

333 2866 424 2912 χᾶμα
441 2867 500 2911 τὴν
518 2870 670 2914 Θρᾷτταν
688 2872 803 2908 κυνῶν,

333 2919 390 2963 τῆς
406 2920 558 2966 γυναικὸς
574 2919 749 2965 λουμένης.
1187 2934 1266 2965 1139

335 2971 374 3005 οὐ
391 2972 456 3018 γὰρ
474 2971 550 3006 ἔσθ’
569 2971 663 3016 ἥδιον
679 2971 699 3017 ἢ
718 2974 831 3018 τυχεῖν
847 2972 907 3016 μὲν
925 2972 985 3017 ἤδη
1004 2969 1200 3019 ’σπαρμένα,

334 3023 392 3058 τὸν
410 3022 485 3058 θεὸν
503 3023 531 3058 δ’
550 3023 779 3070 ἐπιψακάζειν,
800 3024 854 3059 καί
870 3023 930 3059 τιν’
949 3024 1052 3060 εἰπεῖν
1068 3026 1212 3072 γείτονα,

334 3074 407 3110 εἰπέ
422 3089 491 3120 μοι,
510 3075 543 3110 τί
560 3078 734 3120 τηνικαῦτα
751 3077 891 3123 δρῶμεν,
911 3077 937 3111 ὦ
955 3077 1178 3124 Κωμαρχίδη;

336 3127 463 3171 ἐμπιεῖν
479 3127 583 3174 ἔμοιγ’
603 3128 748 3174 ἀρέσκει,
768 3131 829 3163 τοῦ
847 3129 925 3164 θεοῦ
943 3129 1087 3176 δρῶντος
1105 3132 1226 3165 καλῶς.

334 3178 413 3214 ἀλλ’
431 3179 538 3225 ἅφευε
555 3183 620 3214 τῶν
637 3180 817 3226 φασήλων,
837 3180 863 3215 ὦ
879 3180 986 3228 γύναι,
1001 3184 1089 3228 τρεῖς
1105 3182 1264 3228 χοίνικας,

334 3234 401 3266 τῶν
410 3246 447 3266 τε
456 3235 569 3278 πυρῶν
579 3231 676 3276 μῖξον
686 3233 807 3272 αὐτοῖς,
820 3237 885 3268 τῶν
895 3248 932 3268 τε
944 3232 1055 3269 σύκων
1065 3234 1171 3278 ἔξελε,
1188 3249 1200 3270 1
1209 3246 1264 3278 145

333 3283 394 3318 τὸν
410 3298 446 3318 τε
460 3285 575 3328 Μανῆν
593 3283 612 3328 ἡ
631 3283 719 3330 Σύρα
741 3287 975 3332 βωστρησάτω
993 3285 1023 3320 ’κ
1040 3289 1100 3321 τοῦ
1122 3286 1263 3333 χωρίου.

334 3335 375 3371 οὔ
391 3336 457 3383 γὰρ
474 3333 546 3371 οἷόν
561 3334 590 3370 τ’
610 3335 685 3371 ἐστὶ
701 3337 831 3373 πάντως
848 3337 1021 3384 οἰναρίζειν
1037 3337 1180 3385 τήμερον

335 3388 413 3423 οὐδὲ
430 3389 632 3431 τυντλάζειν,
652 3388 764 3433 ἐπειδὴ
782 3390 949 3436 παρδακὸν
966 3391 1004 3425 τὸ
1022 3391 1158 3438 χωρίον·

338 3440 436 3484 κάξ’
418 3443 499 3486 εμοῦ
517 3440 580 3476 δ”
562 3441 724 3488 ςνεγκάτω
742 3455 792 3477 τις
809 3441 869 3485 τὴν
882 3442 1003 3487 κίχλην
1016 3444 1069 3478 καὶ
1079 3443 1126 3478 τὼ
1141 3443 1262 3479 σπίνω·
1289 3458 1292 3495 3

331 1191 473 1238 σπονδή.

1186 1892 1265 1916 1120

1181 2146 1260 2178 1125

1188 2234 1266 2290 erp*-

1184 2410 1266 2440 1130

1187 2722 1264 2756 1135

1311 2507 1373 2537 TP.

1312 2823 1379 2853 ΑΔΡ.

1314 2875 1381 2905 ΔΡ.

1315 3344 1379 3374 ΤΡ.

1407 359 1534 405 ἐψόφει
1551 360 1634 404 γοῦν
1651 358 1746 393 ἔνδον
1763 358 1823 392 οὐκ
1840 355 1902 394 οἷδ’
1920 358 2003 394 ἅττα
2020 358 2251 394 κάκυδοιδόπα·

1402 411 1448 445 ῶν
1465 410 1582 457 ἔνεγκ’,
1598 409 1624 444 ὦ
1641 412 1712 450 παῖ,
1725 409 1792 457 τρί’
1811 409 1899 455 ἡμῖν,
1917 410 1952 446 ἓν
1969 411 2006 447 δὲ
2023 412 2137 446 δοῦναι
2153 411 2200 457 τῷ
2217 408 2332 455 πατρί·

1401 462 1560 509 μυρρίνας
1578 462 1606 497 τ’
1626 460 1765 506 αἴτησον
1783 463 1820 506 ἐξ
1837 465 2048 510 Αἰσχυνάδου
2065 469 2132 501 τῶν
2149 464 2331 507 καρπίμων·

1402 515 1495 560 χᾶμα
1511 516 1570 559 τῆς
1587 515 1688 559 αὐτῆς
1706 515 1786 550 ὁδοῦ
1803 516 1989 562 Χαρινάδην
2005 529 2055 552 τις
2071 515 2231 558 βωσάτω,
2257 524 2334 559 1155

1406 567 1449 602 ὡς
1467 567 1543 602 ἂν’
1525 568 1625 612 εμπίῃ
1642 566 1718 612 μεθ’
1738 566 1840 612 ἡμῶν,

1405 634 1442 653 ευ
1459 622 1634 655 ποιοῦντος
1653 620 1888 666 κώφελοῦντος

1404 674 1464 706 τοῦ
1483 670 1560 706 θεοῦ
1578 672 1767 719 τάρώματα.

1404 723 1485 767 ἡνίκ’
1505 723 1545 758 ἂν
1562 723 1591 759 δ’
1611 724 1733 770 ἀχέτας

1404 774 1465 822 ᾅδῃ
1484 777 1543 811 τὸν
1560 776 1640 821 ἡδὺν
1657 778 1768 821 νόμον,

1408 829 1600 864 διασκοπῶν
1617 829 1737 874 ἥδομαι

1405 881 1464 917 τὰς
1481 881 1625 926 Λημνίας
1643 881 1829 926 ἀμπέλους,

1407 933 1436 968 εἰ
1453 933 1674 969 πεπαίνουσιν
1690 935 1730 978 ἥ·-

1407 986 1460 1030 δη·
1488 987 1527 1020 τὸ
1545 986 1611 1033 γὰρ
1629 987 1712 1033 φῖτυ
1729 989 1818 1034 πρῷ<

1406 1053 1445 1073 ον
1462 1037 1556 1084 φύει·
1584 1040 1643 1074 τόν
1660 1053 1696 1073 τε
1715 1038 1784 1084 φή-

1406 1090 1486 1136 ληχ’
1506 1093 1593 1138 ὁρῶν
1610 1088 1784 1126 οἰδάνοντ’·

1408 1140 1473 1178 ειθ’
1492 1140 1655 1178 ὁπόταν’
1633 1159 1654 1189 ῃ
1671 1143 1800 1184 πέπων,

1409 1195 1513 1230 ἐσθίω
1532 1195 1678 1242 κάπέχω,

1408 1248 1501 1294 χᾶμα
1518 1247 1614 1294 φήμ’,
1627 1246 1730 1295 Ὧραι
1747 1247 1862 1294 φίλαι·
1890 1249 1942 1282 καὶ

1409 1303 1470 1335 τοῦ
1489 1299 1595 1346 θύμου
1613 1301 1740 1347 τρίβων
1758 1304 1916 1345 κυκῶμαι·

1410 1349 1492 1399 κᾷτα
1507 1353 1664 1400 γίγνομαι
1680 1353 1791 1399 παχὺς

1410 1407 1586 1450 τηνικαῦτα
1603 1408 1663 1440 τοῦ
1682 1405 1799 1453 θέρους

1409 1459 1543 1499 μᾶλλον
1560 1457 1580 1503 ἢ
1600 1458 1728 1493 θεοῖσιν
1749 1457 1871 1505 ἐχθρὸν
1895 1458 2077 1503 ταξίαρχον
2099 1458 2343 1504 προσβλέπων,

1410 1512 1500 1558 τρεῖς
1516 1511 1649 1556 λόφους
1666 1511 1787 1556 ἔχοντα
1805 1511 1858 1546 καὶ
1876 1510 2033 1557 φοινικίδ’
2052 1510 2164 1554 ὀξεῖαν
2180 1510 2278 1551 πάνυ,

1411 1561 1451 1609 ἣν
1470 1563 1590 1599 ε’κεῖνός
1607 1564 1716 1609 φησιν
1734 1560 1815 1598 εἶναι
1832 1564 1949 1608 βάμμα
1967 1564 2189 1610 Σαρδιανικόν·

1411 1614 1453 1660 ἢν
1470 1615 1508 1650 δέ
1523 1630 1590 1651 που
1608 1616 1664 1660 δέῃ
1683 1615 1832 1661 μάχεσθ’
1845 1617 1967 1661 ἔχοντα
1985 1616 2045 1660 τὴν
2062 1615 2243 1661 φοινικίδα,
2266 1626 2343 1661 1175

1412 1667 1574 1712 τηνικαῦτ’
1594 1668 1693 1704 αὐτὸς
1709 1669 1878 1711 βέβαπται
1895 1669 2013 1713 βάμμα
2033 1669 2256 1712 Κυζικηνικόν·

1414 1717 1495 1767 κᾷτα
1513 1719 1632 1767 φεύγει
1653 1724 1796 1767 πρῶτος,
1816 1721 1932 1766 ὥσπερ
1957 1721 2077 1765 ξουθὸς
2095 1721 2347 1769 ἱππαλεκτρυὼν

1413 1773 1491 1809 τοὺς
1508 1774 1642 1819 λόφους
1660 1773 1772 1808 σείων·
1803 1773 1869 1816 ἐγὼ
1894 1773 1923 1808 δ’
1942 1772 2066 1818 ἕστηκα
2087 1774 2344 1819 λινοπτώμενος.

1413 1824 1495 1870 ἡνίκ’
1515 1825 1555 1860 ἂν
1572 1825 1600 1860 δ’
1620 1823 1704 1860 οἴκοι
1721 1824 1891 1872 γένωνται,
1912 1826 2038 1872 δρῶσιν
2055 1826 2115 1860 οὐκ
2133 1825 2315 1891 ἀνασχετὰ,

1414 1877 1491 1914 τοὺς
1504 1878 1564 1922 μὲν
1577 1877 1834 1925 ἐγγράφοντες“
1818 1882 1919 1923 ημῶν,
1932 1878 2009 1914 τοὺς
2023 1875 2088 1913 δ’
2066 1893 2133 1912 ανω
2144 1893 2180 1912 τε
2194 1892 2247 1913 και
2261 1880 2347 1914 κάτω

1415 1930 1653 1988 ἐξαλειφοντες
1671 1929 1754 1966 δις
1723 1946 1757 1988 η
1771 1931 1853 1974 τρίς.
1885 1932 1998 1974 αὔριον
2017 1928 2045 1965 δ
2066 1930 2144 1964 εσθ’
2168 1929 2178 1942 ‘
2162 1930 2320 1974 η’ξοδος·

1414 1980 1460 2024 τῷ
1480 1976 1515 2011 δε
1534 1975 1616 2011 σιτί’
1637 1976 1696 2010 οὐκ
1715 1975 1839 2020 ἐώνητ’·
1869 1976 1908 2010 οὐ
1925 1976 1990 2023 γὰρ
2007 1973 2098 2020 ᾔδειν
2116 1975 2347 2018 {gadau-1182

1414 2026 1484 2063 εἶτα
1502 2029 1654 2075 προστὰς
1671 2029 1755 2075 πρὸς
1772 2029 1830 2063 τὸν
1847 2028 2023 2073 ἀνδριάντα
2040 2028 2098 2062 τὸν
2115 2026 2311 2067 Πανδίονος,

1415 2077 1500 2116 εἶδεν
1517 2081 1628 2120 αὑτὸν,
1648 2081 1801 2127 κάπορῶν
1819 2080 1871 2115 θεῖ
1886 2082 1932 2127 τῷ
1951 2081 2038 2127 κακῷ
2054 2079 2193 2122 βλέπων
2210 2079 2306 2114 ὀπόν.

1414 2135 1518 2168 ταῦτα
1544 2133 1571 2168 ὅ
1600 2133 1684 2178 ἡμᾶς
1709 2132 1787 2169 τοὺς
1813 2133 1989 2179 ἀγροίκους
2015 2133 2134 2179 δρῶσι,
2158 2131 2236 2168 τοὺς
2256 2131 2285 2166 δ’
2311 2131 2349 2176 ἐξ

1466 2186 1595 2222 ἄστεως
2266 2198 2279 2220 1
2289 2188 2345 2230 185

1412 2237 1522 2283 ἦττον,
1542 2239 1575 2273 οἱ
1593 2238 1722 2273 θεοῖσιν
1739 2237 1831 2273 οὗτοι
1850 2237 2030 2284 κάνδράσιν
2046 2235 2267 2284 ῥιψάσπιδες.

1414 2291 1460 2326 ων
1477 2290 1520 2325 ἔτ’
1540 2290 1678 2327 εὐθύνας
1695 2291 1768 2335 ἐμοὶ
1786 2291 1967 2331 δώσουσιν,
1987 2289 2027 2335 ἢν
2045 2290 2119 2326 θεὸς
2137 2290 2233 2334 θέλῃ.

1413 2343 1530 2379 πολλὰ
1546 2344 1611 2390 γὰρ
1630 2343 1669 2388 δή
1687 2342 1720 2388 μ’
1739 2341 1909 2388 ἠδίκησαν.

1414 2395 1507 2432 ὅντες
1524 2395 1608 2431 οἴκοι
1621 2396 1681 2441 μὲν
1697 2396 1843 2437 λέοντες,

1414 2449 1449 2484 ἐν
1465 2449 1556 2494 μάχῃ
1575 2449 1605 2484 δ’
1622 2441 1803 2485 ἀλώῖτεκες.

1415 2500 1534 2514 '’Q’'

1414 2516 1465 2536 lov
1484 2516 1548 2536 lov.

2267 737 2337 759 αντ.

2259 779 2340 813 1160

2258 1043 2335 1083 1165

2266 1364 2344 1398 1170

2270 2459 2346 2493 1190

1389 2593 1391 2595 ,
1413 2554 1498 2589 ὅσον
1515 2555 1553 2589 τὸ
1570 2553 1669 2601 χρῆμ’
1689 2554 1744 2589 ἐπὶ
1762 2554 1895 2588 δεῖπνον
1912 2551 1995 2597 ἦλθ’
2014 2553 2048 2589 ἐς
2065 2552 2142 2589 τοὺς
2159 2553 2297 2600 γάμους.

1415 2606 1478 2652 ἔχ’,
1498 2607 1700 2653 ἀποκάθαιρε
1720 2607 1778 2642 τὰς
1796 2605 1958 2653 τραπέζας
1975 2605 2102 2649 ταυτῃί·

1413 2661 1544 2696 πάντως
1560 2659 1625 2706 γὰρ
1644 2659 1740 2694 οὐδὲν
1757 2658 1884 2704 ὄφελός
1898 2657 1969 2693 ἐστ’
1988 2658 2088 2702 αὐτῆς
2105 2658 2166 2692 ἔτι.

1414 2711 1515 2747 ἔπειτ’
1528 2711 1712 2758 ἐπείσφερε
1730 2711 1807 2747 τοὺς
1820 2709 1968 2755 ἀμύλους
1986 2711 2038 2745 καὶ
2056 2710 2114 2746 τὰς
2127 2710 2247 2756 κίχλας
2269 2723 2344 2756 1195

1416 2765 1469 2799 καὶ
1487 2767 1552 2799 τῶν
1568 2763 1710 2812 λαγῴων
1727 2764 1842 2798 πολλὰ
1860 2763 1913 2797 καὶ
1930 2762 2008 2798 τοὺς
2026 2763 2228 2805 κολλάβους.

1412 2819 1478 2852 ποῦ
1491 2819 1557 2852 ποῦ
1568 2817 1730 2863 Τρυγαῖός
1743 2816 1837 2851 ἐστιν
1851 2829 1860 2856 ;
1915 2821 1977 2850 ΤΡ.
2006 2814 2200 2861 ἀναβράττω
2215 2814 2343 2860 κίχλας.

1421 2868 1447 2903 ὦ
1465 2868 1618 2915 φίλτατ’,
1639 2868 1664 2903 ὦ
1682 2867 1833 2915 Τρυγαῖ’,
1853 2866 1907 2902 ὅσ’
1926 2866 2010 2911 ἡμᾶς
2027 2866 2155 2913 τάγαθὰ

1417 2922 1586 2967 δέδρακας,
1607 2919 1736 2968 εἰρήνην
1752 2918 1908 2964 ποιήσας·
1938 2920 1982 2955 ὡς
1999 2920 2064 2965 πρὸ
2083 2921 2142 2953 τοῦ

1415 2974 1522 3009 οὐδεὶς
1541 2973 1666 3020 ἐπρίατ’
1685 2973 1725 3007 ἂν
1743 2971 1904 3019 δρέπανον
1921 2972 1998 3006 οὐδὲ
2016 2970 2201 3014 κολλύβου,

1417 3027 1486 3061 νυνὶ
1504 3026 1539 3060 δὲ
1558 3025 1760 3069 πεντήκοντα
1777 3026 1934 3072 δαρχμῶν
1951 3024 2099 3069 ἐμπολῶ·

1416 3078 1470 3113 ὁδὶ
1489 3078 1524 3112 δὲ
1543 3079 1766 3124 τριδράχμους
1783 3076 1861 3113 τοὺς
1878 3077 1997 3112 κάδους
2014 3075 2061 3111 εἰς
2078 3075 2155 3112 τοὺς
2173 3074 2307 3122 ἀγρούς.

1417 3129 1509 3169 ἀλλ’,
1530 3130 1556 3164 ὦ
1573 3132 1725 3176 Τρυγαῖε,
1745 3132 1811 3164 τῶν
1828 3129 1998 3175 δρεπάνων
2014 3142 2051 3162 τε
2067 3129 2219 3172 λάμβανε

1417 3183 1470 3216 καὶ
1487 3181 1581 3217 τῶνδ’
1601 3181 1621 3217 ὅ
1637 3196 1670 3216 τι
1686 3180 1806 3224 βούλει
1823 3183 1954 3227 προῖκα·
1983 3180 2037 3214 καὶ
2053 3180 2147 3214 ταυτὶ
2165 3179 2278 3225 δέχου.

1417 3233 1478 3279 ἀφ’
1498 3235 1543 3269 ῶν
1557 3235 1626 3282 γὰρ
1642 3233 1857 3278 ἀπεδόμεσθα
1874 3232 2113 3279 κάκερδάναμεν
2267 3245 2344 3277 1205

1416 3287 1459 3320 τὰ
1476 3287 1566 3333 δῶρα
1582 3285 1677 3321 ταυτί
1694 3300 1751 3321 σοι
1769 3285 1917 3332 φέρομεν
1934 3285 1981 3320 εἰς
1997 3283 2074 3320 τοὺς
2089 3283 2228 3330 γάμους.

1416 3336 1464 3373 ’ίθι
1482 3353 1550 3379 νυν,
1569 3338 1780 3383 καταθέμενοι
1796 3337 1873 3385 παρ’
1892 3338 1965 3383 ἐμοὶ
1981 3335 2071 3371 ταῦτ’
2090 3334 2193 3370 εἴσιτε

1418 3391 1473 3426 ἐπὶ
1491 3391 1622 3426 δεῖπνον
1639 3391 1683 3427 ὣς
1700 3391 1856 3436 τάχιστα·
1885 3391 1938 3425 καὶ
1955 3389 2020 3435 γὰρ
2037 3387 2155 3423 οὑτοσὶ

1419 3442 1534 3478 οπλων
1551 3444 1699 3487 κάπηλος
1716 3442 1898 3488 ἀχθόμενος
1914 3440 2151 3489 προσέρχεται.

2270 2984 2348 3006 1200

335 3490 377 3536 ἢν
393 3493 430 3528 δὲ
447 3494 501 3528 καὶ
517 3495 601 3529 πυός
617 3507 668 3529 τις
685 3493 780 3528 ἔνδον
797 3494 850 3528 καὶ
867 3495 983 3542 λαγῷα
1001 3495 1153 3542 τέτταρα,
1186 3508 1266 3540 1150
1318 3501 1387 3530 ΛΟ.
1417 3493 1481 3539 οἴμ’
1501 3495 1544 3531 ὡς
1556 3495 1786 3542 προθέλυμνόν
1797 3494 1844 3539 μ’,
1857 3493 1883 3528 ὦ
1895 3491 2046 3541 Τρυγαῖ’,
2058 3492 2263 3528 ἀπώλεσας
2268 3505 2345 3528 1210

335 3542 369 3580 εἴ
381 3558 414 3580 τι
431 3545 475 3590 μὴ
492 3543 660 3593 ’ξήνεγκεν
676 3545 784 3581 αὐτῶν
799 3544 819 3589 ἡ
836 3547 925 3593 γαλῆ
941 3547 999 3591 τῆς
1016 3547 1175 3594 εσπέρας

1289 3553 1380 3588 ΤΡ

1418 3547 1453 3582 τί
1468 3546 1497 3582 δ’
1515 3548 1619 3587 ἔστιν,
1639 3546 1665 3581 ὦ
1683 3547 1898 3592 κακόδαιμον·
1890 3572 1898 3586 ,
1926 3548 1967 3580 οὔ
1983 3545 2017 3580 τί
2031 3559 2097 3580 που
2114 3544 2246 3591 λοφᾷς·
