2488 3860
1252 325 1306 371 14

258 412 304 454 ‘H
322 419 385 466 μέν
401 417 461 459 οὖν
478 421 585 470 σκηνὴ
607 425 668 459 τοῦ
686 422 855 471 δράματος
873 426 910 461 ἐν
934 424 1064 471 Θήβαις
1081 429 1263 465 ὑπόκειται·

209 472 226 506 ὁ
245 472 281 507 δὲ
299 475 404 521 χορὸς
424 476 460 512 ἐκ
479 476 639 521 Θηβαίων
664 478 739 514 ἐστὶ
762 479 949 527 παρθένων·
978 481 998 526 ἡ
1025 482 1061 517 δὲ
1087 482 1262 522 ὑπόθεσις,

214 528 350 572 στρατιὰ
368 527 532 576 Ἀργείων
548 533 782 578 πολιορκοῦσα
801 534 985 578 Θηβαίους,
1001 535 1080 572 τοὺς
1098 537 1153 571 καὶ
1171 534 1260 580 νική-

209 587 344 615 σαντας·
375 580 429 614 καὶ
448 580 590 618 θάνατος
605 582 823 622 Ἐτεοκλέους
841 599 895 620 και
913 588 1152 625 Πολυνείκους.
1186 588 1257 624 ε’δι-

206 626 354 675 δάχθη’
336 631 390 666 επὶ
412 634 614 677 Θεαγενίδου
631 636 815 680 ὀλυμπιάδι
832 638 895 683 οη’.
933 639 1025 676 ἐνίκα
1044 638 1146 690 Λαΐῳ,
1168 640 1262 677 Οἰδί-

205 681 295 725 noaz,
327 682 436 721 Ἑπτὰ
468 686 524 723 ε’πι
556 687 685 734 Θήβας,
721 691 848 740 Σφιγγὶ
885 695 1060 741 σατυρικῇ.
1109 677 1265 742 δεύτερος

206 732 381 782 Ἀριστίας
422 742 565 785 Περσει,
603 743 780 792 Ταντάλῳ,
818 746 1033 784 Παλαισταῖς
1071 748 1265 796 σατυρικοῖς

1303 430 1376 465 τοῖς
1388 428 1559 478 Πρατίνου
1577 430 1714 476 πατρός
1742 427 1854 474 τρίτος
1873 428 2140 475 Πολυφράδμων
2153 429 2363 495 Λυκουργείᾳ

1304 483 1519 532 τετραλογία.
1563 484 1806 529 ἐπιγέγραπται
1827 482 1863 516 δε
1885 477 2070 529 [ὑπόθεσις
2093 477 2181 531 τῶν]
2202 482 2287 517 ἔπτὰ
2305 478 2363 516 ἐπὶ

1305 535 1436 581 θήβας,
1457 537 1512 572 διὰ
1537 535 1576 572 τὸ
1602 537 1686 571 ἑπτὰ
1710 535 1923 582 στρατηγοὺς
1945 535 2147 580 φυλάσσειν
2170 536 2231 571 τὰς
2251 533 2363 571 πύλας

1304 592 1371 626 τῶν
1389 591 1526 635 Θηβῶν.
1565 589 1634 625 εἶσὶ
1661 589 1697 624 δὲ
1721 587 1818 624 αὗται
1842 589 1878 623 αἱ
1903 589 2015 633 Θῆβαι
2039 589 2239 625 ἑπτάπυλοι·
2266 588 2301 623 αἱ
2325 586 2364 622 δὲ

1306 644 1341 679 ἐν
1358 644 1401 688 τῇ
1420 642 1580 691 Αἰγύπτῳ
1605 641 1707 677 οὖσαι
1726 643 2002 677 ἐκατοντάπυλοι.

1357 697 1563 743 Προλογίζει
1599 696 1636 731 δὲ
1672 694 1868 741 Ἐτεοκλῆς,
1899 695 2168 741 παρασκευάζων
2200 692 2262 731 τόν
2295 695 2365 742 τῶν

1305 750 1468 795 Θηβαίων
1485 750 1591 796 δῆμον
1609 748 1657 786 εἷς
1673 749 1831 796 φρουρὰν
1847 749 1906 794 τῆς
1922 750 2067 786 πόλεως.

1185 1099 1410 1138 ΑΛΛΩΣ.

285 1191 443 1229 Οἰδίπους
452 1192 566 1239 μαθὼν
583 1194 627 1230 ὡς
644 1193 798 1239 ἆθέσμως
812 1195 915 1240 συνῆν
932 1198 971 1240 τῇ
989 1197 1087 1243 μητρὶ
1106 1196 1260 1243 ἐτύφλω-

232 1259 293 1281 σεν
313 1246 440 1280 ἑαυτόν·
469 1247 501 1280 οἱ
520 1246 556 1281 δὲ
577 1247 691 1282 παῖδες
707 1247 809 1281 αὐτοῦ
825 1246 1003 1292 Ἐτεοκλῆς
1024 1249 1077 1283 καὶ
1097 1250 1260 1284 Πολυνεί-

233 1311 301 1341 κης,
330 1297 489 1334 θέλοντες
518 1296 605 1342 λήθῃ
636 1299 859 1345 παραπέμψαι
882 1300 920 1334 τὸ
942 1303 1092 1335 τοιοῦτον
1118 1301 1259 1347 μίασμα,

232 1349 526 1396 ἐγκατακλείουσιν
554 1350 691 1398 οἰκίσκῳ
715 1351 825 1386 αὐτόν.
855 1353 873 1385 ὁ
892 1352 928 1386 δέ
951 1355 1049 1387 τοῦτο
1076 1353 1120 1398 μὴ
1148 1354 1262 1399 φέρων

232 1401 350 1447 ἀρᾶται
373 1401 485 1438 αὐτοῖς
502 1402 556 1436 διὰ
580 1401 720 1448 σιδήρου
743 1402 802 1447 τὴν
818 1403 998 1445 βασιλείαν
1019 1406 1149 1450 λαχεῖν.
1170 1406 1201 1439 οἶ
1226 1406 1261 1440 δὲ

232 1452 279 1488 εἷς
302 1454 416 1498 φόβον
436 1455 645 1489 πεπτωκότες
668 1454 807 1489 ἐνταῦθα
829 1455 873 1499 μὴ
898 1456 956 1491 τὰς
973 1456 1054 1502 ἀρὰς
1075 1457 1263 1492 τελέσωσιν

231 1505 264 1539 οἶ
283 1504 364 1548 θεοὶ,
380 1505 531 1552 ἔγνωσαν
548 1506 617 1540 δεῖν
634 1506 773 1551 ἔχεσθαι
790 1507 850 1551 τὴν
858 1509 1038 1549 βασιλείαν
1047 1509 1137 1555 παρὰ
1149 1509 1260 1555 μέρος,

232 1557 386 1603 ἑκάτερος
406 1557 553 1592 ἐνιαυτὸν
570 1557 694 1604 ἅρχων.
723 1562 855 1605 πρῶτον
879 1558 937 1594 οὖν
953 1559 1131 1604 Ἐτεοκλῆς
1150 1558 1260 1607 ἦρξεν,

232 1609 291 1644 ἅτε
310 1609 364 1643 καὶ
385 1607 618 1655 πρεσβύτερος
638 1609 684 1644 ὣν
703 1611 938 1651 Πολυνείκους,
963 1612 992 1646 εἶ
1014 1612 1066 1646 καὶ
1086 1613 1263 1657 Σοφοκλῆς

232 1662 391 1707 νεώτερον
408 1662 514 1708 λέγει.
544 1662 748 1706 Πολυνείκης
766 1663 801 1697 δὲ
815 1663 1025 1708 ὑπεχώρησε.
1045 1663 1262 1700 τελεσθέντος

232 1713 268 1748 δὲ
286 1715 346 1747 τοῦ
370 1713 586 1760 συγκειμένου
611 1713 771 1755 ἐνιαυτοῦ,
797 1715 909 1760 ἐπειδὴ
930 1716 1134 1760 Πολυνείκης
1151 1716 1263 1751 ἐλθὼν

234 1763 349 1809 ἀπῄτει
376 1766 415 1799 τὸ
441 1767 622 1812 σκῆπτρον,
649 1766 688 1801 οὗ
714 1768 815 1811 μόνον
845 1768 904 1802 οὐκ
927 1769 1066 1810 ἔλαβεν,
1093 1769 1184 1803 ἀλλὰ
1210 1769 1263 1804 καὶ

236 1816 433 1862 ἀπεπέμφθη
470 1818 562 1853 κενὸς
600 1818 676 1864 παρ’
713 1819 938 1860 Ἐτεοκλέους,
979 1820 1019 1854 οὔ
1052 1820 1261 1863 βουλομένου

235 1870 388 1914 ἐκστῆναι
411 1870 472 1913 τῆς
498 1869 615 1915 ἀρχῆς,
643 1867 721 1904 ἀλλ’
749 1869 915 1916 ἐγκρατῶς
941 1868 1101 1915 ἐχομένου
1125 1866 1254 1911 ταύτης.

1309 1197 1385 1233 ὅθεν
1403 1197 1455 1232 καὶ
1475 1195 1679 1239 Πολυνείκης
1696 1193 1819 1228 ἐκεῖθεν
1835 1192 1963 1239 ἀπάρας
1986 1191 2170 1239 εῖςἈργος
2191 1191 2335 1238 ἔρχεται,
2382 1212 2391 1220 ,

1309 1251 1362 1285 καὶ
1382 1250 1442 1294 τὴν
1458 1247 1647 1295 Ἀδράστου
1673 1245 1838 1292 θυγατέρα
1859 1243 1967 1291 γήμας
1986 1244 2093 1279 πείθει
2116 1245 2235 1278 τοῦτον
2256 1256 2336 1277 συν-

1308 1301 1455 1346 άρασθαί
1475 1302 1506 1334 οἱ
1527 1300 1611 1345 πρὸς
1632 1298 1693 1343 τὴν
1719 1299 1777 1342 τῆς
1802 1297 1907 1343 ἀρχῆς
1933 1296 2115 1340 ἀνάληψιν·
2144 1295 2198 1329 καὶ
2223 1293 2341 1336 λαβὼν

1305 1350 1382 1397 παρ’
1400 1351 1502 1384 αὐτοῦ
1529 1348 1659 1394 συχνὴν
1683 1348 1844 1394 στρατιὰν
1865 1347 2052 1392 ἀφικνεῖται
2070 1344 2152 1379 κατὰ
2174 1341 2343 1386 Θηβαίων.

1305 1402 1410 1449 ἦρχον
1437 1402 1472 1436 δε
1500 1403 1558 1445 τῆς
1584 1398 1738 1444 τοιαύτης
1765 1399 1870 1446 ἀρχῆς
1897 1398 1980 1442 μετὰ
2006 1395 2233 1432 Πολυνεικους
2263 1393 2345 1428 ἔπτὰ

1306 1454 1500 1500 στρατηγοὶ,
1522 1453 1666 1497 ἕβδομος
1685 1452 1751 1498 γὰρ
1770 1450 1867 1486 οὗτος
1884 1448 1936 1494 ἦν,
1957 1450 2001 1485 ὧς
2022 1450 2062 1484 ἂν
2078 1449 2163 1494 πρὸς
2186 1447 2246 1482 τὰς
2263 1444 2346 1480 επτὰ

1304 1505 1413 1542 πύλας
1426 1509 1492 1540 τῶν
1503 1503 1659 1548 Θηβῶν”
1639 1518 1780 1539 εκαστος
1791 1503 1954 1548 ἐπαγάγοι
1964 1503 2072 1547 λόχον
2084 1499 2344 1545 πολιορκοῦντα.

1305 1559 1337 1593 οἱ
1351 1573 1414 1603 μεν
1432 1556 1491 1592 ουν
1508 1557 1610 1591 ἄλλοι
1622 1555 1807 1602 στρατηγοὶ
1824 1554 1890 1589 ὑπὸ
1909 1553 2067 1597 Θηβαίων
2085 1550 2294 1598 ἀνῃρέθησαν
2311 1548 2346 1584 έν

1304 1614 1351 1657 τῷ
1377 1609 1528 1657 πολέμῳ·
1562 1607 1769 1652 Πολυνείκης
1797 1607 1833 1642 δε
1862 1606 1916 1640 καὶ
1944 1605 2128 1649 Ἐτεοκλῆς
2152 1599 2345 1649 μονομαχή-

1306 1676 1426 1698 σαντες
1442 1663 1527 1708 πρὸς
1544 1659 1718 1706 ἀλλήλους
1735 1659 1930 1706 ἀναιροῦσιν
1939 1656 2128 1702 ἀλλήλους.
2157 1653 2349 1700 σημείωσαι

1306 1715 1376 1750 δὲ“
1360 1729 1404 1750 ως
1421 1713 1602 1761 Εὐριπίδης
1619 1713 1679 1758 μὲν
1697 1727 1754 1747 ενα
1771 1715 1837 1747 τῶν
1854 1711 1939 1746 επτὰ
1956 1711 2015 1745 τὸν
2024 1707 2222 1755 Ἀδραστον
2237 1706 2345 1752 λέγει

1305 1765 1481 1813 Αἰσχύλος
1498 1765 1573 1802 δὲ”
1553 1780 1666 1814 ετερον
1683 1768 1749 1801 τῶν
1767 1764 1851 1800 επτὰ
1865 1762 2048 1799 Ἐτέοκλον
2065 1759 2140 1797 ἀντὶ
2155 1758 2347 1805 Ἀδράστου

1305 1817 1480 1867 προσθείς.
