2488 3860
199 255 281 299 234

201 367 265 397 A13

886 240 1214 298 ΕΥΡΙΠΙΔΟΥ
1262 254 1653 296 ΗΡΑΚΛΕΙΔΑῙ.

301 361 371 398 τοῖς
388 360 492 406 τῆσδε
508 360 620 407 χώρας
636 359 884 407 προστάταισιν
901 363 940 398 οὐ
959 364 1060 399 δοκεῖ.

202 420 273 449 ΑΛ.
301 414 334 448 τί
352 413 391 458 δὴ
409 411 504 454 τόδ’,·
532 412 674 460 ἐχθροὺς
690 413 814 450 τοισίδ’
833 415 873 450 οὗ
892 416 994 450 καλὸν
1013 417 1160 455 κτανεῖν;
1181 420 1240 461 965

200 472 264 501 AIt

201 525 269 554 AA„

201 577 264 605 Asx

200 629 267 658 AAW

200 681 264 711 AI&

200 735 267 763 AA„

199 786 264 816 AI&

200 840 268 868 lxxx.

203 892 265 921 ΑΓ.

201 946 268 974 ΑΛ.

201 1257 271 1289 ΧΕλ

200 1364 264 1394 ΕΥ.

302 466 365 511 οὐχ
384 463 483 501 ὅντιν’
503 466 543 500 ἅν
559 481 600 513 γε
619 465 713 510 ζῶνθ’
733 467 863 503 ἕλωσιν
881 467 916 503 ἐν
933 469 1036 513 μάχῃ.

308 519 361 553 καὶ
378 521 480 553 ταῦτα
499 517 632 561 δόξανθ’
647 518 776 556 ’Ὕλλος
793 520 1016 565 ἐξηνέσχετο;

300 572 386 617 χρῆν
403 570 432 605 δ’
453 570 562 613 αὐτὸν,
582 568 683 616 οἶμαι,
702 572 773 616 τῇδ’
793 571 982 616 ἀπιστῆσαι
999 572 1106 618 χθονί.

303 625 390 669 χρῆν
406 623 502 657 τόνδε
518 623 563 668 μὴ
583 624 640 668 ζῆν
656 625 739 669 μηδὲ
757 625 832 667 φῶς
850 626 931 671 ὁρᾶν
948 625 1006 659 ἔτι.

301 674 370 709 τότ’
390 673 526 719 ἠδικήθη
544 680 676 721 πρῶτον
694 677 732 711 οὐ
752 677 858 711 θανὼν
876 675 944 712 ὅδε.

305 727 423 762 οὐκοῦν
440 726 485 762 ἔτ’
506 727 600 763 ἐστὶν
618 728 653 762 ἐν
671 730 762 777 καλῷ
781 730 894 764 δοῦναι
913 729 1014 774 δίκην.

301 780 360 815 οὐκ
377 778 452 815 ἔστι
469 782 587 814 τοῦτον
604 779 699 817 ὅστις
717 781 757 816 ἂν
774 781 980 818 κατακτάνοι,

304 833 421 879 ἔγωγε·
449 832 554 867 καίτοι
572 833 660 878 φημὶ
679 833 753 878 κᾶμ’
774 830 856 869 εἷναί
873 847 953 869 τινα.

301 884 434 930 πολλὴν
451 884 502 931 ἄρ’
523 884 609 928 ἕξεις
625 885 768 932 μέμψιν,
789 884 818 920 εἷ
837 887 973 932 δράσεις
990 886 1078 922 τόδε.

306 939 400 984 φιλῶ
417 939 519 973 πόλιν
535 936 637 982 τήνδ’·
666 940 761 974 οὐδὲν
779 938 996 974 ἆντιλεκτέον.

301 993 420 1026 τοῦτον
438 989 479 1033 δ’,
501 990 635 1037 ε’πείπερ
652 995 769 1038 χεῖρας
787 990 889 1036 ἦλθεν
907 992 954 1027 εἷς
973 991 1062 1037 ἐμὰς,

303 1044 363 1078 οὐκ
376 1043 451 1077 ἔστι
470 1042 596 1086 θνητῶν
614 1042 709 1081 ὅστις
727 1043 950 1090 ἐξαιρήσεται.

301 1096 386 1143 πρὸς
404 1097 505 1130 ταῦτα
522 1095 582 1140 τὴν
600 1094 760 1142 θρασεῖαν
778 1096 873 1132 ὅστις
891 1096 932 1131 ἂν
950 1095 1037 1141 θέλῃ

303 1150 357 1184 καὶ
374 1147 434 1192 τὴν
452 1149 648 1194 φρονοῦσαν
665 1150 777 1194 μεῖζον
795 1147 814 1194 ἢ
833 1151 970 1196 γυναῖκα
987 1148 1053 1196 χρὴ

301 1201 406 1245 λέξει·
433 1201 472 1235 τὸ
491 1197 521 1235 δ’
543 1201 641 1247 ἔργον
658 1200 747 1236 τοῦτ’
768 1201 840 1245 ἐμοὶ
857 1200 1073 1249 πεπράξεται.

305 1254 412 1290 δεινόν
428 1267 461 1288 τι
480 1253 532 1288 καὶ
551 1255 783 1300 συγγνωστὸν,
805 1252 830 1288 ὦ
847 1252 956 1301 γύναι,
977 1253 1012 1289 α’
1032 1255 1122 1300 ἔχειν

303 1308 408 1342 νεῖκος
424 1306 508 1352 πρὸς
526 1306 629 1352 ἄνδρα
646 1307 742 1342 τόνδε
759 1307 938 1353 γιγνώσκω
957 1307 1076 1344 καλῶς.

301 1357 407 1406 γύναι,
429 1358 514 1404 σάφ’
532 1356 607 1393 ’ίσθι
624 1358 668 1404 μή
687 1374 728 1404 με
747 1357 964 1395 θωπεύσοντά
982 1374 1033 1402 σε,

302 1412 376 1457 μηδ’
396 1411 484 1446 ἄλλο
502 1411 603 1456 μηδὲν
621 1414 679 1456 τῆς
697 1412 776 1457 ε’μῆς
794 1412 911 1459 ψυχῆς
928 1411 1005 1460 πέρι

302 1463 434 1508 λέξονθ’
454 1462 531 1499 ὅθεν
547 1464 613 1510 χρὴ
633 1465 760 1499 δειλίαν
777 1464 900 1510 ὀφλεῖν
917 1479 998 1500 τινα.

305 1517 370 1563 ε’γὼ
389 1517 425 1551 δὲ
444 1518 548 1552 νεῖκος
566 1517 630 1562 οὐχ
648 1517 730 1552 ἑκὼν
747 1515 818 1552 τόδ’
837 1517 973 1565 ἠράμην·

300 1568 362 1614 ᾔδη
380 1584 421 1617 γε
439 1570 497 1604 σοὶ
514 1570 574 1614 μὲν
592 1570 794 1616 αὐτανέψιος
811 1571 930 1617 γεγὼς,

253 1637 257 1640 ·
301 1626 348 1670 τῷ
368 1625 418 1670 σῷ
439 1621 474 1655 δὲ
492 1623 586 1657 παιδὶ
604 1623 770 1670 συγγενὴς
786 1622 976 1670 Ἡρακλέει.

421 1672 502 1686 usu

302 1675 382 1710 ἀλλ’
404 1689 454 1709 ειτ
484 1675 624 1722 εχρῃζον
642 1674 708 1710 ε’ίτε
725 1674 781 1720 μὴ,
802 1675 877 1712 θεὸς
893 1677 959 1723 γὰρ
977 1674 1028 1721 ἦν,

295 1727 389 1774 Ἥρα
405 1742 447 1772 με
465 1729 598 1773 κάμνειν
614 1725 704 1772 τήνδ’
725 1728 821 1773 ἔθηκε
838 1728 898 1774 τὴν
916 1730 1030 1765 νόσον.

302 1781 373 1816 ἐπεὶ
391 1779 421 1814 δ’
442 1779 555 1828 ἐκείνῳ
573 1780 770 1826 δυσμένειαν
787 1779 915 1828 ἠράμην

300 1834 428 1880 κᾶγνων
446 1833 558 1880 ἀγῶνα
575 1831 662 1868 τόνδ’
682 1832 934 1881 ἀγωνιούμενος,

300 1887 439 1936 πολλῶν
457 1885 630 1931 σοφιστὴς
647 1887 806 1931 πημάτων
824 1887 1011 1934 ἐγιγνόμην,

301 1939 355 1973 καὶ
372 1936 477 1974 πόλλ’
498 1938 626 1973 ἔτικτον
643 1939 734 1973 νυκτὶ
752 1937 926 1975 συνθακῶν
943 1939 995 1974 ἀεὶ

301 1990 388 2028 ὅπως
409 1992 534 2027 διώσας
552 1992 606 2026 καὶ
625 1990 834 2028 κατακτείνας
853 1991 950 2036 ἐμοὺς

301 2041 443 2092 ἐχθροὺς
459 2045 498 2078 τὸ
516 2044 638 2079 λοιπὸν
654 2043 699 2089 μὴ
719 2045 907 2088 συνοικοίην
924 2045 1039 2093 φόβῳ,

301 2096 396 2132 εἰδὼς
413 2096 474 2142 μὲν
491 2096 551 2130 οὐκ
569 2095 720 2143 ἀριθμὸν,
740 2096 818 2131 ἀλλ’
838 2096 1005 2142 ἐτητύμως

300 2148 390 2195 ἄνδρ’
411 2148 489 2183 ὅντα
506 2150 564 2183 τὸν
582 2150 646 2183 σὸν
662 2149 774 2184 παῖδα·
803 2149 856 2184 καὶ
873 2149 939 2196 γὰρ
958 2148 1079 2196 ἐχθρὸς
1097 2149 1142 2185 ὢν

300 2199 479 2236 ἀκούσεται
498 2201 540 2235 τά
557 2201 589 2248 γ’
611 2200 731 2243 ἐσθλὰ,
751 2203 900 2248 χρηστὸς
918 2201 963 2236 ὢν
981 2201 1073 2248 ἀνήρ.

301 2254 408 2288 κείνου
427 2253 455 2288 δ’
475 2253 751 2300 ἀπαλλαχθέντος
770 2254 828 2289 οὐκ
848 2255 950 2301 ἐχρῆν
966 2253 1000 2300 μ’
1019 2255 1094 2302 ὅρα,

301 2305 503 2352 μισούμενον
520 2307 604 2353 πρὸς
622 2307 725 2341 τῶνδε
743 2307 797 2342 καὶ
815 2307 988 2351 ξυνειδότα

301 2358 425 2405 ἔχθραν
442 2358 608 2407 πατρῴαν,
629 2360 736 2395 πάντα
754 2361 886 2404 κινῆσαι
904 2359 1036 2407 πέτρον,

302 2411 468 2446 κτείνοντα
486 2411 723 2454 κάκβάλλοντα
741 2413 794 2447 καὶ
812 2413 1040 2458 τεχνώμενον,-

300 2466 434 2498 τοιαῦτα
453 2464 572 2510 δρῶντι
591 2464 666 2510 τᾶμ’
687 2464 826 2512 ἐγίγνετ’
846 2465 1000 2511 ἀσφαλῆ.

301 2516 420 2550 οὐκοῦν
438 2515 482 2551 σύ
500 2517 532 2563 γ’
553 2515 592 2550 ἂν
609 2519 768 2559 λαβοῦσα
785 2518 845 2554 τὰς
863 2517 942 2563 ἐμὰς
959 2515 1063 2563 τύχας

301 2568 425 2615 ἐχθροῦ
443 2568 578 2605 λέοντος
598 2570 743 2614 δυσμενῆ
762 2569 989 2615 βλαστήματα

301 2622 443 2665 ἤλαυνες
461 2621 501 2656 ἂν
519 2617 679 2661 κακοῖσιν,
702 2623 792 2656 ἀλλὰ
812 2624 1000 2669 σωφρόνως

301 2671 417 2709 ε’ίασας
435 2673 536 2708 οἰκεῖν
549 2673 685 2720 Ἀργος-
714 2674 813 2709 οὔτιν’
834 2675 873 2709 ἂν
890 2674 1013 2711 πίθοις.

301 2729 357 2761 νῦν
376 2724 433 2761 οὖν
452 2725 563 2771 ἐπειδή
583 2724 617 2767 μ’
638 2727 675 2761 οὐ
696 2727 862 2763 διώλεσαν
880 2729 955 2762 τότε

1180 689 1240 723 970

1181 952 1239 985 975

1180 1208 1242 1248 980

1179 1743 1241 1776 990

1180 2007 1238 2039 995

1163 2269 1242 2290 1000

1146 2523 1239 2562 *1005

1287 787 1357 816 xc»

1287 892 1354 921 AA.

1286 945 1357 973 XCL

1286 998 1355 1027 ΑΛ,

1287 1207 1351 1237 ΕΥ.

1289 2626 1359 2656 XO.

1390 361 1562 409 πρόθυμον
1579 359 1670 403 ὄντα,
1687 361 1799 396 τοῖσιν
1814 358 1989 407 Ἑλλήνων
2005 362 2117 407 νόμοις

1390 417 1453 461 οὐχ
1472 415 1573 461 ἁγνός
1590 413 1657 459 εἶμι
1674 416 1721 462 τῷ
1740 416 1890 450 κτανόντι
1908 414 2090 450 κατθανεῖν·

1390 469 1490 503 πόλις
1506 466 1536 501 τ’
1556 465 1667 512 ἆφῆκε
1684 465 1927 512 σωφρονοῦσα,
1947 467 2005 502 τὸν
2022 465 2100 502 θεὸν

1388 520 1501 564 μεῖζον
1517 518 1638 554 τίουσα
1655 519 1714 563 τῆς
1731 518 1810 564 ε’μῆς
1827 517 1950 566 ἔχθρας
1965 517 2067 555 πολῦ.

1390 572 1411 605 ἅ
1428 570 1461 618 γ’
1482 568 1575 607 εἶπας
1593 570 1808 615 ἀντήκουσας·
1836 571 1986 607 ἐντεῦθεν
2003 570 2039 607 δὲ
2056 570 2123 618 χρὴ

1391 625 1448 658 τὸν
1464 625 1716 670 προστρόπαιον
1732 625 1791 658 τόν
1807 638 1845 658 τε
1861 626 2012 670 γενναῖον
2028 623 2154 659 καλεῖν.

1390 674 1475 710 οὕτω
1492 690 1533 722 γε
1550 676 1661 721 μέντοι
1678 674 1753 720 τᾶμ’
1772 675 1853 721 ἔχει·
1881 675 1991 711 θανεῖν
2006 676 2068 722 μὲν
2085 676 2124 711 οὗ

1388 727 1511 773 χρῄζω,
1530 728 1640 764 λιπὼν
1657 725 1688 763 δ’
1707 727 1748 763 ἂν
1765 727 1861 763 οὐδὲν
1878 727 2043 774 ἀχθοίμην
2058 728 2148 770 βίον.

1386 781 1585 827 παραινέσαι
1604 794 1661 815 σοι
1680 781 1833 827 σμικρὸν,
1853 779 2033 826 Ἀλκμήνη,
2053 779 2158 825 θέλω,

1389 834 1447 868 τὸν
1465 831 1558 879 ἄνδρ’
1578 833 1714 879 ἀφεῖναι
1730 830 1830 876 τόνδ’,
1849 832 1921 869 ἐπεὶ
1938 833 2037 869 πόλει
2055 833 2156 868 δοκεῖ.

1391 887 1424 920 τί
1442 885 1484 927 δ’,
1505 884 1544 930 ἢν
1562 885 1643 930 θάνῃ
1662 899 1699 920 τε
1717 886 1769 920 καὶ
1787 886 1886 921 πόλει
1903 885 2099 931 πιθώμεθα,

1387 939 1428 973 τὰ
1446 937 1552 986 λῷστ’
1572 938 1612 973 ἂν
1630 936 1691 982 εἴη·
1718 940 1788 974 πῶς
1804 937 1875 973 τάδ’
1894 936 1953 974 οὖν
1968 937 2168 986 γενήσεται;

1392 991 1458 1038 ἐγὼ
1477 990 1601 1034 διδάξω
1618 989 1750 1037 ῥᾳδίως·
1778 992 1944 1026 κτανοῦσα
1960 991 2027 1038 γὰρ

1389 1042 1477 1079 τόνδ’
1498 1040 1569 1078 εἶτα
1587 1043 1702 1090 νεκρὸν
1719 1045 1789 1079 τοῖς
1805 1042 2028 1088 μετελθοῦσιν
2044 1043 2158 1089 φίλων

1390 1097 1500 1131 δώσω·
1527 1096 1566 1130 τὸ
1583 1096 1649 1143 γὰρ
1669 1094 1754 1139 σῶμ’
1775 1095 1834 1130 οὐκ
1851 1095 2030 1141 ἀπιστήσω
2048 1094 2156 1141 χθονί·

1390 1148 1487 1184 οὗτος
1505 1148 1540 1183 δὲ
1559 1149 1662 1184 δώσει
1679 1147 1739 1193 τὴν
1756 1147 1848 1193 δίκην
1866 1147 1973 1183 θανὼν
1991 1147 2073 1194 ε’μοί.

1390 1200 1501 1241 κτεῖν’,
1522 1201 1560 1235 οὐ
1578 1200 1801 1247 παραιτοῦμαί
1818 1216 1871 1236 σε·
1898 1200 1996 1246 τήνδε
2014 1203 2050 1238 δὲ
2067 1201 2200 1242 πτόλιν,

1390 1253 1463 1289 ἐπεί
1480 1253 1512 1299 μ’
1533 1254 1643 1299 ἀφῆκε
1661 1254 1714 1288 καὶ
1733 1252 1919 1299 κατῃδέσθη
1939 1255 2077 1296 κτανεῖν,

1389 1309 1533 1354 χρησμῷ
1551 1307 1684 1354 παλαιῷ
1702 1305 1824 1349 Λοξίου
1843 1305 2047 1352 δωρήσομαι,

1391 1359 1427 1395 ὃς
1445 1357 1621 1404 ὠφελήσει
1637 1358 1759 1402 μείζον’
1779 1357 1798 1403 ἢ
1818 1358 1927 1394 δοκεῖν
1942 1360 2067 1405 χρόνῳ.

1390 1411 1529 1446 θανόντα
1546 1413 1612 1458 γάρ
1629 1426 1671 1456 με
1690 1410 1814 1458 θάψεθ
1834 1411 1873 1446 οὗ
1890 1413 1928 1446 τὸ
1946 1412 2123 1458 μόρσιμον,

1391 1464 1462 1500 δίας
1478 1464 1619 1511 πάροιθε
1635 1463 1800 1511 παρθένου
1819 1463 2040 1509 Παλληνίδος.

1391 1518 1444 1552 καὶ
1463 1518 1520 1551 σοὶ
1537 1517 1598 1562 μὲν
1616 1518 1728 1553 εὔνους
1746 1517 1799 1551 καὶ
1816 1518 1916 1552 πόλει
1935 1515 2099 1562 σωτήριος

1390 1570 1540 1615 μέτοικος
1558 1569 1609 1604 ἀεὶ
1628 1570 1781 1614 κείσομαι
1800 1570 1881 1604 κατὰ
1898 1569 2031 1615 χθονὸς,

1390 1625 1460 1659 τοῖς
1477 1622 1579 1658 τῶνδε
1598 1620 1628 1657 δ’
1648 1622 1816 1669 ἐκγόνοισι
1833 1623 2094 1668 πολεμιώτατος.

1391 1675 1470 1710 ὅταν
1486 1676 1620 1720 μόλωσι
1639 1675 1736 1716 δεῦρο
1755 1674 1820 1709 σὺν
1835 1676 1949 1720 πολλῇ
1967 1674 2054 1721 χερὶ,

1389 1729 1489 1775 χάριν
1506 1728 1686 1774 προδόντες
1703 1725 1810 1772 τήνδε·
1837 1727 1996 1763 τοιούτων
2013 1725 2116 1771 ξένων

1390 1782 1589 1827 προῦστητε.
1626 1785 1697 1817 πῶς
1715 1778 1773 1815 οὗν
1790 1779 1881 1814 ταῦτ’
1902 1778 1967 1826 ἐγὼ
1984 1773 2197 1824 πεπυσμένος

1391 1830 1481 1879 δεῦρ’
1501 1831 1618 1876 ἦλθον,
1639 1832 1717 1867 ἀλλ’
1736 1832 1775 1867 οὗ
1792 1833 1948 1879 χρησμὸν
1964 1829 2110 1877 ᾐδούμην
2128 1828 2228 1870 θεοῦ,·

1384 1884 1497 1932 Ἥραν
1516 1884 1656 1930 νομίζων
1674 1883 1857 1931 θεσφάτων
1875 1885 2024 1932 κρείσσω
2042 1883 2142 1927 πολὺ,

1390 1938 1469 1972 κούκ
1488 1936 1528 1972 ἂν
1545 1937 1726 1984 προδοῦναί
1741 1936 1791 1982 μ’.
1828 1938 1920 1972 ἀλλὰ
1937 1937 2020 1983 μήτε
2037 1949 2094 1982 μοι
2110 1935 2194 1982 χοὰς

1389 1989 1466 2035 μήθ’
1485 1987 1555 2035 αἷμ’
1576 1991 1677 2035 ἐάσῃς
1695 1990 1742 2026 εἷς
1760 1989 1839 2035 ε’μὸν
1857 1990 1978 2034 στάξαι
1996 1989 2115 2035 τάφον.

1391 2043 1490 2077 κακὸν
1506 2043 1571 2089 γὰρ
1590 2042 1701 2079 αὐτοῖς
1719 2046 1842 2078 νόστον
1859 2042 1931 2078 ἀντὶ
1948 2042 2044 2077 τῶνδ’
2064 2040 2130 2089 ἐγὼ

1391 2095 1501 2130 δώσω·
1530 2095 1671 2131 διπλοῦν
1689 2096 1724 2131 δὲ
1744 2095 1859 2141 κέρδος
1878 2095 1961 2139 ἕξετ’
1981 2094 2019 2139 ἐξ
2038 2095 2129 2137 ἐμοῦ,

2251 375 2329 399 1010

2249 634 2325 668 ¹0¹5

2246 899 2326 922 1020

2249 1161 2326 1193 ¹025
2363 1191 2369 1200 ‘

2249 1423 2328 1453 ¹030

2250 1685 2326 1716 1035

2251 1947 2330 1978 1040

1390 2148 1474 2193 ὑμᾶς
1491 2147 1519 2182 τ’
1539 2146 1650 2192 ὀνήσω
1669 2146 1793 2183 τούσδε
1811 2162 1847 2182 τε
1864 2148 1997 2195 βλάψω
2017 2146 2136 2182 θανών.

1287 2207 1355 2237 AA„

2271 2213 2287 2232 Ι)

2290 2210 2329 2243 ὲ.

1392 2200 1426 2235 τί
1444 2201 1526 2245 δῆτα
1542 2198 1698 2245 μέλλετ’,
1719 2200 1748 2235 εἷ
1765 2201 1865 2236 πόλει
1884 2199 2051 2247 σωτηρίαν
2252 2212 2263 2234 1

1389 2252 1663 2299 κατεργάσασθαι
1680 2252 1772 2288 τοῖσί
1789 2251 1817 2287 τ’
1838 2252 1876 2297 ἐξ
1894 2253 1984 2298 ὑμῶν
2000 2251 2122 2299 χρεὼν,

1390 2306 1528 2340 κτείνειν
1545 2306 1603 2340 τὸν
1621 2305 1725 2351 ἄνδρα
1739 2305 1841 2345 τόνδ’,
1861 2304 2036 2341 ἀκούοντες
2054 2305 2156 2344 τάδε,-

1390 2357 1539 2393 δείκνυσι
1556 2358 1621 2404 γὰρ
1640 2357 1802 2393 κέλευθον
1820 2356 2096 2404 ἀσφαλεστάτην.

1391 2410 1513 2457 ἐχθρὸς
1530 2411 1590 2455 μὲν
1608 2410 1700 2458 ἁνὴρ,
1721 2411 1851 2457 ὠφελεῖ
1869 2409 1904 2445 διὲ
1923 2409 2101 2445 κατθανών.

1390 2462 1531 2509 κομίζετ’
1551 2462 1660 2504 αὐτὸν,
1681 2464 1798 2509 δμῶες,
1817 2460 1887 2498 εἶτα
1904 2463 1970 2509 χρὴ
1989 2463 2067 2497 κυσὶ

1391 2516 1504 2551 δοῦναι
1522 2516 1707 2552 κτανόντας·
1734 2516 1779 2562 μὴ
1797 2517 1863 2563 γὰρ
1881 2515 2027 2559 ἐλπίσῃς
2045 2514 2134 2551 ὅπως

1391 2567 1485 2605 αὖθις
1501 2567 1656 2616 πατρῴας
1674 2569 1738 2612 ζῶν
1755 2568 1804 2614 ἔμ’
1825 2569 1980 2610 ἐκβαλεῖς
1997 2567 2131 2613 χθονός.

1388 2622 1491 2656 ταύτὰ
1509 2621 1599 2656 δοκεῖ
1615 2635 1683 2666 μοι.
1721 2620 1880 2667 στείχετ’,
1900 2619 2028 2656 ὀπαδοί.

1389 2675 1430 2707 τὰ
1447 2675 1513 2721 γὰρ
1533 2672 1570 2716 ἐξ
1588 2672 1679 2718 ἡμῶν

1390 2726 1540 2772 καθαρῶς
1557 2726 1653 2762 ἔσται
1671 2727 1886 2768 βασιλεῦσιν·

2251 2475 2331 2506 1050

2252 2735 2328 2768 1055
