2488 3860
191 272 273 314 596

625 382 813 414 HAQNOL

245 478 330 516 Fuit
358 475 563 526 tetralogiae
593 474 821 525 Lycurgeae:
855 473 939 510 vide
967 471 1062 509 infra
1090 471 1138 509 ad
1165 471 1240 521 Ly-

194 544 363 581 curgum.

246 587 310 622 54.
341 583 476 621 Strabo
502 581 556 619 X.
576 595 614 631 Ρ.
636 582 726 619 470.
768 580 905 619 Τούτοις
937 580 966 617 δ’
999 582 1086 616 ἔοικε
1117 580 1171 615 καὶ
1202 580 1244 614 τὰ

193 642 284 688 παρὰ
300 641 371 676 τοῖς
390 639 499 686 Θρᾳξὶ
516 638 558 673 τά
581 652 618 673 τε
643 635 809 672 Κοτύττια
833 637 887 671 καὶ
904 637 946 671 τὰ
965 635 1146 675 Βενδίδεια,
1165 632 1242 680 παρ’

195 693 245 732 οἷς
272 694 325 729 καὶ
352 694 394 729 τὰ
421 693 570 739 Ὀρφικὰ
597 690 656 735 τὴν
684 690 853 738 καταρχὴν
880 691 976 736 ἔσχε.
1013 691 1072 734 τῆς
1098 688 1159 734 μὲν
1186 686 1246 722 οὖν

195 750 325 785 Κότυος
355 748 414 792 τῆς
445 747 481 781 ἐν
511 747 582 782 τοῖς
597 744 763 781 Ἠδωνοῖς
793 742 969 790 Αἰσχύλος
999 742 1161 789 μέμνηται
1192 741 1246 776 καὶ

195 807 261 838 τῶν
278 801 355 849 περὶ
374 800 475 845 αὐτὴν
493 799 656 847 ὀργάνων.
687 799 790 834 εἰπὼν
807 799 873 845 γὰρ

303 855 411 900 Σεμνὰ
430 855 539 889 Κότυς
558 853 593 888 ἐν
610 855 680 889 τοῖς
697 852 874 893 Ἠδωνοῖς,

197 910 291 958 ὅρεια
317 908 346 944 δ’
366 907 480 956 ὅργαν’
507 908 647 953 ἔχοντας
674 903 860 951 (AEschyli
886 901 1001 951 igitur
1027 900 1141 937 verba
1167 899 1245 936 fue-

198 967 285 999 runt
316 962 394 1010 ὅρει’
428 961 540 1010 ὅργαν’
573 954 727 1007 ἔχοντες)
761 958 838 995 τοὺς
869 959 948 1004 περὶ
977 957 1037 992 τὸν
1069 957 1247 996 Διόνυσον,

200 1016 323 1053 εὐθέως
341 1017 496 1063 ἐπιφέρει

569 1067 609 1103 ‘O
628 1067 690 1113 μὲν
708 1066 744 1102 ἐν
761 1066 883 1112 χερσὶν

306 1125 482 1170 βόμβυκας
500 1123 599 1168 ἔχων,
619 1123 740 1168 τόρνου
758 1121 915 1165 κάματον,

307 1177 584 1214 δακτυλόδεικτον
601 1176 774 1221 πίμπλησι
791 1173 911 1219 μέλος,

308 1232 427 1277 μανίας
445 1230 621 1277 ἐπαγωγὸν
640 1228 798 1274 ὁμοκλάν·

308 1287 326 1320 6
346 1286 382 1320 δὲ
400 1283 620 1332 χαλκοδέτοις
639 1281 794 1318 κοτύλαις
812 1280 937 1322 ὀτοβεῖ.

204 1340 256 1376 καὶ
274 1340 378 1375 πάλιν

468 1391 609 1437 Ψαλμὸς
627 1390 656 1426 δ’
676 1389 849 1432 ἀλαλάζει·

311 1446 567 1493 ταυρόφθογγοι
585 1444 613 1479 δ’
634 1445 866 1489 ὑπομυκῶνται

310 1500 416 1536 ποθὲν
434 1499 471 1544 ἐξ
489 1500 640 1546 ἀφανοῦς
659 1496 807 1544 φοβεροὶ
823 1498 930 1542 μῖμοι,

311 1555 459 1590 τυπάνου
478 1553 507 1588 δ’
528 1552 623 1587 εἰκὼν
643 1550 726 1587 ὥσθ’
745 1550 906 1596 ὑπογείου

311 1609 456 1655 βροντῆς
474 1606 615 1654 φέρεται
632 1603 861 1652 βαρυταρβὴς.

208 1659 416 1697 Scholiasta
432 1658 600 1695 Venetus
624 1656 729 1693 Iliad.
755 1658 802 1704 ψ,
822 1656 885 1691 34.
916 1654 1074 1690 Καθόλου
1099 1653 1136 1688 δὲ
1161 1650 1256 1687 κοτύ-

207 1718 270 1752 λας
288 1715 429 1750 ἐκάλουν
452 1714 560 1749 πάντα
582 1713 624 1748 τὰ
642 1714 750 1747 κοῖλα.
779 1711 832 1746 καὶ
849 1707 1024 1755 Αἰσχύλος
1043 1707 1079 1742 ἐν
1094 1706 1258 1742 Ἠδωνοῖς

208 1770 250 1805 τὰ
280 1768 438 1815 κύμβαλα
470 1766 542 1802 “Ὀ
584 1767 621 1801 δὲ
657 1764 876 1812 χαλκοδέτοις
911 1761 1066 1798 κοτύλαις
1097 1756 1257 1803 στοβεῖ.”

211 1820 366 1869 Corrige
381 1822 495 1864 ὀτοβεῖ
508 1831 555 1856 ex
568 1817 765 1854 Eustathio
783 1829 821 1865 p.
840 1816 951 1858 1282,
972 1815 1030 1850 16.
1047 1812 1111 1862 qui
1124 1823 1260 1848 nomen

210 1873 342 1910 fabulae
382 1872 518 1910 omisit.

211 1926 281 1963 XI.
302 1939 340 1974 p.
361 1926 437 1964 479
457 1925 494 1961 b.

264 1981 328 2016 55.
358 1978 566 2015 Scholiasta
606 1974 867 2025 Aristophanis
908 1971 1179 2021 Thesmophor.
1223 1983 1260 2006 v.

217 2034 302 2068 135.
333 2034 432 2081 Λέγει
451 2034 488 2069 δὲ
514 2029 742 2080 (Λυκοῦργος)
767 2031 803 2066 ἐν
825 2031 896 2066 τοῖς
911 2027 1078 2064 Ἠδωνοῖς
1101 2027 1187 2074 πρὸς
1204 2024 1264 2061 τὸν

214 2087 459 2134 συλληφθέντα
477 2088 645 2122 Διόνυσον
664 2087 686 2104 “
703 2085 863 2121 Ποδαπὸς
881 2084 900 2118 6
917 2081 1030 2130 γύννις
1043 2079 1080 2124 ;”

267 2140 330 2175 56.
359 2138 628 2187 Aristophanes
645 2137 684 2173 in
701 2136 843 2173 Avibus
860 2148 897 2172 v.
919 2134 1009 2171 277.

266 2194 323 2231 Τίς
340 2194 415 2229 ποτ’
435 2194 507 2230 ἔσθ’
528 2195 546 2228 6
565 2194 793 2239 μουσόμαντις
816 2191 941 2226 ἄτοπος
966 2188 1057 2236 ὅρνις
1083 2187 1263 2235 ὀριβάτης;

215 2245 279 2281 ubi
298 2246 507 2289 scholiasta,
526 2250 634 2282 Τοῦτο
653 2244 744 2282 εἶπεν
762 2246 809 2281 εἷς
832 2245 871 2280 τὸ
895 2243 1079 2290 τερατῶδες
1096 2243 1156 2277 τοῦ
1174 2240 1262 2287 ὅρνι-

218 2301 276 2337 θος
303 2301 454 2349 ἀφορῶν,
474 2302 571 2336 οὐδὲν
596 2301 683 2347 πρὸς
708 2301 748 2335 τὸ
774 2298 1032 2346 προσκείμενον.
1061 2295 1153 2342 παρὰ
1170 2295 1209 2329 τὸ
1228 2294 1266 2339 ἐξ

217 2354 378 2390 Ἠδωνῶν
395 2354 573 2402 Αἰσχύλου
593 2356 615 2374 “
627 2354 668 2389 Τί
684 2353 760 2389 ποτ’
781 2354 878 2388 ἕσται
897 2353 915 2387 6
934 2351 1161 2397 μουσόμαντις
1179 2347 1265 2382 ἅλα-

218 2410 279 2445 λος
305 2408 469 2456 ἇβρατεὺς
501 2408 539 2443 ὃν
571 2404 724 2444 σθένει.”
781 2403 925 2446 suidas,
955 2404 1264 2449 Μουσόμαντιςε

220 2463 408 2508 κομπώδης.
437 2465 583 2498 τοιοῦτοι
596 2462 662 2509 γὰρ
682 2461 713 2496 οἶ
730 2460 864 2507 μάντεις
881 2459 935 2494 καὶ
952 2458 985 2492 οἶ
1002 2456 1149 2503 ποιηταί.
1176 2455 1269 2502 παρὰ

220 2516 259 2550 τὸ
279 2516 316 2559 ἐξ
333 2515 495 2552 Ἠδωνῶν
513 2514 691 2562 Αἰσχύλου
711 2517 733 2534 “
746 2514 804 2551 Τίς
827 2512 901 2549 ποτ’
921 2513 1019 2547 ἔσται
1037 2513 1055 2546 6
1073 2510 1268 2557 μουσόμαν-

221 2584 271 2606 τις
288 2570 394 2606 ἅλλος
412 2567 617 2617 ἀβρατεύςο”

274 2622 339 2658 57.
368 2621 569 2658 Erotianus
585 2634 623 2670 p.
648 2621 734 2657 190.
758 2620 915 2668 ’Ίκταρι
947 2618 1058 2667 ἐγγὺς,
1083 2617 1176 2665 παρὰ
1201 2617 1271 2652 τοῖς

233 2678 395 2717 Αττικοῖς,
412 2676 456 2712 ὡς
470 2677 522 2711 καὶ
537 2674 710 2723 Αἰσχύλος
725 2675 760 2710 ἐν
773 2674 935 2720 Εὐμενίσι
949 2673 1040 2721 φησί
1052 2690 1117 2706 -·-.
1146 2669 1271 2717 μέμνη-

223 2744 277 2764 ται
295 2731 314 2764 ὁ
332 2729 431 2766 αὐτὸς
449 2732 506 2775 τῆς
522 2730 649 2776 λέξεως
667 2730 720 2764 καὶ
739 2729 774 2764 ἐν
791 2728 967 2764 Ἠδωνοῖς.

277 2783 341 2817 58.
372 2781 595 2830 Hesychius,
613 2783 844 2829 ”Αδασμος;
874 2781 994 2816 οὐδένα
1020 2777 1153 2826 δασμὸν
1180 2777 1272 2813 ε’κτε-

224 2837 348 2877 λοῦσα,
370 2833 442 2871 οἷον
459 2839 609 2872 τελοῦσα
633 2837 784 2872 ἐνοίκιον.
815 2833 990 2882 Αἰσχύλος
1005 2833 1172 2869 Ἠδωνοῖς
1193 2830 1270 2875 (co-

228 2887 300 2923 dex
322 2888 476 2934 ἡδονὴν).
534 2888 691 2926 Photius
713 2901 751 2936 Ρ.
780 2889 815 2929 8,
834 2889 872 2923 4.
893 2887 1125 2934 ”Αδασμοςε
1155 2883 1274 2920 οὐδένα

229 2943 362 2989 δασμὸν
380 2943 566 2986 ἐκτίνουσα,
586 2943 663 2978 οὐδὲ
681 2943 866 2990 μερίζουσα
884 2942 1017 2988 δασμὸν
1029 2942 1089 2986 τῆς
1102 2938 1274 2984 οἰκήσεως.

229 2994 334 3033 οὕτως
351 2995 535 3042 Αἰσχύλος.

283 3049 347 3084 59.
378 3047 588 3096 Hesychius
607 3052 645 3084 et
664 3046 810 3088 Suidas,
827 3049 1026 3096 Αἰγίζεινε
1056 3047 1215 3083 διασπᾶν.
1241 3044 1277 3079 ἐκ

231 3103 436 3150 μεταφορᾶς,
454 3102 532 3150 παρ’
553 3102 571 3137 ὃ
599 3103 652 3137 καὶ
677 3101 716 3137 τὸ
741 3102 928 3149 αἷγίζεσθαι
954 3102 1021 3137 ἀπὸ
1038 3104 1106 3137 τῶν
1124 3099 1275 3146 αἰγίδων.

233 3155 419 3202 Αἰσχύλος.
440 3157 458 3190 6
477 3155 506 3191 δ’
526 3154 624 3191 αὐτὸς
643 3155 678 3190 ἐν
694 3154 857 3192 Ἠδωνοῖς
876 3151 994 3202 (ἡδονῇ
1014 3152 1132 3189 codex
1152 3151 1275 3198 Hesy-

234 3207 325 3256 chii)
344 3210 398 3244 καὶ
415 3210 474 3245 τὰς
492 3210 647 3256 νεβρίδας
671 3206 757 3243 οὕτω
779 3209 885 3255 λέγει.
940 3207 1035 3243 Haec
1057 3203 1190 3254 partim
1218 3214 1275 3238 re-

234 3265 410 3310 petuntur
426 3260 521 3297 infra
545 3259 643 3308 apud
666 3258 831 3301 Suidam,
849 3261 1019 3298 Ἠδωνὶς
1034 3259 1275 3295 ‘Hammon

235 3316 331 3363 χώρα
347 3315 434 3352 οὕτω
451 3315 599 3363 λέγεται.
628 3314 681 3349 καὶ
697 3313 844 3349 Ἠδωνοὶ
862 3314 967 3360 ὄνομα
988 3314 1114 3350 ἔθνους.
1148 3308 1278 3357 Αἰσχύ-

235 3370 310 3405 λος.
340 3370 359 3404 6
383 3368 412 3404 δ’
430 3369 529 3406 αὐτὸς
556 3369 591 3404 ἐν
616 3366 802 3402 Ἠδωνοῖσι
830 3368 883 3403 καὶ
909 3369 969 3405 τὰς
995 3367 1151 3414 νεβρίδας
1177 3363 1281 3400 οὕτως

238 3423 343 3459 καλεῖ.
370 3422 424 3458 καὶ
441 3423 537 3458 ἔστιν
555 3422 590 3457 ἐν
607 3423 654 3469 τῷ
671 3421 820 3467 αἰγίζειν.

293 3474 355 3512 60.
387 3472 609 3523 HesychiuS‚
627 3473 775 3520 Ἀμφίδ
781 3488 826 3519 ρο
832 3489 904 3520 μος
918 3486 926 3508 :
955 3472 1130 3521 Αἰσχύλος
1152 3471 1282 3519 Σεμέλῃ

573 1870 711 1908 Attulit
745 1870 845 1906 hunc
879 1879 1028 1904 versum
1059 1865 1261 1902 Athenaeus

1093 263 1394 308 ΑΙΣΧΥΛΟΥ

1276 376 1408 411 ἔπλασε
1426 372 1567 418 δαίμονα
1591 383 1703 405 καινον
1719 367 1798 414 περὶ
1816 367 1858 402 τὰ
1873 364 2118 412 Ἀμφιδρόμια,
2139 361 2185 399 ὡς
2202 361 2232 397 εἰ
2249 361 2327 397 ἕλε·

1275 444 1334 477 γες
1359 429 1419 464 τὸν
1445 425 1631 474 γενέθλιον.
1676 422 1776 467 δηλοῖ
1801 421 1839 456 δὲ
1867 420 1921 455 καὶ
1952 419 1990 463 ἐξ
2022 416 2180 464 ἑκατέρου
2207 415 2330 463 μέρους

1277 483 1443 528 θεώμενον
1469 479 1488 525 ἢ
1516 475 1780 526 προηγούμενον,
1806 473 1826 520 ἦ
1851 476 1958 522 ὁρμᾶν
1983 472 2176 518 δυνάμενον,
2197 471 2243 507 ὡς
2269 469 2330 505 Αἰ-

1278 535 1410 583 σχύλος
1427 534 1593 569 Ἠδωνοῖς
1612 527 1750 576 (codex
1767 525 1922 574 ἡδωνές).

1334 589 1397 624 6l.
1428 583 1653 633 Hesychius,
1678 581 1911 618 ’Άσσισταε
1954 581 2110 628 ἔγγιστα.
2158 574 2332 623 Αἰσχύλος

1278 643 1444 678 Ἠδωνοῖς
1465 636 1603 686 (codex
1621 636 1788 682 ἡδωνῶν).

1334 696 1396 731 62,
1428 689 1637 728 Scholiasta
1656 686 1815 725 Homeri
1836 685 1944 723 Iliad.
1965 701 1989 728 ι,
2009 686 2100 721 535.
2131 683 2334 730 Ξενοφῶντα

1281 750 1318 784 δὲ
1335 748 1434 797 γένος
1451 761 1484 782 τι
1500 745 1615 781 Ἰνδῶν
1633 744 1739 790 φάναι
1760 743 1819 778 τὸν
1835 739 1982 788 χλούνην
2000 737 2095 783 εἶναι,
2114 738 2263 785 καθάπερ
2281 737 2335 772 καὶ

1281 803 1358 851 παρ’
1375 800 1540 848 Αἰσχύλῳ
1560 799 1596 834 ἐν
1611 797 1777 833 Ἠδωνοῖς

1389 851 1635 902 Μακροσκελὴς
1652 852 1713 898 μὲν
1731 851 1844 898 ὅραμα
1859 846 2007 896 χλούνης
2023 861 2075 883 τις
2091 842 2134 882 εἰ.

1283 906 1518 944 Vocabulum
1539 904 1686 953 χλούνης
1712 915 1760 939 ex
1785 899 1968 950 AEschylo
1991 901 2175 935 memorat
2200 895 2335 933 Eusta-

1283 961 1382 998 thius
1400 973 1438 1009 p.
1461 959 1549 1000 772,
1570 959 1634 995 53.
1657 958 1737 994 ’Ότι
1755 957 1793 993 δὲ
1811 957 1866 992 καὶ
1879 954 2034 1001 ε’ντομίαν
2047 955 2066 988 6
2079 950 2227 1000 χλούνης
2239 952 2339 996 δηλοῖ

1284 1017 1324 1051 οὐ
1345 1017 1448 1061 μόνον
1473 1012 1650 1060 Αἰσχύλος
1679 1013 1801 1048 δίδωσι
1824 1012 2015 1058 χρῆσιν-.
2033 1009 2173 1054 χλοῦνις
2201 1002 2340 1052 legitur

1285 1068 1323 1104 in
1341 1067 1500 1104 Eumen.
1520 1078 1557 1102 v.
1582 1066 1670 1102 188.

1712 1155 1919 1187 ΗΛΙΑΔΕΣ.

1319 1223 1539 1262 Dissertatio
1560 1220 1768 1261 Hermanni
1785 1220 1823 1256 in
1841 1219 1983 1268 Opusc.
2003 1216 2077 1253 vol.
2096 1215 2170 1253 III.
2189 1227 2227 1264 p.
2252 1215 2338 1250 130.

1344 1296 1407 1331 63.
1438 1292 1712 1330 Grammaticus
1731 1289 1893 1327 Bekkeri
1910 1287 1942 1325 Ι.
1957 1300 1996 1336 p.
2014 1287 2103 1329 346,
2119 1287 2157 1323 9.
2185 1286 2340 1334 Ἀδρια-

1291 1350 1353 1386 ναὶ
1370 1351 1578 1397 γυναῖκεςι
1608 1345 1785 1394 Αἰσχύλος
1803 1346 1839 1381 ἐν
1854 1344 2018 1380 Ἡλιάσιν

1397 1402 1571 1450 Ἀδριαναί
1588 1417 1625 1437 τε
1642 1402 1796 1449 γυναῖκες
1812 1400 1940 1446 τρόπον
1958 1397 2076 1441 ἕξουσι
2092 1396 2196 1443 γόων.

1291 1457 1463 1504 Ἀδριηναί
1483 1455 1725 1492 Hermannus
1743 1464 1780 1500 p.
1807 1452 1892 1487 138.

1347 1511 1409 1546 64.
1439 1508 1644 1546 Athenaeus
1675 1504 1746 1542 XI.
1775 1517 1813 1553 Ρ.
1840 1504 1916 1540 469
1948 1502 1976 1539 f.
2004 1501 2083 1538 ’Ότι
2111 1503 2131 1537 6
2161 1501 2261 1547 ἥλιος
2289 1500 2344 1536 ἐπὶ

1292 1564 1453 1611 ποτηρίου
1472 1563 1677 1608 διεκομίζετο
1702 1560 1758 1596 ἐπὶ
1775 1559 1836 1605 τὴν
1854 1553 2346 1603 δύσιν-φησίν-Αἰσχύλος

1292 1619 1328 1654 ἐν
1344 1617 1507 1653 Ἡλιάσιν
1527 1615 1655 1652 “*Evo’
1676 1615 1732 1650 ἐπὶ
1751 1614 1895 1659 δυσμαῖς
1911 1611 1992 1647 'lo-ov
2010 1610 2137 1657 πατρὸς
2149 1608 2344 1655 Ἡφαιστο-

1291 1672 1408 1718 τευχὲς
1426 1671 1531 1707 δέπας
1549 1671 1585 1706 ἐν
1602 1672 1648 1718 τῷ
1668 1668 1848 1711 διαβάλλει
1872 1665 1982 1702 πολὺν
2005 1664 2223 1707 οἰδματόεντα
2247 1661 2346 1709 φέρει

1292 1727 1421 1774 δρόμου
1447 1726 1555 1772 πόρον
1582 1722 1651 1759 οὐδ’
1672 1722 1719 1759 εἰς
1742 1720 1953 1767 μελανίππου
1974 1717 2163 1765 προφυγὼν
2181 1717 2272 1764 ἱερᾶς
2289 1730 2346 1751 νυ-

1294 1779 1370 1816 κτὸς
1387 1775 1577 1827 ἀμολγόν.”
1633 1775 1728 1819 Quae
1754 1774 1994 1810 Hermannus
2016 1782 2055 1819 p.
2080 1768 2167 1806 137.
2186 1767 2240 1805 ita
2265 1779 2346 1804 cor-

1293 1831 1383 1881 rigit

1707 1880 1806 1917 ’Ἔνθ’

1455 1939 1511 1975 ἐπὶ
1530 1939 1696 1983 δυσμαῖσι
1713 1938 1792 1971 τεοῦ

1455 1993 1583 2040 πατρὸς
1599 1989 1878 2037 Ἠφαιστοτυχὲς

1458 2046 1571 2088 δέπας,
1592 2045 1629 2081 ἐν
1645 2047 1692 2093 τῷ
1711 2044 1891 2086 διαβάλλει

1455 2100 1566 2136 πολὺν
1583 2096 1788 2144 οἰδματόεντ’
1809 2094 2027 2142 ἀμφίδρομον

1454 2155 1574 2201 πόρον,
1594 2153 1642 2189 εἷς
1659 2151 1870 2198 μελανίππου

1457 2207 1646 2254 προφυγὼν
1665 2207 1754 2252 ἱερᾶς
1773 2204 1889 2240 νυκτὸς
1907 2200 2070 2246 ἀμολγόν.
2307 2207 2309 2209 ’

1353 2259 1416 2296 65.
1445 2259 1650 2295 Athenaeus
1668 2256 1718 2294 X.
1738 2269 1776 2305 p.
1798 2254 1874 2291 424
1894 2252 1931 2289 d.
1960 2251 2074 2300 Τούτῳ
2089 2249 2206 2297 ὅμοιόν
2220 2249 2297 2285 ε’στι
2310 2249 2351 2285 τὸ

1299 2313 1537 2361 ἀνιηρέστερον
1561 2314 1615 2349 καὶ
1638 2311 1678 2348 τὸ
1703 2312 1740 2348 ἐν
1762 2310 1926 2346 Ἡλιάσιν
1950 2305 2127 2352 Αἰσχύλου
2147 2302 2349 2351 ’(Ἀφθονέ-

1300 2382 1406 2415 στερα
1426 2365 1548 2411 λίβα.”
1603 2364 1776 2413 Epitome
1802 2360 2058 2410 ἀφθονέστερον
2083 2358 2178 2401 λίβα.
2235 2355 2352 2391 Recte

1302 2418 1545 2456 Casaubonus
1572 2417 1830 2467 ἀφθονεστέραν
1856 2416 1952 2459 λίβα.
2009 2410 2072 2449 Sic
2099 2411 2252 2448 εὐκταίαν
2267 2409 2353 2452 λίβα

1301 2471 1436 2521 fragm.
1457 2474 1523 2509 49.

1357 2527 1420 2562 66.
1451 2524 1660 2562 Scholiasta
1695 2520 1890 2571 Sophoclis
1922 2519 2012 2556 OEd.
2047 2516 2130 2555 Col.
2162 2528 2200 2553 v.
2235 2514 2352 2552 1248.

1302 2579 1398 2616 Ἀπὸ
1422 2579 1543 2628 ῥιπᾶν
1556 2592 1565 2615 :
1589 2580 1631 2615 τὰ
1648 2579 1715 2614 ἀπὸ
1729 2582 1796 2614 τῶν
1809 2576 1898 2624 ὀρῶν
1914 2577 2006 2622 φησι
2018 2577 2086 2610 τῶν
2097 2583 2352 2620 προσαγορευο·

1303 2633 1412 2680 μένων
1436 2634 1569 2670 Ῥιπῶν.
1606 2633 1694 2669 τινὲς
1721 2633 1758 2667 δὲ
1785 2629 1872 2667 οὕτω
1899 2630 2044 2664 καλοῦσι
2069 2626 2202 2662 ‘Phrata
2227 2623 2356 2671 ὅρη.-

1304 2687 1466 2734 μέμνηται
1497 2688 1551 2723 καὶ
1582 2687 1617 2723 ἐν
1647 2686 1810 2722 Ἡλιάσιν
1840 2681 2016 2730 Αἰσχύλος
2048 2679 2192 2716 “‘Ptvma
2222 2678 2284 2724 μὲν
2313 2675 2355 2721 δὴ

1406 2743 1415 2755 Ι
1448 2740 1471 2754 ’2

1306 2757 1446 2790 πατρος.

1692 2844 1977 2878 ΗΡΑΚΛΕΙΔΑῙ.

1363 2914 1426 2952 67.
1457 2912 1631 2950 Stobaeus
1653 2908 1817 2951 CXXII,
1838 2910 1875 2944 2.
1907 2905 2083 2954 Αἰσχύλου
2099 2901 2329 2951 Ἡρακλειδῶν

1418 2969 1466 3004 Οὐ
1484 2969 1550 3015 γάρ
1568 2982 1601 3004 τι
1619 2968 1731 3012 μεῖζον
1749 2965 1837 3000 ἄλλο
1856 2963 1955 2999 τοῦδε
1972 2960 2145 3005 πείσομαι.

1364 3022 1428 3058 68.
1459 3018 1684 3068 Hesychius,
1723 3015 2045 3064 Ἀμφιμῆτορεςε
2092 3013 2124 3047 οἶ
2154 3010 2192 3046 ἐκ
2220 3010 2360 3045 πολλῶν

1311 3075 1462 3122 μητέρων
1487 3075 1665 3121 γεγονότες
1691 3071 1851 3118 ἀδελφοί.
1906 3066 2082 3114 Αἰσχύλος
2109 3063 2358 3111 Ἡρακλείδαις.

1313 3126 1456 3170 Suidas,
1475 3126 1760 3174 Ἀμφιμὴτωρ;
1789 3126 1808 3159 6
1827 3121 2049 3170 έτερομῆτωρ.
2078 3115 2266 3164 Αἰσχύλος.

1366 3181 1429 3216 69.
1461 3178 1684 3227 Hesychius,
1725 3178 2021 3225 Ἐπιγλωσσῶ;
2073 3171 2267 3214 έποιωνίζου
2306 3168 2361 3204 διὸ

1311 3236 1476 3283 γλώττης.
1506 3232 1683 3279 Αἰσχύλος
1699 3230 1947 3279 Ἡρακλείδαις.

1675 3348 2006 3384 ΘΑΛΑΜΟΠΟῙΟῙ.

1371 3417 1433 3455 70.
1463 3416 1593 3453 Pollux
1611 3415 1703 3458 VII,
1728 3417 1813 3452 122.
1843 3415 1908 3452 Καὶ
1935 3413 2084 3455 Λέσβιον
2111 3410 2149 3446 δὲ
2178 3409 2232 3445 καὶ
2259 3406 2364 3455 ἐκφα-

1316 3473 1470 3518 τνῶματα
1483 3472 1536 3507 καὶ
1551 3474 1636 3515 κῦμα
1653 3470 1737 3517 μέρη
1755 3471 1863 3517 ἔργων
1876 3469 1912 3505 ἐν
1925 3464 2101 3513 Αἰσχύλου
2116 3462 2365 3509 Θαλαμοποιοῖς
