2488 3860
201 252 283 312 ‘253

198 587 268 619 XO.

199 694 264 724 EA.

198 904 271 934 XO.

198 958 267 987 EA.

200 1380 271 1410 XO.

200 1486 271 1516 EA.

206 2823 282 2854 ΜΕ.

1100 256 1424 309 mmmmm?

300 369 465 418 τέθριππά
482 367 511 405 τ’
530 366 644 406 ἀελίου

301 423 335 460 ἐς
352 422 491 460 κελευθά
507 421 537 457 τ’
555 422 719 470 ἀστέρων,

298 475 319 520 ἢ
337 475 368 512 ’ν
383 476 497 512 νέκυσι
515 476 598 512 κατὰ
613 474 738 522 χθονὸς

298 530 359 565 τὰν
375 529 512 575 χθόνιον
528 529 600 575 ἔχει
617 527 746 576 τύχανι

304 581 338 618 ἐς
354 583 393 617 τὸ
409 582 576 630 φέρτερον
591 581 676 618 τίθει

298 635 337 670 τὸ
355 634 499 680 μέλλον,
518 633 539 670 ὅ
556 649 589 671 τι
604 634 795 683 γενήσεται.

299 687 340 723 σὲ
357 689 424 736 γὰρ
442 688 598 730 ἐκάλεσα,
617 689 661 723 σέ
678 689 716 724 δὲ
735 686 918 732 κατόμοσα,

298 741 357 776 τὸν
372 741 525 789 ὑδρόεντι
541 741 654 777 δόνακι
670 741 806 788 χλωρὸν

301 794 468 841 Εὐρώταν,
488 794 646 832 θανόντος
663 794 783 842 ἀνδρὸς
800 792 830 827 εἷ

299 847 399 893 βάξις
415 848 534 894 ἔτυμος
549 847 610 883 ἅδε
626 862 695 894 μοι.

304 900 338 935 τί
354 899 425 936 τάδ’
444 899 590 936 ἀσύνετα
600 915 611 941 ,·

301 954 425 999 φόνιον
440 953 591 1000 αἰώρημα

301 1007 358 1042 διὰ
374 1006 473 1053 δέρης
490 1007 660 1054 ὀρέξομαι,

300 1058 320 1104 ἢ
338 1060 537 1106 ξιφοκτόνον
553 1060 684 1105 δίωγμα

300 1111 504 1160 λαιμορύτου
523 1113 662 1159 σφαγᾶς

303 1166 525 1212 αὐτοσίδαρον
542 1167 611 1202 ἔσω
628 1163 770 1199 πελάσω
787 1161 843 1197 διὰ
860 1161 985 1208 σαρκὸς
1001 1160 1159 1207 ἅμιλλαν,

304 1219 392 1264 θῦμα
409 1218 577 1266 τριζύγοις
594 1218 706 1253 θεαῖσι

302 1274 350 1320 τῷ
367 1287 404 1307 τε
422 1270 558 1319 σύριγγ’
579 1270 627 1306 ἀν’
641 1269 715 1315 Ἴδᾳ
733 1269 828 1311 σεβί-

305 1326 392 1368 ζοντι
410 1325 579 1372 Πριαμίδᾳ
594 1323 668 1359 ποτ’
688 1323 778 1369 ἀμφὶ
794 1322 1041 1367 βουστάθμους·

302 1377 425 1413 &Mod
445 1378 622 1424 ἀποτροπὰ
639 1380 746 1412 κακῶν

301 1431 445 1478 γένοιτο,
462 1432 502 1466 τὸ
521 1431 558 1466 δὲ
576 1431 640 1466 σὸν
655 1428 802 1476 εὐτυχές.

303 1485 342 1519 ἶὼ
359 1483 461 1531 Τροία
478 1484 617 1519 τάλαινα

304 1535 347 1572 δι’
367 1538 438 1584 ἔργ’
455 1535 564 1584 ἄνεργ’
583 1536 743 1576 ὄλλυσαι,
762 1535 867 1583 μέλεά
883 1534 912 1572 τ’
932 1536 1043 1585 ἔτλας·

304 1591 345 1625 τὰ
363 1590 392 1625 δ’
413 1590 475 1636 ἐμὰ
492 1590 583 1637 δῶρα
599 1587 768 1636 Κύπριδος
784 1590 875 1625 ἔτεκε

1176 541 1237 574 345

1178 804 1241 836 350

1178 1118 1239 1151 355
1259 1136 1264 1144 ·

1179 1375 1243 1417 360

303 1644 393 1679 πολὺ
410 1643 472 1689 μὲν
488 1640 581 1689 αἷμα,
597 1642 687 1678 πολὺ
705 1642 742 1678 δὲ
759 1644 913 1691 δάκρυον,
930 1644 1016 1692 ἄχεά
1032 1641 1063 1679 τ’
1083 1642 1194 1689 ἄχεσι,

305 1697 429 1743 δάκρυα
447 1696 608 1744 δάκρυσιν
625 1695 729 1738 ἔλαβε
745 1698 863 1741 πάθεα,

304 1749 444 1796 ματέρες
459 1763 497 1785 τε
513 1750 633 1785 παιδας
649 1748 794 1792 ὤλεσαν,

305 1803 372 1838 ἀπὸ
390 1803 428 1838 δὲ
444 1802 603 1850 παρθένοι
620 1803 724 1849 κόμας

305 1856 417 1892 ἔθεντο
434 1855 596 1904 σύγγονοι
614 1861 748 1904 νεκρῶν,
769 1856 994 1904 Σκαμάνδριον

306 1909 395 1956 ἀμφὶ
413 1908 558 1957 Φρύγιον
574 1906 684 1955 οἶδμα.

305 1963 392 2005 βοὰν
411 1963 497 2004 βοὰν
514 1962 544 1998 δ’
562 1961 690 1999 Ἑλλὰς

307 2017 472 2061 κελάδησε
490 2016 726 2060 κάνωτότυξεν,

308 2069 363 2104 ἐπὶ
381 2070 419 2105 δὲ
437 2069 531 2117 κρατὶ
548 2069 649 2116 χέρας
665 2068 792 2114 ἔθηκεν,

308 2122 403 2167 ὄνυχι
421 2122 450 2158 δ’
469 2122 668 2170 ἁπαλόχροα
682 2122 781 2166 γένυν

309 2178 428 2213 ἔδευσε
443 2178 598 2224 φονίαισι
614 2180 772 2226 πλαγαῖς.

1180 1697 1241 1739 365

1181 1971 1245 2006 370

307 2229 334 2266 ὦ
351 2231 458 2278 μάκαρ
474 2231 633 2279 Ἀρκαδίᾳ
649 2232 732 2267 ποτὲ
749 2229 893 2277 παρθένε
912 2229 1115 2272 Καλλιστοῖ,
1133 2227 1213 2265 Διὸς

306 2287 328 2322 ἃ
343 2286 473 2333 λεχέων
490 2285 614 2330 ἐπέβας
629 2286 861 2334 τετραβάμοσι
877 2286 996 2332 γυίοις,
1180 2292 1245 2335 376

306 2341 350 2376 ὡς
366 2340 456 2375 πολὺ
471 2341 595 2387 ματρὸς
613 2340 694 2385 ἐμᾶς
712 2340 837 2386 ἔλαχες
850 2338 968 2384 πλέον,

306 2393 328 2427 ἂ
344 2394 479 2440 μορφᾶς
497 2393 605 2441 θηρῶν
620 2392 832 2440 λαχνογυίων

307 2445 429 2492 ὄμματι
445 2446 564 2495 λάβρῳ
584 2448 701 2492 σχῆμα
718 2447 851 2482 διαίνεις

308 2498 512 2543 ἐξαλλάξασ’
529 2500 636 2546 ἄχθεα
652 2499 772 2544 λύπης·

305 2553 346 2586 ἅν
361 2551 400 2587 τέ
414 2550 489 2588 ποτ’
499 2551 660 2600 *Αρτεμις
677 2550 934 2599 ἐξεχορεύσατο,

308 2604 528 2652 χρυσοκέρατ’
548 2607 692 2652 ἔλαφον,
713 2607 872 2653 Μέροπος
889 2602 1044 2642 Τιτανίδα
1062 2604 1182 2654 κούραν

308 2656 519 2695 καλλοσύνας
536 2657 656 2694 ἕνεκεν·
681 2660 721 2695 τὸ
740 2660 769 2694 δ’
789 2657 870 2704 ἐμὸν
886 2657 987 2703 δέμας

307 2710 436 2747 ὤλεσεν
453 2710 563 2746 ὤλεσε
581 2712 745 2760 Πέργαμα
763 2710 949 2758 Δαρδανίας

308 2764 488 2810 ὀλομένους
503 2764 533 2799 τ’
551 2764 720 2811 Ἀχαιούς.

317 2816 343 2852 ὦ
360 2818 420 2853 τὰς
436 2818 639 2865 τεθρίππους
658 2819 811 2865 Οἰνομάῳ
828 2819 942 2853 Πῖσαν
959 2818 1040 2853 κάτα

308 2869 436 2917 Πέλοψ
453 2870 598 2916 ἁμίλλας
615 2871 847 2917 ἐξαμιλληθείς
863 2885 958 2912 ποτε,

309 2921 370 2958 εἴθ’
390 2923 522 2969 ὤφελες
536 2921 624 2966 τόθ’,
642 2924 722 2969 ἡνίκ’
742 2925 860 2971 ἔρανον
877 2923 912 2961 ἐς
929 2923 1027 2962 θεοὺς
1053 2922 1073 2943 “
1102 2923 1122 2943 “
1151 2920 1169 2940 ’

308 2976 459 3013 πεισθεὶς
477 2976 610 3018 ἐποίεις,
631 2978 666 3013 ἐν
684 2978 771 3014 θεοῖς
788 2978 901 3013 λιπεῖν
917 2977 1006 3020 βίον,

309 3029 389 3075 πρὶν
404 3028 464 3065 τὸν
482 3030 561 3075 ἐμὸν
578 3029 700 3077 Ἀτρέα
716 3029 843 3077 πατέρα
860 3031 1020 3077 γεννῆσαί
1035 3043 1130 3072 ποτε,

310 3081 348 3118 ὃς
365 3081 532 3128 ἐξέφυσεν
547 3082 710 3129 Ἀερόπης
725 3083 872 3129 λέκτρων
889 3082 956 3118 ἄπο

309 3133 525 3181 Ἀγαμέμνον’
545 3135 604 3181 ἐμέ
619 3150 656 3171 τε
675 3137 862 3176 Μενέλεων,
883 3138 1012 3172 κλεινὸν
1030 3136 1142 3182 ζυγόν·

308 3189 474 3223 πλεῖστον
489 3188 555 3235 γὰρ
572 3185 675 3234 οἶμαι,
694 3189 747 3225 καὶ
764 3188 833 3224 τόδ’
853 3188 892 3222 οὐ
912 3190 1028 3238 κόμπῳ
1045 3188 1149 3236 λέγω,

311 3241 502 3287 στράτευμα
519 3243 610 3287 κώπῃ
629 3242 776 3289 διορίσαι
793 3241 914 3288 Τροίαν
931 3243 987 3277 ἔπι

311 3292 480 3341 τύραννος,
500 3294 596 3330 οὐδὲν
611 3295 693 3341 πρὸς
711 3295 791 3338 βίαν
808 3297 1059 3341 στρατηλατῶν,

312 3347 427 3382 ἑκοῦσι
445 3346 474 3382 δ’
493 3347 597 3394 ἄρξας
612 3346 779 3385 Ἑλλάδος
796 3347 947 3384 νεανίαις.

313 3400 367 3435 καὶ
383 3399 462 3438 τοὺς
478 3401 539 3446 μὲν
556 3398 663 3436 οὐκέτ’
682 3400 780 3438 ὄντας
798 3400 981 3447 ἀριθμῆσαι
998 3403 1101 3448 πάρα,

311 3452 390 3489 τοὺς
407 3453 436 3487 δ’
457 3453 493 3488 ἐκ
510 3453 687 3498 θαλάσσης
702 3453 855 3499 ἀσμένως
870 3455 1094 3502 πεφευγότας,
1147 3480 1149 3485 .

313 3508 436 3549 νεκρῶν
453 3505 618 3553 φέροντας
634 3505 766 3552 ὀνόματ’
784 3505 832 3543 εἷς
848 3505 958 3543 οἴκους
974 3510 1087 3546 πάλιν.

312 3557 383 3604 ἐγῶ
400 3558 428 3594 δ’
449 3558 500 3595 ἐπ’
519 3556 620 3606 οἶδμα
634 3560 774 3596 πόντιον
789 3561 936 3606 γλαυκῆς
954 3559 1037 3597 ἁλὸς

314 3609 449 3659 τλήμων
465 3611 596 3660 ἀλῶμαι
612 3613 736 3661 χρόνον
753 3611 902 3659 ὅσονπερ
919 3611 1026 3648 Ἰλίου

1182 2503 1245 2543 380

1130 2805 1134 2811 .
1185 2766 1245 2807 3⁵35

1186 3039 1249 3072 390
1268 3058 1270 3068 .

1187 3303 1248 3337 395

1189 3574 1252 3606 400

1386 369 1535 416 πύργους
1552 367 1693 416 ἔπερσα,
1713 363 1772 405 κάς
1788 365 1917 417 πάτραν
1933 364 2067 416 χρῄζων
2082 358 2208 416 μολεῖν,

1388 424 1448 458 οὐκ
1467 422 1623 467 ἀξιοῦμαι
1639 421 1739 457 τοῦδε
1755 423 1840 468 πρὸς
1857 421 1943 459 θεῶν
1958 425 2083 469 τυχεῖν.

1388 474 1516 520 Λιβύης
1533 474 1562 510 τ’
1581 473 1724 521 ἐρήμους
1741 473 1879 518 ἀξένους
1895 475 1924 511 τ’
1943 475 2125 524 ἐπιδρομὰς

1385 528 1558 563 πέπλευκα
1575 528 1700 564 πάσας·
1728 526 1841 573 χῶταν
1858 528 1958 576 ἐγγὺς
1976 528 2003 564 ὦ
2019 530 2159 578 πάτρας,
2268 544 2330 581 405

1386 582 1492 616 πάλιν
1508 581 1543 626 μ’
1562 580 1689 616 ἀπωθεῖ
1704 583 1844 627 πνεῦμα,
1864 581 1997 618 κοῦποτ’
2016 585 2130 630 οὔριον

1390 633 1531 679 εἰσῆλθε
1547 635 1686 680 λαῖφος,
1707 634 1796 669 ὥστε
1812 633 1846 680 μ’
1863 634 1899 671 ἐς
1914 635 2045 683 πάτραν
2059 638 2189 680 μολεῖν.

1392 687 1446 721 καὶ
1465 689 1523 723 νῦν
1539 688 1643 724 τάλας
1660 688 1815 734 ναυαγὸς,
1833 686 2007 725 ἀπολέσας
2023 689 2161 736 φίλους,

1393 739 1558 785 ἐξέπεσον
1577 740 1611 776 ἐς
1627 741 1692 787 γῆν
1707 739 1817 785 τήνδε·
1845 742 1923 778 ναῦς
1939 741 1977 776 δὲ
1994 743 2080 789 πρὸς
2095 743 2218 791 πέτρας

1385 793 1536 830 πολλοὺς
1553 792 1712 839 ἀριθμοὺς
1729 793 1867 840 ἄγνυται
1884 795 2059 842 ναυαγίων.
2269 810 2332 842 410

1388 847 1506 892 τρόπις
1523 843 1556 881 δ’
1576 845 1720 892 ἐλείφθη
1737 846 1899 883 ποικίλων
1915 846 2151 896 ἁρμοσμάτων,
2213 845 2218 851 ’

1391 898 1447 947 ἐφ’
1466 898 1505 944 ἧς
1523 899 1656 944 ἐσώθην
1672 900 1772 945 μόλις
1788 899 1980 950 ἀνελπίστῳ
1996 901 2082 949 τύχῃ

1389 950 1507 997 Ἑλένη
1525 967 1573 994 τε,
1591 952 1712 998 Τροίας
1728 950 1769 997 ἦν
1785 952 1990 991 ἀποσπάσας
2005 955 2087 1001 ἔχω.

1393 1004 1497 1050 ὄνομα
1514 1005 1552 1040 δὲ
1569 1006 1693 1052 χώρας,
1712 1005 1783 1050 ἥτις
1799 1006 1860 1052 ἥδε
1876 1006 1930 1042 καὶ
1946 1008 2044 1049 λεὼς,

1388 1058 1447 1092 οὐκ
1464 1055 1538 1094 οἶδ’·
1566 1057 1672 1104 ὄχλον
1688 1059 1755 1106 γὰρ
1773 1059 1937 1095 ἐσπεσεῖν
1953 1059 2163 1108 ᾐσχυνόμην,
2268 1072 2328 1106 415

1389 1110 1472 1146 ὥσθ’
1492 1112 1674 1158 ἱστορῆσαι
1691 1112 1751 1148 τὰς
1769 1111 1849 1157 ἐμὰς
1866 1113 2097 1159 δυσχλαινίας,

1389 1162 1542 1210 κρύπτων
1557 1164 1614 1199 ὑπ’
1633 1165 1747 1202 αἰδοῦς
1763 1166 1823 1202 τὰς
1838 1164 1953 1212 τύχας.
1980 1166 2060 1204 ὅταν
2077 1167 2107 1203 δ’
2127 1166 2209 1214 ἀνὴρ

1388 1218 1498 1264 πράξῃ
1518 1220 1623 1254 κακῶς
1639 1216 1788 1265 ὑψηλὸς,
1804 1218 1852 1256 εἷς
1869 1218 1988 1264 ἀηθίαν

1387 1270 1502 1306 πίπτει
1521 1271 1621 1306 κακίω
1638 1273 1699 1307 τοῦ
1715 1272 1825 1307 πάλαι
1842 1272 2078 1319 δυσδαίμονος.

1388 1324 1486 1370 χρεία
1503 1325 1540 1359 δὲ
1557 1325 1659 1371 τείρει
1674 1322 1725 1370 μ’·
1756 1326 1834 1360 οὔτε
1849 1326 1915 1373 γὰρ
1933 1328 2030 1363 σῖτος
2046 1326 2138 1373 πάρα
2267 1338 2331 1370 420

1393 1376 1460 1412 οὔτ’
1480 1377 1570 1424 ἀμφὶ
1583 1376 1687 1425 χρῶτ’
1707 1377 1856 1424 ἐσθῆτες·
1884 1379 1967 1415 αὐτὰ
1984 1378 2014 1415 δ’
2033 1378 2164 1414 εἶκάσαι
2265 1383 2267 1386 ’

1392 1430 1536 1478 πάρεστι
1553 1432 1629 1467 ναὸς
1647 1429 1775 1474 ἔκβόλ’,
1795 1429 1845 1468 οἷς
1861 1431 2086 1479 ἀμπίσχομαι.

1389 1483 1539 1520 πέπλους
1557 1484 1594 1519 δὲ
1611 1486 1690 1520 τοὺς
1703 1484 1783 1531 πρὶν
1799 1485 1939 1532 λαμπρά
1954 1485 1983 1521 τ’
2003 1484 2250 1532 ἀμφιβλήματα

1389 1537 1509 1583 χλιδάς
1527 1551 1564 1572 τε
1580 1538 1702 1574 πόντος
1719 1537 1857 1584 ἥρπασ’·
1886 1539 1922 1574 ἐν
1939 1537 1969 1573 δ’
1987 1539 2109 1586 ἄντρου
2126 1541 2246 1586 μυχοῖς

1391 1588 1524 1637 κρύψας
1540 1592 1678 1637 γυναῖκα
1694 1590 1755 1636 τὴν
1772 1594 1879 1626 κακῶν
1894 1592 2028 1628 πάντων
2045 1592 2120 1638 ἐμοὶ
2267 1603 2328 1636 425

1390 1643 1543 1690 ἄρξασαν
1559 1644 1642 1689 ἥκω,
1659 1643 1737 1681 τούς
1753 1659 1794 1691 γε
1810 1644 2120 1692 περιλελειμμένους

1391 1697 1503 1743 φίλων
1520 1698 1716 1741 φυλάσσειν
1732 1693 1808 1743 τᾶμ’
1823 1698 2014 1745 ἀναγκάσας
2028 1699 2126 1745 λέχη.

1391 1751 1493 1796 μόνος
1511 1750 1548 1786 δὲ
1567 1754 1690 1791 νοστῶ,
1709 1752 1780 1788 τοῖς
1796 1750 1864 1786 ἐκεῖ
1881 1753 1986 1796 ζητῶν
2003 1752 2122 1798 φίλοις

1392 1804 1435 1838 τὰ
1451 1803 1623 1851 πρόσφορ’
1642 1806 1682 1850 ἥν
1698 1818 1769 1841 πως
1787 1804 2004 1851 ἐξερευνήσας
2019 1805 2129 1848 λάβω.

1392 1856 1471 1892 ἰδὼν
1488 1857 1525 1892 δὲ
1544 1857 1638 1903 δῶμα
1654 1858 1836 1905 περιφερὲς
1853 1857 2001 1905 θριγκοῖς
2017 1859 2096 1895 τόδε
2116 1902 2122 1907 ,
2267 1872 2331 1904 430

1390 1908 1499 1947 πύλας
1515 1925 1553 1945 τε
1571 1911 1695 1957 σεμνὸς
1712 1911 1832 1958 ἀνδρὸς
1848 1911 1969 1954 ὀλβίου
1985 1913 2086 1955 τινὸς,

1391 1963 1600 2010 προσῆλθον·
1630 1964 1726 2000 ἐλπὶς
1744 1963 1773 1999 δ’
1793 1965 1830 2000 ἔκ
1846 1979 1888 2011 γε
1904 1965 2077 2001 πλουσίων
2093 1966 2204 2012 δόμων

1391 2017 1511 2059 λαβεῖν
1527 2031 1559 2052 τι
1577 2015 1718 2057 ναύταις,
1739 2017 1775 2052 ἐκ
1792 2018 1830 2053 δὲ
1845 2017 1891 2063 μὴ
1908 2016 2048 2064 ’χόντων
2064 2020 2153 2062 βίον,

1393 2069 1461 2105 οὐδ’
1481 2070 1510 2105 εἷ
1528 2070 1668 2111 θέλοιεν,
1688 2071 1871 2116 ὦφελεῖν”
1851 2085 1962 2117 εχοιεν
1977 2071 2030 2107 ἅν.

1394 2122 1453 2168 ὠή·
1480 2123 1531 2159 τίς
1548 2122 1589 2158 ἂν
1605 2124 1798 2170 πυλωρὸς’
1779 2138 1816 2159 εκ
1833 2124 1944 2170 δόμων
1959 2126 2072 2170 μόλοι,
2266 2137 2327 2171 435

1392 2175 1488 2213 ὅστις
1505 2176 1706 2224 διαγγείλειε
1721 2176 1796 2222 τᾶμ’
1817 2191 1899 2212 εισω
1917 2178 2022 2220 κακά,-

1290 2235 1351 2266 ΓΡ.
1384 2230 1434 2266 τίς
1450 2231 1535 2277 πρὸς
1551 2229 1736 2271 πύλαισιν,·
1762 2231 1822 2265 οὐκ
1838 2230 2026 2275 ἀπαλλάξει
2043 2231 2165 2276 δόμων,

1290 2453 1367 2484 ΜΕ.

1289 2558 1353 2588 ΓΡ.

1290 2663 1367 2693 ΜΕ.

1290 2716 1354 2746 ΓΡ.

1290 2769 1368 2799 ΜΕ.
1400 2766 1417 2781 ”

1290 2823 1353 2852 ΓΡ.

1292 2876 1367 2905 ΜΕ.

1291 2929 1351 2959 ΓΡ.

1291 2982 1368 3013 ΜΕ.

1291 3035 1352 3065 ΓΡ.

1291 3088 1368 3118 ΜΕ.

1292 3141 1354 3171 ΓΡ.

1293 3193 1370 3224 ΜΕ.

1292 3247 1354 3277 ΓΡ

1293 3300 1370 3330 ΜΕ.

1292 3353 1354 3383 ΓΡ.

1294 3405 1370 3436 ΜΕ.

1294 3459 1358 3489 ΓΡ.

1295 3512 1371 3542 ΜΕ.

1294 3565 1357 3595 ΓΡ.

1296 3617 1373 3649 ΜΕ.

1393 2283 1446 2318 καὶ
1463 2283 1508 2329 μὴ
1524 2283 1609 2330 πρὸς
1625 2284 1810 2319 αὐλείοισιν
1826 2284 1974 2330 έστηκὼς
1988 2282 2109 2322 πύλαις

1394 2336 1500 2383 ὄχλον
1515 2335 1670 2384 παρέξεις
1687 2337 1865 2373 δεσπόταις
1874 2349 1889 2378 ,·
1914 2336 1935 2381 ἢ
1953 2337 2107 2373 κατθανεῖ

1388 2388 1522 2436 Ἕλλην
1537 2393 1705 2439 πεφυκὼς,
1722 2390 1813 2429 οἷσιν
1829 2393 1889 2428 οὒκ
1906 2393 2122 2439 ἐπιστροφαί.
2266 2403 2329 2435 440

1397 2442 1424 2479 ὦ
1441 2446 1551 2491 γραῖα,
1569 2448 1672 2481 ταῦτα
1687 2446 1782 2482 πάντ’
1799 2448 1861 2491 ἔπη
1880 2447 1989 2482 καλῶς
2008 2444 2128 2492 λέγεις.

1394 2498 1518 2542 ἔξεστι·
1547 2499 1706 2546 πείσομαι
1721 2500 1800 2547 γάρ·
1828 2498 1905 2534 ἀλλ’
1924 2498 1999 2535 ἄνες
2015 2499 2131 2546 λόγον.

1391 2551 1526 2590 ἄπελθ’·
1556 2553 1629 2598 ἐμοὶ
1645 2553 1712 2600 γὰρ
1728 2554 1828 2588 τοῦτο
1845 2553 2052 2599 πρόσκειται,
2070 2551 2155 2596 ξένε,

1391 2607 1516 2653 μηδένα
1532 2607 1687 2650 πελάζειν
1702 2605 1823 2641 τοισίδ’
1840 2604 2013 2651 Ἑλλήνων
2029 2605 2158 2652 δόμοις.

1396 2659 1428 2700 ἆ,
1447 2661 1492 2706 μὴ
1508 2660 1687 2708 προσείλει
1704 2661 1813 2707 χεῖρα,
1831 2658 1906 2704 μηδ’
1926 2658 2004 2695 ὤθει
2021 2658 2096 2705 βίᾳ.
2266 2670 2326 2704 445

1394 2714 1502 2749 πείθει
1518 2715 1583 2761 γὰρ
1601 2714 1699 2750 οὐδὲν
1715 2713 1761 2748 ὧν
1776 2712 1878 2759 λέγω·
1905 2712 1951 2748 σὺ
1968 2711 1998 2748 δ’
2016 2711 2131 2750 αἴτιος.

1395 2769 1554 2814 αγγειλον
1570 2765 1653 2803 εἵσω
1672 2767 1873 2803 δεσπόταισι
1889 2767 1981 2802 τοῖσι
1998 2767 2085 2803 σοῖς.

1395 2823 1521 2867 πικρῶς
1538 2820 1578 2856 ἂν
1595 2818 1689 2865 οἶμαί
1703 2819 1737 2868 γ’
1755 2820 1911 2867 ἀγγελεῖν
1927 2819 2005 2857 τοὺς
2023 2818 2107 2856 σοὺς
2122 2819 2256 2866 λόγους·

1397 2874 1538 2921 ναυαγὸς
1555 2873 1633 2919 ἥκω,
1653 2872 1759 2917 ξένος,
1779 2872 1948 2918 ἀσύλητον
1964 2871 2073 2920 γένος.

1395 2923 1486 2962 οἶκον
1501 2927 1586 2973 πρὸς
1603 2927 1710 2963 ἄλλον
1727 2925 1784 2963 νύν
1801 2926 1862 2962 τιν’
1881 2926 1954 2961 ἀντὶ
1971 2925 2061 2961 τοῦδ’
2078 2923 2138 2960 ἴθι.
2268 2933 2331 2967 450

1397 2979 1467 3021 οὒκ,
1486 2977 1566 3014 ἀλλ’
1585 2980 1654 3015 ἔσω
1670 2980 1817 3027 πάρειμι·
1846 2980 1899 3014 καὶ
1917 2978 1963 3015 σύ
1980 2993 2037 3024 μοι
2054 2977 2168 3014 πιθοῦ.

1395 3031 1542 3079 ὀχληρὸς
1558 3031 1630 3068 ἴσθ’
1650 3032 1707 3068 ὤν·
1734 3033 1788 3068 καὶ
1805 3031 1880 3078 τάχ’
1899 3031 2049 3077 ὦσθήσει
2065 3030 2137 3076 βίᾳ.

1397 3085 1476 3119 αἷαῖ·
1504 3086 1546 3121 τὰ
1564 3086 1676 3121 κλεινὰ
1691 3088 1758 3121 ποῦ
1774 3084 1846 3121 ’στί
1861 3099 1918 3131 μοι
1935 3083 2190 3131 στρατεύματαί

1396 3138 1516 3174 οὐκοῦν
1533 3138 1601 3174 ἐκεῖ
1615 3153 1681 3175 που
1700 3137 1823 3184 σεμνὸς
1839 3136 1932 3182 ἦσθ’,
1950 3138 2010 3173 οὔκ
2027 3136 2154 3172 ἐνθάδε.
2208 3139 2212 3144 “

1399 3190 1425 3225 ὦ
1444 3192 1574 3237 δαῖμον,
1593 3191 1638 3228 ὥς
1655 3191 1759 3236 ἀνάξι’
1778 3189 1979 3237 ἠτιμώμεθα.
2268 3197 2330 3230 455

1397 3259 1430 3279 τι
1424 3244 1603 3292 ’βλέφαρα
1616 3243 1746 3292 τέγγεις
1759 3245 1923 3291 δάκρυσι,·
1945 3241 2030 3290 πρὸς
2047 3241 2082 3277 τί
2093 3240 2123 3277 δ’
2138 3235 2270 3286 οἰκτρὸς
2282 3235 2330 3280 ει,-

1397 3298 1482 3343 πρὸς
1498 3297 1558 3334 τὰς
1574 3297 1715 3344 πάροιθε
1732 3298 1913 3344 συμφορὰς
1929 3295 2134 3341 εὐδαίμονας.

1398 3351 1516 3386 ουκουν
1533 3350 1688 3386 ἀπελθὼν
1705 3351 1831 3398 δάκρυα
1848 3353 1923 3387 σοῖς
1939 3350 2061 3386 δώσεις
2077 3347 2218 3394 φίλοις·
2203 3371 2214 3389 ‚

1398 3402 1449 3439 τίς
1466 3402 1496 3437 δ’
1515 3403 1573 3448 ἥδε
1589 3405 1683 3450 χώρα
1695 3417 1709 3445 ,·
1734 3405 1795 3439 τοῦ
1813 3403 1851 3438 δέ
1866 3402 2039 3446 βασίλειοι
2055 3400 2153 3446 δόμοι
2162 3412 2177 3442 ,-

1401 3456 1558 3502 Πρωτεὺς
1574 3455 1643 3492 τάδ’
1662 3456 1745 3491 οῖκεῖ
1760 3453 1898 3502 δώματ’,
1916 3453 2085 3502 Αἴγυπτος
2101 3453 2139 3488 δὲ
2155 3453 2213 3500 γῆ.
2268 3453 2331 3496 460

1399 3507 1567 3555 Αἴγυπτος
1576 3522 1590 3551 ,·
1618 3509 1645 3544 ῶ
1662 3507 1837 3555 δύστηνος,
1856 3506 1892 3544 οἳ
1905 3504 2064 3543 πέπλευκ’
2082 3505 2158 3554 ὅρα.

1399 3561 1432 3596 τί
1449 3562 1489 3606 δὴ
1509 3563 1547 3596 τὸ
1566 3563 1694 3597 Νείλου
1710 3563 1861 3609 μεμπτόν
1879 3561 1954 3597 ἐστί
1971 3573 2030 3597 σοι
2045 3559 2175 3608 γάνος,Ὶ

1401 3614 1441 3649 οὔ
1458 3613 1547 3651 τοῦτ’
1565 3614 1752 3669 ἐμέμφθην·
1779 3615 1840 3652 τὰς
1857 3614 1937 3661 ἐμὸς
1954 3611 2063 3651 στένω
2078 3609 2194 3660 τύχας.

2480 502 2488 519 ,ι
