2488 3860
213 298 296 343 602

212 409 260 456 (Ι.
273 422 311 459 p.
325 410 391 453 47.
407 408 559 458 Krehl.)
578 413 617 448 et
634 408 851 447 Eustathius
868 421 907 458 p.
924 410 1038 452 1665,
1055 411 1117 447 38.
1151 411 1263 459 Apud

210 462 447 504 Eustathium
464 464 699 512 μνηστεύεται.

266 518 352 554 151.
382 516 487 554 Plato
515 517 561 554 de
589 516 749 566 Republ.
769 516 820 555 ΙΙ.
840 529 878 566 p.
903 518 980 554 380
1007 530 1041 555 a.
1099 520 1180 556 Οὐδ’
1209 519 1261 562 αὖ,

210 572 254 608 ὡς
272 571 448 619 Αἰσχύλος
464 572 570 620 λέγει,
591 572 706 609 ἐατέον
723 571 855 608 ἀκούειν
872 572 951 609 τοὺς
970 572 1064 610 νέους
1083 573 1135 609 ὅτι

473 627 559 663 Θεὸς
575 626 638 672 μὲν
656 626 764 663 αἰτίαν
782 625 863 673 φύει
880 628 1030 673 βροτοῖς,

314 679 394 715 ὅταν
412 684 561 716 κακῶσαι
580 681 675 726 δῶμα
691 679 873 726 παμπήδην
891 680 985 725 θέλῃ.

208 733 284 771 ἀλλ’
306 734 363 773 ε’άν
380 747 431 771 τις
447 736 539 779 ποιῇ,
560 734 596 771 ἐν
614 731 664 771 οἷς
681 736 785 769 ταῦτα
802 734 845 771 τὰ
863 733 999 779 ἶαμβεῖα
1016 735 1128 771 ἔνεστι
1147 737 1188 771 τὰ
1205 737 1264 781 τῆς

209 789 338 834 Νιόβης
363 787 519 833 πάθη-,
575 784 726 822 omisso
744 790 863 833 poetae
892 791 929 822 et
955 785 1088 822 fabulae
1114 788 1262 824 nomine

207 839 412 880 attulerunt
442 838 661 877 Plutarchus
697 837 833 875 Moral.
863 851 902 887 p.
937 839 982 876 17
1014 839 1053 875 b.
1089 841 1187 876 1065
1227 853 1259 877 e.

209 892 382 933 Stobaeus
400 891 452 935 ΙΙ,
474 892 510 931 7.

263 948 350 984 152.
381 945 604 994 Hesychius,
625 947 813 983 Κάκαλαε
843 946 951 992 τείχη.
981 946 1157 993 Αἰσχύλος
1176 950 1260 984 Νιό-

207 1003 264 1047 βῃ.
320 999 474 1036 Photius
491 1012 530 1048 p.
555 1000 640 1041 125,
659 1000 696 1035 4.
752 1001 962 1037 Κάκαλονε
991 1003 1115 1047 τεῖχος.

264 1054 350 1090 153.
378 1051 606 1102 HesychiUS,
621 1053 812 1102 ’Ῑ-Ιμορίςε
843 1054 929 1099 κενὴ,
946 1054 1164 1102 ἐστερημένη.
1199 1057 1258 1091 Αἷ-

208 1107 341 1155 σχύλος
359 1109 482 1152 Νιόβῃ.

263 1161 350 1198 154.
379 1158 590 1196 Scholiasta
624 1158 811 1207 Euripidis
846 1158 1069 1196 Phoenissar.
1099 1173 1135 1197 v.
1172 1162 1258 1197 159.

207 1216 293 1262 Περὶ
311 1215 348 1250 δὲ
372 1217 432 1250 τοῦ
455 1213 606 1260 πλήθους
629 1219 695 1250 τῶν
716 1215 887 1256 Νιοβιδῶν
905 1215 1005 1252 αὐτὸς
1023 1216 1207 1262 Εὐριπίδης
1226 1216 1262 1252 ἐν

208 1270 412 1316 Κρεσφόντῃ
440 1269 531 1315 φησὶ
561 1270 583 1288 “
596 1269 661 1304 Καὶ
692 1269 744 1305 δὶς
775 1268 846 1304 ἕπτ’
875 1269 976 1314 αὐτῆς
1006 1268 1104 1304 τέκνα
1132 1271 1262 1315 Νιόβης

207 1324 348 1359 θανόντα
366 1321 490 1367 Λοξίου
514 1320 760 1368 τοξεύμασιν.”
800 1323 923 1368 ὁμοίως
947 1323 1001 1358 καὶ
1026 1323 1202 1370 Αἰσχύλος
1226 1325 1262 1359 ἐν

208 1378 318 1422 Νιόβῃ
337 1377 391 1412 καὶ
409 1376 661 1423 Ἀριστοφάνης
679 1376 715 1411 δέ
736 1376 771 1411 ἐν
789 1376 932 1423 δράματι
952 1378 1081 1421 Νιόβης
1098 1375 1152 1421 (in
1171 1379 1258 1423 Δρά-

207 1446 310 1477 μασιν
327 1430 347 1476 ἢ
367 1431 484 1478 Νιόβῳ
508 1427 643 1476 fragm.
667 1428 756 1465 272.
776 1440 814 1475 p.
840 1428 944 1475 131.)
965 1430 1090 1476 ὁμοίως
1108 1430 1138 1474 ζ’
1159 1432 1260 1469 αὐτὰς

207 1484 378 1533 λέγουσιν,
399 1481 481 1524 εἶναι
494 1483 537 1518 δὲ
557 1484 642 1519 ἑπτὰ
661 1483 714 1518 καὶ
732 1483 811 1520 τοὺς
829 1482 982 1530 ἄρρενας.

626 1573 846 1606 ΞΑΝΤΡΙΑΙ.

248 1639 311 1676 Ad
327 1639 423 1678 hanc
441 1636 604 1676 fabulam
617 1635 817 1673 Elmsleius
837 1636 884 1672 ad
895 1636 1081 1685 Euripidis
1093 1637 1260 1675 Bacchas

206 1706 242 1742 p.
267 1694 327 1729 15.
346 1691 473 1728 retulit
493 1689 711 1727 Philostrati
733 1689 857 1726 locum
876 1689 1037 1739 Imagin.
1059 1690 1089 1727 I.
1109 1703 1145 1739 p.
1171 1692 1258 1729 790.

206 1749 247 1783 Αἱ
274 1748 310 1784 δὲ
338 1747 494 1793 ξαίνουσι
519 1744 559 1781 τὸ
587 1744 730 1793 θήραμα,
759 1743 868 1793 μήτηρ
896 1745 1001 1790 ἐκείνη
1029 1746 1084 1781 καὶ
1111 1746 1260 1793 ἀδελφαὶ

207 1801 340 1850 μητρὸς,
355 1802 389 1836 αἱ
406 1802 467 1847 μὲν
483 1799 741 1848 ἅπορρηγνῦσαι
759 1799 818 1836 τὰς
835 1801 962 1847 χεῖρας,
982 1799 1002 1845 ἡ
1021 1800 1058 1834 δὲ
1078 1800 1260 1835 ε’πισπῶσα

206 1857 263 1891 τὸν
280 1857 354 1892 υἱὸν
371 1856 430 1900 τῆς
446 1854 578 1901 χαίτης.

252 1909 339 1944 155.
360 1906 513 1943 Photius
530 1919 568 1954 p.
592 1905 680 1947 326,
701 1905 761 1941 19.
783 1908 821 1941 et
840 1903 986 1947 suidas,
1006 1906 1256 1944 Ὀκτώπουνε

206 1965 369 2010 Κρατῖνος
402 1961 569 2010 Θρᾴτταις
598 1962 620 1980 “
631 1959 826 1995 Ὀκτώπουν
857 1958 1063 2008 ἀνεγείρεις”
1095 1961 1168 1997 ἀντὶ
1199 1964 1259 1997 τοῦ

207 2017 380 2064 σκορπίον.
414 2015 576 2062 παροιμία
593 2015 670 2062 γὰρ,
691 2014 856 2061 Σκορπίον
874 2014 1047 2051 ὀκτώπουν
1064 2015 1256 2063 ἀνεγείρεις.

207 2071 241 2106 ἐν
265 2071 302 2106 δὲ
326 2073 398 2108 ταῖς
423 2068 602 2116 Αἰσχύλου
627 2068 804 2115 Ξαντρίαις
827 2067 847 2113 ἡ
874 2067 998 2104 Λύσσα
1024 2069 1261 2113 ἐπιθειάζουσα

207 2126 276 2163 ταῖς
295 2125 440 2171 Βάκχαις
458 2123 568 2171 φησὶν
891 2119 893 2122 ’

630 2175 691 2211 Ἐκ
708 2176 822 2211 ποδῶν
840 2175 869 2211 δ’
889 2175 955 2212 ἶίνω

311 2232 494 2281 ὑπέρχεται
513 2231 715 2279 σπαραγμὸς
734 2230 781 2267 εἷς
799 2229 902 2277 ἄκρον
920 2231 1003 2278 κάρα

312 2286 456 2333 κέντημα
471 2287 648 2334 γλώσσης,
669 2284 834 2332 σκορπίου
852 2283 959 2328 βέλος
975 2284 1079 2332 λέγω.

263 2340 349 2376 156.
378 2338 512 2377 Pollux
541 2336 593 2379 X,
623 2337 709 2374 117.
763 2339 830 2375 Τὰς
860 2337 974 2384 μέντοι
1001 2339 1179 2385 λαμπάδας
1207 2339 1260 2375 καὶ

209 2394 354 2440 κάμακας
372 2392 499 2442 εἴρηκεν
517 2392 553 2429 ἐν
571 2391 748 2439 Ξαντρίαις
766 2391 942 2438 Αἰσχύλος

314 2449 467 2494 Κάμακες
483 2445 606 2492 πεύκης
624 2447 655 2481 οἱ
672 2445 910 2493 πυρίφλεκτοι.

265 2500 350 2537 157.
380 2499 583 2548 AEschylus
601 2497 802 2535 Eumenid.
822 2510 859 2534 v.
882 2498 944 2534 24.

314 2556 458 2602 Βρόμιος
476 2554 504 2592 δ’
525 2555 596 2601 ἔχει
613 2552 672 2589 τὸν
690 2556 813 2600 χῶρον,
834 2552 904 2588 οὐδ’
924 2553 1112 2598 ἀμνημονῶ,

315 2609 353 2654 ἐξ
371 2608 447 2644 οῦτε
466 2609 612 2654 Βάκχαις
630 2605 884 2654 ἐστρατήγησεν
902 2606 989 2648 θεὸς,

314 2663 409 2710 λαγὼ
427 2662 521 2708 δίκην
539 2661 662 2698 Πενθεῖ
679 2661 901 2708 καταρράψας
917 2662 1035 2708 μόρον.

1125 298 1428 340 ΑΙΣΧὙΛΟΥ

1280 414 1450 459 ἔποταμοῦ
1466 412 1567 448 παισὶ
1584 411 1775 460 βιοδώροις.
1813 412 1900 449 ἔοικε
1922 411 1960 449 δὲ
1983 409 2023 450 τὸ
2048 411 2131 450 ὅλον
2148 409 2349 461 ἐπιτηδεύειν

1299 467 1520 503 ἀνυπότακτα.
1559 466 1675 504 ἄλλως
1698 467 1775 502 οὐδὲ
1799 467 1877 515 παρ’
1898 466 2075 514 Αἰσχύλου
2100 470 2205 504 ταῦτα
2228 468 2351 518 ἥρμοζε

1298 521 1544 566 λαμβάνεσθαι.
1619 517 1768 562 Quibus
1803 519 2073 557 Valckenarius
2108 519 2147 556 in
2182 519 2352 558 Diatribe

1299 585 1335 620 p.
1372 575 1432 609 11.
1464 570 1629 608 admovit
1662 571 1829 608 Platonis
1864 571 1989 609 locum
2026 573 2072 609 de
2104 572 2265 622 Republ.
2296 572 2350 617 11.

1299 638 1334 673 p.
1358 627 1427 661 381
1453 625 1489 661 d.
1546 626 1641 671 Μηδὲ
1660 626 1829 674 Πρωτέως
1851 628 1905 662 καὶ
1925 627 2064 664 Θέτιδος
2083 628 2351 675 καταψευδέσθω

1287 681 1412 725 ’μηδεὶς
1429 680 1505 726 μηδ’
1526 680 1561 715 ἐν
1578 681 1779 729 τραγῳδίαις
1796 680 1871 726 μηδ’
1888 681 1925 716 ἐν
1941 683 2013 718 τοῖς
2030 682 2150 718 ἅλλοις
2166 681 2352 729 ποιήμασιν

1298 734 1514 781 εἷσαγέτω”Η
1521 749 1584 781 ραν
1601 732 1831 780 ἠλλοιωμένην
1848 735 1893 772 ὡς
1912 734 2033 782 ἱέρειαν
2050 735 2350 782 ἀγείρουσανἸνά-

1296 803 1361 834 χου
1378 788 1534 836 Ἀργείου
1557 791 1711 834 ποταμοῦ
1735 789 1856 824 παισὶν
1872 790 2063 836 βιοδώροις.
2093 786 2154 823 cui
2170 800 2271 825 nunc
2289 800 2349 825 ac·

1297 839 1406 876 cessit
1426 839 1616 888 Diogenes
1643 839 1800 888 epistola
1824 840 1955 889 quinta
1977 840 2016 877 in
2035 839 2192 879 Notices
2216 846 2255 878 et
2271 840 2349 879 Ex-

1296 893 1402 929 traits
1422 893 1487 929 des
1505 891 1624 929 MSS.
1638 891 1712 930 vol.
1727 892 1774 934 V,
1796 892 1834 930 2.
1853 906 1891 942 p.
1910 895 1999 930 241.
2034 893 2162 932 Οἵτινες
2182 892 2348 943 (tragici)

1290 947 1402 995 ‘'Hpav
1419 963 1456 983 τε
1480 948 1540 993 τὴν
1559 949 1639 984 Διὸς
1662 949 1860 996 παράκοιτιν
1878 949 2014 995 ἔφασαν
2031 949 2091 995 τὴν
2109 949 2230 997 ἱέρειαν
2246 964 2350 996 μετα-

1294 1002 1539 1049 μορφωθεῖσαν
1562 1004 1716 1038 τοιοῦτον
1739 1002 1818 1045 βίου
1843 1004 1961 1048 σχῆμα
1985 1002 2177 1046 ἀναλαβεῖν,
2204 1002 2350 1050 νύμφαις

1295 1056 1469 1102 κρήναισιν
1503 1055 1728 1103 (κρηναίαισιν
1764 1053 2049 1102 Bolssonadius)
2087 1057 2223 1105 κυδραῖς
2259 1057 2351 1098 θεαῖς
2399 1059 2403 1062 ’

1294 1110 1497 1157 ἀγείρουσαν
1514 1109 1648 1156 Ἰνάχου
1666 1110 1834 1157 Ἀργείαις
1851 1113 2006 1156 ποταμοῦ
2022 1111 2143 1146 παισὶν
2158 1111 2349 1159 βιοδώροις.

1296 1162 1415 1198 Valde
1441 1161 1594 1198 diversae
1621 1167 1708 1199 sunt
1733 1161 1944 1198 criticorum
1971 1162 2016 1198 de
2041 1162 2112 1199 hoc
2137 1162 2349 1212 fragmento

1296 1214 1498 1263 opiniones,
1531 1228 1624 1263 quas
1657 1214 1775 1252 sciens
1806 1220 1998 1263 praetereo.
2056 1214 2169 1254 Solus
2204 1221 2348 1264 partem

1295 1267 1372 1303 veri
1395 1267 1489 1304 vidit
1506 1268 1787 1309 Valckenarius,
1808 1267 1871 1316 qui
1894 1281 2011 1316 quum
2035 1268 2213 1306 Xantrias
2237 1269 2347 1309 Euri·
2393 1292 2395 1295 .

1293 1320 1418 1368 pidem
1438 1321 1627 1370 scripsisse
1644 1327 1746 1359 recte
1764 1326 1951 1370 negasset,
1966 1334 2014 1358 ex
2031 1321 2202 1372 AEschyli
2221 1321 2350 1361 fabula

1294 1373 1363 1410 hos
1381 1386 1512 1410 versus
1531 1380 1701 1423 sumptos
1720 1386 1801 1411 esse
1826 1374 2036 1423 suspicatus
2055 1380 2124 1417 est,
2143 1375 2217 1412 hoo
2235 1376 2347 1416 etiam

1293 1439 1385 1464 usus
1414 1434 1649 1477 argumento,
1670 1427 1770 1476 quod
1793 1427 1899 1464 Plato
1925 1427 1964 1464 in
1990 1427 2124 1464 vicinia
2149 1428 2249 1466 illius
2274 1429 2349 1468 loci

1294 1479 1427 1516 similia
1453 1481 1627 1529 AEschyli
1657 1485 1810 1530 peccata
1841 1480 1949 1529 plura
1978 1481 2173 1524 notaverit,
2201 1481 2349 1520 nullum

1295 1533 1490 1582 Euripidis.
1547 1534 1650 1570 Bene
1671 1534 1752 1570 haec
1770 1533 2051 1576 Valckenarius,
2070 1534 2141 1570 nisi
2160 1535 2263 1584 quod
2281 1548 2346 1574 ne-

1295 1598 1367 1634 que
1403 1587 1566 1623 ostendit
1598 1587 1787 1635 quomodo
1818 1587 2088 1636 Aristophanes
2120 1588 2348 1638 AEschylum

1295 1652 1363 1676 sua
1380 1639 1497 1688 ipsius
1517 1640 1631 1676 verba
1656 1640 1886 1677 deridentem
1909 1641 2074 1689 potuerit
2097 1640 2346 1686 introducere,

1294 1698 1332 1729 et
1357 1705 1403 1729 ex
1429 1693 1578 1742 optimis
1602 1693 1829 1730 hexametris
1855 1694 1974 1730 malos
1997 1694 2085 1730 fecit
2108 1706 2251 1738 versuS,
2269 1695 2346 1733 for-

1293 1751 1391 1782 tasse
1409 1759 1484 1782 non
1501 1747 1684 1790 facturus,
1705 1746 1736 1783 si
1755 1746 1938 1796 Diogenis
1961 1746 2044 1784 loco
2069 1747 2138 1787 uti,
2150 1748 2346 1797 potuisset,

1294 1806 1332 1835 et
1359 1800 1621 1848 gravissimum
1649 1800 1842 1836 sententiae
1875 1812 1953 1837 suae
1983 1805 2131 1842 testem,
2160 1801 2209 1838 ad
2235 1813 2348 1851 quem

1294 1852 1354 1888 alii
1380 1865 1455 1889 non
1483 1853 1603 1901 magis
1630 1853 1881 1898 attenderunt,
1906 1853 2085 1902 neglexit,
2112 1853 2347 1898 Pausaniam,

1294 1905 1358 1953 qui
1375 1918 1451 1943 non
1471 1906 1627 1943 dubium
1645 1911 1703 1943 est
1722 1906 1811 1954 quin
1836 1907 1884 1943 ad
1906 1906 2007 1943 hunc
2033 1906 2157 1956 ipsum
2175 1907 2349 1958 AEsohyli

1293 1959 1416 1996 locum
1451 1960 1671 2008 spectaverit
1698 1959 1810 1996 VIII.
1842 1961 1876 2001 6,
1908 1961 1943 1996 6.
1998 1961 2039 1997 ‘O
2067 1962 2104 1997 δὲ
2124 1961 2347 2011 Ἴναχος-«ἐφ’

1293 2013 1378 2049 ὅσον
1394 2015 1457 2061 μὲν
1474 2017 1611 2062 πρόεισι
1631 2015 1713 2050 κατὰ
1732 2015 1790 2060 τὴν
1805 2015 1884 2050 ὁδὸν
1902 2015 1961 2060 τὴν
1975 2016 2030 2050 διὰ
2047 2019 2107 2051 τοῦ
2125 2015 2235 2064 ὅρους,
2247 2018 2348 2054 τοῦτό

1294 2068 1388 2103 ἐστιν
1405 2068 1572 2116 Ἀργείοις
1597 2070 1650 2104 καὶ
1676 2071 1902 2104 Μαντινεῦσιν
1921 2068 2000 2116 ὅρος
2023 2071 2082 2115 τῆς
2104 2071 2231 2118 χώρας·
2260 2071 2347 2107 ἀπο-

1294 2122 1454 2170 στρέψας
1472 2123 1508 2157 δέ
1528 2123 1564 2157 ἐκ
1588 2125 1646 2167 τῆς
1671 2123 1751 2157 ὁδοῦ
1776 2124 1814 2158 τὸ
1840 2121 1930 2169 ὕδωρ
1956 2123 2011 2158 διὰ
2037 2125 2096 2168 τῆς
2112 2123 2268 2172 Ἀργείας
2283 2125 2347 2172 ἤδη

1293 2177 1331 2211 τὸ
1351 2176 1416 2211 ἀπὸ
1435 2175 1555 2212 τούτου
1574 2178 1714 2218 κάτεισι,
1735 2177 1789 2211 καὶ
1813 2177 1868 2211 ἐπὶ
1891 2174 1998 2225 τούτῳ
2022 2178 2082 2212 τὸν
2091 2175 2230 2224 Ἴναχον
2246 2178 2348 2225 ἄλλοι

1293 2245 1330 2265 τε
1349 2231 1402 2265 καὶ
1421 2229 1597 2276 Αἰσχύλος
1613 2229 1766 2276 ποταμὸν
1785 2231 1948 2266 καλοῦσιν
1966 2230 2131 2278 Ἀργεῖον.
2176 2228 2348 2281 AEschyll

1293 2280 1409 2331 igitur
1426 2293 1557 2319 versus
1574 2281 1728 2319 fuerunt

1401 2335 1562 2384 Νύμφαις
1580 2338 1748 2385 κρηναίαις
1767 2337 1922 2384 κυδραῖσι
1941 2337 2072 2374 θεαῖσιν
2089 2337 2225 2386 ἀγείρω,

1401 2389 1533 2437 Ἰνάχου
1550 2389 1708 2439 Ἀργείου
1725 2394 1879 2437 ποταμοῦ
1896 2392 2016 2427 παισὶν
2033 2392 2225 2439 βιοδώροις.

1296 2441 1481 2491 Euripidis
1499 2448 1625 2480 autem
1638 2448 1696 2479 est
1709 2443 1852 2491 Νύμφαι
1870 2445 2100 2493 ὀρεσσίγονοι,
2113 2443 2223 2492 cujus
2234 2443 2349 2484 verbu

1294 2495 1451 2544 integra,
1464 2495 1621 2533 fortasse
1640 2508 1687 2532 ex
1698 2495 1911 2544 AEschyleis
1930 2509 2116 2545 expressa,
2129 2496 2175 2534 ab
2193 2496 2347 2546 antiquo

1295 2548 1538 2596 grammatico
1557 2548 1726 2598 apposita
1742 2561 1843 2586 nunc
1867 2562 1954 2586 cum
1977 2549 2049 2586 illis
2073 2549 2291 2588 coaluerunt
2307 2550 2347 2588 in

1295 2601 1436 2638 scholio
1463 2608 1501 2639 et
1524 2607 1701 2650 corrupto
1726 2607 1764 2638 et
1787 2602 1944 2639 defecto.
2000 2602 2060 2639 Ita
2083 2602 2194 2640 etiam
2210 2602 2344 2641 intelli-

1295 2653 1398 2703 gitur
1417 2667 1529 2703 quam
1548 2655 1729 2703 originem
1747 2655 1883 2691 mirum
1907 2655 2000 2692 illud
2018 2656 2162 2705 Νὗμφαι
2188 2658 2345 2707 ὀρεσιγό-

210 2712 274 2749 ubi
292 2713 500 2755 scholiasta,
522 2718 594 2751 Νῦν
617 2716 726 2762 φησιν
751 2715 785 2750 ἐν
806 2717 978 2763 Παρνασῷ
1003 2711 1086 2751 εἶναι
1112 2714 1155 2750 τὰ
1179 2714 1261 2749 κατὰ
1295 2724 1360 2744 vmc-
1391 2707 1538 2749 habeat,
1573 2707 1611 2744 in
1644 2720 1720 2755 quo
1750 2708 1900 2756 syllabae
1932 2709 2076 2758 Νύμφαι
2107 2712 2266 2759 ὀρεσιγον
2297 2710 2347 2748 ad.

211 2767 354 2805 Πενθέα·
383 2770 419 2804 ἐν
436 2769 474 2804 δὲ
491 2771 563 2806 ταῖς
581 2769 755 2815 Ξαντρίαις
774 2768 809 2804 ἐν
827 2768 1020 2815 Κιθαιρῶνι.

1295 2760 1495 2809 Euripidis,
1523 2760 1694 2809 proxima
1720 2777 1766 2798 ιαι
1793 2763 1924 2799 θεαῖσιν
1951 2762 1998 2798 ad
2024 2762 2195 2811 AEschyli
2220 2763 2346 2802 locum

268 2821 354 2857 158.
385 2819 550 2858 Galenus
577 2820 625 2857 ad
652 2819 832 2868 Hippocr,
852 2819 1024 2868 Epidem,
1050 2818 1125 2856 vol,
1145 2818 1195 2857 V,
1220 2832 1258 2867 p,
1295 2813 1491 2862 pertinent.
1547 2813 1707 2850 Junonis
1726 2827 1812 2862 quae
1830 2820 1955 2864 partes
1978 2814 2017 2851 in
2032 2814 2204 2864 AEschyli
2219 2815 2346 2854 fabula

212 2874 302 2909 455.
322 2873 382 2909 ed.
402 2873 489 2910 Bas.
509 2873 583 2910 vol.
605 2872 673 2908 1Χ.
693 2885 731 2920 p.
754 2874 842 2909 385.
865 2871 994 2909 Chart.
1041 2873 1121 2910 Ἐπὶ
1139 2874 1176 2909 δὲ
1195 2878 1262 2911 τῶν
1293 2865 1431 2903 fuerint
1446 2863 1621 2900 nescitur·
1668 2865 1761 2900 Haec
1778 2865 1866 2901 olim
1880 2865 1926 2901 ab
1945 2876 2004 2900 me
2023 2865 2158 2915 scripta
2174 2872 2342 2917 postmo-

211 2927 351 2964 ἀκτίνων
367 2927 475 2964 αὐτῶν
493 2929 585 2964 δοκεῖ
606 2927 756 2974 χρῆσθαι
773 2930 820 2976 τῷ
845 2929 903 2972 τῆς
926 2927 1100 2975 πέμφιγος
1124 2927 1261 2974 ὀνόματι
1294 2920 1382 2955 dum
1401 2917 1618 2954 confirmata
1635 2922 1721 2954 sunt
1735 2917 1886 2967 cognita
1901 2917 2070 2955 codicum
2085 2919 2180 2956 Rav.
2195 2925 2233 2958 et
2244 2920 2340 2959 Ven.

213 2979 530 3028 Σοφοκλῆς-οὕτω
550 2982 603 3016 καὶ
622 2980 796 3027 Αἰσχύλος
814 2980 850 3016 ἐν
868 2982 1045 3028 Ξαντρίαις

310 3032 375 3071 ‘Ae
393 3037 470 3070 οὔτε
486 3034 620 3081 πέμφιξ
638 3034 735 3079 ἡλίου
753 3034 999 3082 προσδέρκεται

319 3088 387 3123 οὔτ’
407 3088 604 3135 ἀστερωπὸν
621 3087 711 3134 ὄμμα
730 3087 866 3136 Λητῴας
884 3090 995 3135 κόρης.

215 3140 370 3179 Photius
387 3153 423 3188 p.
444 3141 534 3182 409,
558 3141 616 3176 10.
664 3141 852 3187 Πέμφιξε
882 3142 978 3187 πνοή.
1034 3141 1209 3188 Αἰσχύλος
1227 3142 1263 3178 ἐν

215 3196 389 3244 Ξαντρίαις
407 3194 461 3230 ἐπὶ
478 3199 545 3230 τῶν
562 3194 712 3230 ἀκτίνων.

272 3249 358 3286 159.
387 3245 501 3294 Apud
529 3245 817 3293 Aristophanem
847 3246 886 3282 in
915 3245 1030 3282 Ranis
1058 3245 1262 3295 AEsehylus

216 3305 311 3338 inter
337 3298 524 3348 Euripidis
550 3298 808 3335 monodiarum
839 3298 1039 3346 particulas
1067 3298 1198 3336 recitat
1223 3311 1260 3336 v.

1295 2971 1475 3020 scriptura
1492 2972 1527 3006 ἐκ
1545 2975 1611 3006 τῶν
1629 2976 1798 3020 Ξαντριῶν
1815 2971 2007 3018 Αἰσχύλου.

1707 3093 1928 3126 ΟῙΔῙΠΟΥΣ.

1347 3182 1444 3218 Acta
1465 3182 1600 3230 olymp.
1622 3182 1683 3227 78,
1708 3183 1740 3218 1.
1777 3181 1825 3218 V.
1847 3193 1959 3230 supra
1974 3193 2010 3230 p.
2035 3180 2095 3217 14.

1463 3234 1522 3270 De
1539 3234 1741 3282 profanatis
1759 3234 1945 3280 mysteriis
1962 3233 2096 3280 fragm.
2118 3231 2182 3267 81.

1350 3286 1434 3322 160.
1456 3284 1578 3322 Schol.
1594 3286 1707 3335 Soph.
1719 3286 1806 3323 OEd.
1825 3287 1871 3323 T.
1884 3287 1970 3324 733.
1987 3286 2072 3333 Περὶ
2085 3285 2235 3322 Δαυλίδα
2249 3284 2340 3330 φησὶ

222 3355 335 3391 1385.
363 3352 495 3398 (1357.
523 3351 581 3388 ed.
609 3351 718 3397 meae)
752 3351 894 3399 Νύμφαι
926 3352 1155 3400 ὀρεσσίγονοι.
1197 3351 1263 3388 ubi
1293 3342 1354 3384 Τὴν
1372 3341 1521 3386 σΧισΤὴν
1536 3342 1629 3382 ὁδὸνι
1650 3344 1668 3376 ὁ
1687 3343 1723 3377 δὲ
1743 3340 1918 3387 Αἰσχύλος
1932 3341 2010 3388 περὶ
2028 3339 2173 3376 Ποηίαῗ
2192 3336 2296 3377 ‘'am'‘

219 3405 424 3446 scholiasta,
436 3406 497 3442 Ἐκ
514 3409 581 3442 τῶν
599 3408 768 3452 Ξαντριῶν
781 3406 975 3453 Εὐριπίδου,
988 3408 1099 3453 φησὶν
1115 3407 1262 3452 Ἀσκλη-

218 3462 349 3507 πιάδης.
377 3459 453 3508 εὗρε
471 3460 509 3495 δὲ
526 3458 707 3504 Ἀθήνησιν
725 3459 760 3494 ἔν
777 3474 842 3497 τινι
859 3462 926 3494 τῶν
944 3460 1134 3496 διαθέντων.
1168 3459 1261 3505 Νύμ-

219 3517 284 3565 φαι
315 3515 519 3564 ὀρειτινόνιαι
551 3511 681 3551 θεαῖσιν
709 3512 830 3559 ἀγείρω
857 3511 990 3559 Ἰνάχου
1016 3513 1172 3558 Ἀργείου
1199 3511 1263 3549 ὑπὸ

1612 3400 1761 3445 Ἐπῇμεν
1778 3401 1837 3444 τῆς
1855 3401 1936 3434 ὁδοῦ
1953 3399 2163 3447 τροχήλατον

1404 3456 1552 3502 σχιστῆς
1569 3453 1728 3488 κελεύθου
1746 3453 1891 3500 τρίοδον,
1911 3453 1990 3488 ἔνθα
2007 3453 2186 3498 συμβολὰς

1404 3513 1504 3553 τριῶν
1522 3506 1687 3543 κελεύθων
1705 3507 1900 3542 Ποτνιάδων
1917 3505 2110 3552 ἠμείβομεν.
