2488 3860
1087 263 1295 305 ΙΠΠΗΣ.

246 358 292 396 σῦ
304 357 346 401 δ’,
359 360 386 396 ὃ
395 361 606 409 Παφλαγὼν,
618 362 763 409 φάσκων
775 364 891 411 φιλεῖν
901 363 936 410 μ’
948 364 1179 411 ἐσκορόδισας.

245 414 300 449 καὶ
316 416 374 449 νῦν
390 413 514 450 ἀπόδος
530 415 589 449 τὸν
605 414 794 456 δακτύλιον,
813 418 858 454 ὣς
874 417 934 452 οὐκ
951 417 1001 452 ἔτι

245 465 318 510 ἐμοὶ
334 464 535 511 ταμιεύσεις.

144 522 215 554 ΚΛ.
551 520 622 565 ἔχε·
649 523 816 557 τοσοῦτον
832 520 862 557 δ’
877 519 952 557 ἴσθ’
971 520 1034 562 ὅτι,

244 569 275 604 εί
290 568 335 615 μή
351 570 386 615 μ’
405 570 517 607 ἐάσεις
533 571 773 619 ἐπιτροπεύειν,
792 573 905 620 ἕτερος
921 573 964 609 αὖ

244 622 326 667 ἐμοῦ
342 625 607 671 πανουργότερός
624 639 674 661 τις
691 624 954 671 ἀναφανήσεται.

143 680 311 711 ΔΗΜΟΣ.
340 675 400 709 οὐκ
417 675 496 710 ἔσθ’
513 675 603 712 ὅπως
620 679 639 711 ὁ
657 676 832 714 δακτύλιός
849 677 929 713 ἐσθ’
945 677 1063 713 οὑτοσὶ

243 727 355 772 οὑμός·
383 728 422 762 τὸ
438 730 522 774 γοῦν
540 730 679 773 σημεῖον
696 729 809 777 ἕτερον
826 730 992 777 φαίνεται,

243 778 360 825 ἀλλ’ἢ
378 779 418 814 οὖ
435 779 578 827 καθορῶ.

141 837 207 867 ΔΛ.
625 833 702 881 φέρ’
719 832 793 873 ἴδω,
812 835 847 870 τί
863 849 920 870 σοι
938 837 1076 880 σημεῖον
1093 833 1155 879 ἤν;

141 889 310 920 ΔΗΜΟΣ.
340 884 445 929 δημοῦ
461 885 578 927 βοείου
596 885 691 932 θρῖον
708 887 951 933 ἐξωπτημένον.
1117 901 1180 932 954

139 942 210 971 ΑΛ.
238 936 278 971 οὔ
296 936 384 971 τοῦτ’
396 938 537 973 ἔνεστιν.
579 943 750 974 ΔΗΜΟΣ.
769 939 811 974 ού
828 941 867 975 τὸ
885 940 996 986 θρῖον;
1018 940 1109 975 ἀλλὰ
1126 941 1176 982 τί;

139 994 211 1024 ΑΛ.
237 990 342 1035 λάρος
359 989 503 1035 κεχηνὼς
521 990 576 1025 ἐπι
593 991 716 1037 πέτρας
733 992 940 1039 δημηγορῶν.

139 1047 309 1076 ΔΗΜΟΣ.
337 1041 432 1084 αἰβοῖ
447 1043 563 1079 τάλας.
643 1049 715 1079 AA.
743 1045 777 1079 τί
793 1045 909 1085 ἔστινς

139 1099 309 1129 ΔΗΜΟΣ.
801 1096 946 1143 ἀπόφερ’
964 1097 1124 1133 ἐκποδών.

240 1147 281 1181 ού
298 1147 357 1181 τὸν
373 1146 453 1191 ἐμὸν
470 1144 572 1193 εἶχεν,
591 1148 683 1183 ἀλλὰ
699 1149 758 1184 τὸν
775 1149 990 1195 Κλεωνύμου.

239 1198 318 1245 παρ’
336 1198 417 1243 ἐμοῦ
435 1199 472 1234 δὲ
489 1201 622 1235 τουτονὶ
638 1201 757 1244 λαβὼν
773 1202 908 1247 ταμίευέ
922 1216 994 1247 μοι.

237 1250 282 1296 μὴ
301 1251 384 1295 δῆτά
400 1252 453 1286 πώ
469 1251 515 1299 γ’,
536 1251 562 1286 ὦ
579 1253 729 1295 δέσποτ’,
748 1253 917 1297 ἀντιβολῶ
936 1254 970 1290 σ’
989 1255 1067 1302 ἐγὼ,
1114 1259 1178 1302 960

239 1304 319 1349 πρὶν
335 1303 376 1338 ἅν
390 1318 432 1349 γε
448 1307 515 1339 τῶν
530 1307 695 1351 χρησμῶν
711 1304 858 1351 ἀκούσῃς
875 1309 942 1342 τῶν
958 1307 1057 1353 ἐμῶν.

237 1356 290 1403 καὶ
306 1358 374 1391 τῶν
390 1355 478 1402 ἐμῶν
495 1371 564 1392 νυν.

601 1409 680 1445 ἀλλ’
699 1410 756 1446 ἐὰν
772 1409 879 1460 τούτῳ
896 1411 990 1457 πίθῃ,

239 1462 369 1509 μολγὸν
385 1462 542 1507 γενέσθαι
560 1463 613 1498 δεῖ
629 1477 683 1499 σε.

138 1518 208 1548 ΑΛ.

1115 637 1179 672 950

139 1255 210 1285 KA.

137 1360 208 1391 AA.

137 1412 210 1454 ΚΛ.

727 1516 788 1551 κάν
802 1531 844 1564 γε
860 1518 993 1565 τουτῳι,

239 1566 363 1612 ψωλὸν
378 1567 538 1614 γενέσθαι
555 1569 607 1603 δεῖ
624 1582 666 1603 σε
682 1569 782 1615 μέχρι
799 1572 860 1604 τοῦ
875 1570 1050 1616 μυρρίνου.

238 1618 316 1653 ἀλλ’
336 1634 368 1654 οι
384 1619 417 1666 γ’
437 1620 510 1664 ἐμοὶ
526 1620 724 1667 λεγουσιν*
707 1636 752 1657 ως
768 1621 867 1668 αρξαι
886 1636 928 1656 σε
945 1619 998 1657 δει

238 1672 351 1717 χώρας
368 1673 502 1716 ἁπάσης
519 1673 797 1719 ἐστεφανωμένον
812 1673 938 1720 ῥόδοις.

137 1726 207 1757 ΑΛ.
236 1723 332 1768 οὑμοὶ
352 1724 390 1759 δε
405 1723 438 1787 γ’
456 1739 498 1759 av
514 1725 711 1772 λέγουσιν’
694 1740 739 1761 ως
756 1726 942 1772 ἁλουργίδα

239 1775 327 1821 ἔχων
344 1777 557 1811 κατάπαστον
575 1791 628 1812 και
646 1778 819 1823 στεφάνην
836 1778 892 1824 ἐφ
911 1779 1056 1825 ἅρματος

238 1830 371 1874 χρυσοῦ
389 1829 501 1872 διώξει
519 1828 683 1874 Σμικύθην
699 1843 753 1864 και
770 1828 895 1876 κύριον.

138 1883 306 1915 ΔΗΜΟΣ.
335 1881 389 1915 και
405 1881 471 1925 μὴν
487 1879 592 1928 ενεγκ’
609 1881 729 1918 αὐτοὺς
747 1881 816 1925 tana,
835 1880 875 1917 ιν’
894 1883 1014 1918 οὑτοσι

138 1621 210 1652 ΚΛ.
1111 1626 1172 1668 955

1109 1894 1172 1929 970

239 1932 347 1967 αὐτῶν
364 1932 505 1977 ἀκούσῃ.
596 1939 665 1968 ΑΛ.
693 1935 780 1969 πάνυ
796 1950 848 1981 γε.

138 1989 310 2019 ΔΗΜΟΣ.
817 1984 870 2019 καὶ
888 1983 934 2019 σύ
952 1998 1009 2019 νυν
1027 1984 1123 2030 φερε.

139 2041 211 2071 ΚΛ.
240 2034 325 2071 ἰδού.
399 2045 404 2047 ’
432 2041 503 2071 ΑΛ.
532 2035 605 2070 ἰδού
623 2035 660 2080 νὴ
679 2037 737 2071 τὸν
755 2036 824 2072 Δί’·
854 2037 950 2072 οὐδὲν
968 2034 1103 2071 κωλύει.

139 2093 210 2124 ΧΟ.
239 2088 380 2133 ἥδιστον
396 2089 486 2134 φάος
503 2087 625 2134 ἡμέρας
1097 2101 1175 2133 στρ.

241 2141 338 2175 ἔσται
355 2142 447 2175 τοῖσι
463 2142 612 2186 παροῦσι
628 2142 693 2175 πᾶ-

243 2206 299 2227 σιν
316 2193 370 2227 καὶ
387 2194 458 2228 τοῖς
475 2192 741 2238 ἀφικνουμένοις.

241 2243 281 2289 ἢν
295 2244 412 2279 Κλέων
428 2245 606 2288 ἀπόληται.

242 2297 349 2331 καίτοι
366 2296 608 2343 πρεσβυτέρων
623 2300 721 2332 τινῶν

242 2347 320 2384 οἴων
336 2349 599 2395 ἀργαλεωτάτων

243 2402 278 2436 ἐν
294 2404 342 2449 τῷ
360 2400 512 2446 δείγματι
528 2405 596 2436 τῶν
612 2402 712 2436 δικῶν

242 2453 358 2498 ἤκουσ’
377 2454 629 2500 ἀντιλεγόντων,

242 2506 287 2541 ὥς
304 2505 334 2540 εἶ
350 2505 395 2550 μὴ
412 2505 534 2550 ’γένεθ’
554 2505 651 2542 οὗτος
669 2506 704 2540 ἐν

242 2561 282 2602 τῇ
298 2559 398 2592 πόλει
413 2558 529 2604 μέγας,
548 2558 608 2592 οὐκ
626 2558 666 2592 ἂν
683 2559 722 2602 ἤ-

243 2623 327 2653 στην
344 2609 446 2654 σκεύη
465 2609 524 2644 δύο
540 2610 710 2655 χρησίμω,

242 2662 359 2706 δοῖδυξ
376 2662 453 2696 οὐδὲ
470 2661 605 2708 τορύνη.

241 2713 333 2748 ἀλλὰ
350 2715 403 2748 καὶ
420 2713 488 2748 τόδ’
507 2715 613 2760 ἔγωγε
631 2713 709 2747 θαυ-

241 2765 333 2810 μάζω
351 2767 408 2810 τῆς
425 2766 609 2810 ὑομουσίας

241 2817 355 2852 αὐτοῦ·
384 2818 475 2863 φασὶ
491 2818 557 2864 γὰρ
574 2818 674 2852 αὐτὸν
691 2818 723 2852 οἱ

241 2870 357 2906 παῖδες
373 2867 406 2904 οἳ
423 2869 631 2915 ξυνεφοίτων

242 2921 302 2966 τὴν
319 2922 469 2968 Δωριστὶ
485 2923 587 2966 μόνην
605 2922 699 2967 ἐναρ-

239 2973 422 3017 μόττεσθαι
440 2973 528 3018 θαμὰ
545 2974 605 3018 τὴν
621 2972 739 3020 λύραν,

241 3025 352 3069 ἇλλην
369 3025 397 3061 δ’
416 3026 476 3060 οὐκ
494 3025 623 3060 ἐθέλειν
638 3026 769 3066 λαβεῖν·

241 3074 324 3122 κᾷτα
340 3079 399 3112 τὸν
416 3077 612 3124 κιθαριστὴν

241 3129 430 3176 ὀργισθέντ’
448 3130 589 3175 ἀπάγειν
605 3127 721 3164 κελεύ-

242 3195 301 3220 ειν,
321 3182 366 3217 ὡς
382 3181 541 3228 ἁρμονίαν
558 3183 577 3216 ὁ
595 3183 672 3216 παῖς

242 3232 340 3269 οὗτος
357 3234 396 3268 οὗ
414 3232 548 3268 δύναται
564 3232 681 3278 μαθεῖν

241 3284 282 3329 ἢν
297 3285 342 3329 μὴ
357 3285 607 3331 Δωροδοκηστὶ.

141 3341 211 3371 ΚΛ.
240 3336 324 3376 ἰδοὺ,
343 3337 474 3377 θέασαι,
494 3337 578 3382 κούχ
595 3337 741 3373 ἅπαντας
758 3336 903 3383 ἐκφέρω.

141 3394 209 3422 ΑΛ.
238 3387 303 3432 οἴμ’
323 3389 367 3425 ὣς
383 3390 521 3435 χεσείω,
542 3389 628 3434 κούχ
645 3389 792 3424 ἅπαντας
808 3388 953 3435 ἐκφέρω.

140 3444 309 3475 ΔΗΜΟΣ.
324 3442 419 3476 ταυτὶ
435 3442 470 3476 τί
486 3441 582 3481 ἐστι;
638 3446 708 3475 KA.
723 3442 836 3487 λόγια.

140 3496 308 3527 Mimos.
839 3490 953 3534 πᾶνὴ

143 3547 211 3577 KA.
959 3542 1150 3591 ἐθαύμασας
1161 3556 1171 3586 ;

1114 2203 1174 2238 975

1021 2713 1092 2751 ἀντ.
1111 2718 1171 2760 985

1112 2988 1174 3021 990

2175 262 2260 303 449

1330 366 1384 401 καὶ
1401 366 1441 411 νὴ
1458 365 1515 401 Δί’
1533 367 1583 401 ἔτι
1599 365 1641 413 γέ
1655 367 1779 411 μοῦστι
1797 366 1938 408 κιβωτὸς
1952 366 2052 402 πλέα.
2179 379 2261 402 1000

1226 423 1299 453 AA.
1328 418 1402 463 ἐμοὶ
1419 417 1448 454 δ’
1466 418 1617 465 ὑπερῷον
1633 418 1687 452 καὶ
1704 418 1852 462 ξυνοικία
1868 416 1942 454 δύο.

1227 474 1399 506 Annos.
1427 470 1505 517 φέρ’
1521 468 1596 510 ἴδω,
1614 469 1705 506 τίνος
1720 471 1786 517 γάρ
1804 470 1891 505 εἶσιν
1908 471 1941 505 οἱ
1957 469 2109 517 χρησμοί
2124 484 2206 506 ποτε
2225 484 2233 509 ;

1230 528 1304 557 ΚΛ.
1332 523 1430 568 οὑμοὶ
1446 522 1507 567 μέν
1519 522 1588 557 εἶσι
1599 522 1750 557 Βάκιδος.
1791 528 1959 557 ΔΗΜΟΣ.
1975 524 2007 557 οἱ
2025 523 2061 558 δὲ
2080 523 2138 557 σοὶ
2154 524 2258 562 τίνος;

1227 580 1297 610 ΑΛ.
1326 575 1501 614 Γλάνιδος,
1520 575 1674 620 ἀδελφοῦ
1690 575 1751 610 τοῦ
1770 575 1908 611 Βάκιδος
1923 574 2131 622 γεραιτέρου.

1227 632 1397 662 ΔΗΜΟΣ.
1425 626 1514 662 εἰσὶν
1531 627 1568 662 δὲ
1584 626 1662 673 περὶ
1679 627 1762 667 τοῦς
2182 641 2260 673 ¹005

1227 685 1299 714 KA.
1738 679 1817 725 περὶ
1832 677 1990 723 Ἀθηνῶν,
2009 679 2087 726 περὶ
2105 678 2235 720 Πύλου,

1329 731 1407 777 περὶ
1426 733 1504 771 σοῦ,
1522 731 1600 777 περὶ
1618 731 1711 776 ἐμοῦ,
1729 731 1807 778 περὶ
1824 731 1978 766 ἁπάντων
1993 733 2208 778 πραγμάτων.

1226 788 1398 819 ΔΗΜΟΣ.
1426 784 1459 819 οἶ
1477 784 1536 819 σοὶ
1554 784 1590 819 δὲ
1607 783 1685 830 περὶ
1702 785 1784 824 τοῦ,

1228 841 1298 871 AA.
1774 836 1851 882 περὶ
1867 834 2026 881 Ἀθηνῶν,
2045 837 2122 882 περὶ
2138 837 2259 882 φακῆς,

1329 888 1407 935 περὶ
1424 887 1701 934 Λακεδαιμονίων,
1719 888 1796 935 περὶ
1815 889 1996 935 σκόμβρων
2013 889 2106 928 νέων,

1329 941 1407 988 περὶ
1423 944 1490 976 τῶν
1505 939 1714 988 μετρούντων
1730 938 1869 986 τᾶλφιτ’
1887 941 1923 975 ἐν
1939 940 2047 987 ἀγορᾷ
2064 944 2180 981 κακῶς,

1330 993 1408 1040 περὶ
1426 990 1504 1034 σοῦ,
1522 994 1600 1041 περὶ
1618 994 1711 1039 ἐμοῦ.
1739 994 1778 1028 τὸ
1795 993 1876 1029 πέος
1893 993 2013 1028 οὑτοσὶ
2030 993 2137 1028 δάκοι.
2181 1007 2261 1029 1010

1227 1051 1397 1081 ΔΗΜΟΣ.
1425 1045 1487 1093 ὅγε
1503 1060 1562 1081 νυν
1578 1045 1669 1082 ὅπως
1685 1045 1804 1082 αὐτοὺς
1821 1045 2061 1093 ἀναγνώσεσθέ
2076 1059 2145 1090 μοι,

1330 1099 1383 1133 καὶ
1400 1099 1458 1133 τὸν
1474 1099 1552 1145 περὶ
1570 1098 1651 1144 ἐμοῦ
1667 1097 1786 1134 ’κεῖνον
1802 1095 1893 1146 ᾧπερ
1910 1097 2042 1143 ἥδομαι,

1329 1151 1374 1186 ὣς
1391 1151 1427 1185 ἐν
1443 1150 1644 1197 νεφέλαισιν
1659 1151 1755 1187 ἀετὸς
1771 1149 1968 1197 γενήσομαι.

1227 1207 1298 1238 KA.
1327 1202 1427 1238 ἄκουε
1444 1201 1484 1248 δή
1502 1217 1561 1238 νυν
1577 1204 1631 1239 καὶ
1647 1205 1800 1250 πρόσεχε
1816 1204 1875 1238 τὸν
1892 1205 1970 1238 νοῦν
1987 1203 2074 1248 ἐμοί.
2183 1218 2262 1248 10¹4

1329 1256 1469 1302 Φράζευ,
1483 1254 1691 1301 Ἐρεχθείδη,
1706 1255 1832 1302 λογίων
1849 1256 1940 1295 ὁδὸν,
1955 1255 1995 1301 ἥν
2013 1269 2071 1290 σοι
2082 1254 2261 1291 Ἀπόλλων

1327 1305 1423 1353 ἴαχεν
1441 1307 1479 1351 ἐξ
1496 1306 1631 1343 ἀδύτοιο
1649 1309 1703 1343 διὰ
1721 1307 1922 1354 τριπόδων’
1904 1307 2070 1354 εριτίμων.

1329 1359 1500 1403 σώζεσθαί
1518 1374 1543 1394 σ
1571 1359 1721 1395 ἐκέλευσ’
1741 1361 1830 1407 ἱερὸν
1846 1358 1927 1395 κύνα
1945 1361 2206 1407 καρχαρόδοντα,

1329 1410 1365 1448 ὃς
1382 1413 1448 1458 πρὸ
1468 1411 1567 1447 σέθεν
1583 1413 1722 1458 χάσκων
1735 1413 1789 1447 καὶ
1806 1412 1890 1459 ὑπερ
1904 1415 1970 1447 σοῦ
1988 1413 2079 1448 δεινὰ
2095 1414 2262 1461 κεκραγὼς

1329 1465 1387 1499 σοὶ
1403 1464 1528 1509 μισθὸν
1544 1466 1666 1511 ποριεῖ,
1684 1465 1745 1500 κᾶν
1761 1464 1806 1509 μὴ
1825 1465 1887 1511 δρᾷ
1904 1464 2009 1506 ταῦτ’,
2028 1465 2216 1501 ἀπολεῖται.

1325 1517 1453 1552 πολλοι
1465 1517 1532 1563 γὰρ
1544 1518 1638 1562 μίσει
1652 1518 1726 1563 σφε
1739 1518 1988 1563 κατακρώζουσι
2001 1517 2144 1552 κολοιοί.
2181 1533 2261 1554 1020

1223 1574 1393 1604 ΔΗΜΟΣ.
1422 1571 1516 1604 ταυτὶ
1533 1571 1579 1614 μὰ
1596 1570 1656 1615 τὴν
1673 1569 1819 1616 Δήμητρ’
1834 1570 1900 1617 ἐγὼ
1913 1570 1974 1605 οὐκ
1990 1567 2052 1606 οἶδ’
2067 1570 2088 1605 ὅ
2103 1585 2136 1605 τι
2153 1571 2259 1620 λέγει.

1324 1622 1357 1656 τί
1374 1622 1440 1668 γάρ
1457 1621 1528 1656 ἐστ’
1546 1621 1702 1669 Ἐρεχθεῖ
1718 1623 1772 1657 καὶ
1789 1624 1936 1658 κολοιοῖς
1953 1623 2007 1657 καὶ
2024 1623 2117 1663 κυνί;

1222 1679 1294 1710 ΚΛ.
1324 1674 1390 1720 ἐγὼ
1407 1674 1467 1718 μέν
1485 1673 1547 1718 εἶμ’
1566 1676 1585 1709 ὁ
1603 1673 1701 1709 κύων·
1728 1675 1795 1720 πρὸ
1814 1677 1879 1709 σοῦ
1895 1675 1962 1722 γὰρ
1979 1674 2087 1710 ἀπύω·

1326 1727 1384 1761 σοὶ
1402 1725 1431 1761 δ’
1451 1723 1523 1761 εἶπε
1541 1727 1713 1770 σώζεσθαί
1729 1725 1763 1772 μ’
1781 1729 1800 1761 ὁ
1818 1729 1944 1768 Φοῖβος
1959 1728 2019 1762 τὸν
2036 1726 2129 1763 κύνα.

1222 1784 1292 1813 ΑΛ.
1321 1779 1361 1813 οὐ
1379 1780 1479 1813 τοῦτό
1496 1778 1582 1824 φησ’
1602 1782 1620 1814 ὁ
1637 1780 1803 1825 χρησμὸς,
1822 1778 1900 1814 ἀλλ’
1919 1781 1938 1813 ὁ
1956 1778 2043 1815 κύων
2060 1781 2114 1815 ὁδὶ

1325 1831 1442 1877 ὥσπερ
1463 1831 1587 1877 ἀθάρης
1605 1833 1670 1865 σοῦ
1687 1833 1753 1865 τῶν
1768 1831 1894 1875 λογίων
1908 1831 2084 1874 παρεσθίει

2182 1792 2257 1826 1025

1324 1883 1399 1928 ἐμοὶ
1415 1883 1482 1929 γάρ
1500 1881 1571 1916 ἐστ’
1590 1882 1697 1928 ὀρθῶς
1714 1883 1791 1928 περὶ
1808 1881 1929 1917 τούτου
1945 1886 2007 1918 τοῦ
2023 1885 2130 1921 κυνός.

1223 1940 1393 1970 ΔΗΜΟΣ.
1421 1935 1502 1981 λέγε
1520 1943 1588 1969 νυν·
1617 1934 1683 1981 ἐγὼ
1701 1935 1737 1969 δέ
1754 1938 1870 1980 πρῶτα
1886 1934 2044 1979 λήψομαι
2059 1936 2170 1979 λίθον,

1325 1985 1378 2022 ἰ’να
1394 1985 1438 2031 μή
1456 1985 1490 2031 μ’
1509 1988 1528 2021 ὁ
1545 1986 1699 2031 χρησμὸς
1716 1987 1736 2019 ὁ
1752 1984 1829 2030 περὶ
1846 1986 1906 2018 τοῦ
1924 1983 2019 2019 κυνὸς
2037 1982 2132 2026 δάκῃ.
2179 1995 2260 2024 10²9

1222 2045 1293 2075 AA.
1321 2040 1461 2086 Φράζευ,
1475 2037 1684 2084 Ἐρεχθείδη,
1699 2035 1779 2071 κύνα
1797 2035 1967 2082 Κέρβερον
1979 2034 2260 2080 ἀνδραποδιστὴν,

1325 2091 1362 2128 ὃς
1380 2091 1484 2138 κε’ρκῳ
1503 2090 1627 2125 σαίνων
1645 2089 1691 2129 σ’,
1711 2090 1835 2124 ὁπόταν
1852 2088 1996 2131 δειπνῇς,
2016 2086 2192 2132 ἐπιτηρῶν,

1325 2143 1472 2187 ἐξέδεταί
1491 2157 1556 2177 σου
1573 2142 1716 2187 τοῦψον,
1731 2140 1810 2175 ὅταν
1829 2138 1874 2174 σύ
1886 2153 1952 2174 που
1965 2138 2098 2173 ἄλλοσε
2114 2139 2258 2183 χάσκῃς·

1325 2196 1497 2241 ἐσφοιτῶν
1513 2194 1543 2228 τ’
1562 2194 1597 2230 ἐς
1613 2194 1809 2228 τούπτάνιον
1825 2190 1928 2236 λήσει
1946 2205 1988 2225 σε
2006 2190 2144 2234 κυνηδὸν

1324 2246 1451 2294 νύκτωρ
1468 2248 1527 2283 τὰς
1543 2246 1694 2281 λοπάδας
1711 2245 1765 2279 καὶ
1782 2244 1841 2279 τὰς
1858 2242 1982 2288 νήσους
1999 2242 2191 2287 διαλείχων.

1221 2305 1391 2335 ΔΗΜΟΣ.
1412 2300 1449 2344 νὴ
1463 2300 1522 2334 τὸν
1532 2298 1689 2333 Ποσειδῶ
1701 2295 1792 2332 πολύ
1804 2295 1834 2342 γ’
1847 2295 1991 2340 ἄμεινον,
2004 2293 2030 2329 ὣ
2041 2295 2156 2330 Γλάνι.
2180 2308 2236 2338 103
2241 2306 2258 2340 5

1221 2358 1290 2388 KA.
1321 2352 1347 2387 ὦ
1365 2354 1436 2392 τᾶν,
1453 2351 1611 2390 ακουσον,
1631 2346 1702 2384 εἶτα
1719 2350 1884 2394 διάκρινον
1901 2348 1988 2382 τότε.

1315 2403 1421 2439 Ἐστι
1438 2403 1532 2469 γυνὴ,
1551 2402 1639 2446 τεξει
1655 2401 1691 2436 δε
1708 2399 1823 2435 λέονθ’
1844 2401 1945 2445 ἱεραῖς
1963 2399 1998 2433 ἐν
2013 2397 2179 2443 Ἀθήναις,

1323 2456 1361 2493 ὃς
1376 2471 1454 2502 περι
1471 2457 1531 2490 τοῦ
1549 2453 1655 2517 δήμου
1670 2454 1816 2489 πολλοῖς
1833 2451 1972 2516 κώνωψι
1988 2452 2155 2496 μαχεῖται,

1324 2510 1414 2544 ὥστε
1430 2509 1507 2553 περὶ
1525 2505 1705 2551 σκύμνοισι
1721 2505 1886 2548 βεβηκώς
1915 2504 1974 2538 τὸν
1990 2502 2038 2537 σὺ
2054 2500 2229 2549 φύλασσε,

1322 2563 1433 2606 τεῖχος
1449 2558 1594 2603 ποιήσας
1611 2556 1746 2601 ξύλινον
1757 2555 1905 2602 πύργους
1922 2569 1958 2589 τε
1977 2555 2145 2600 σιδηροῦς.
2178 2568 2258 2598 ¹040

1322 2612 1412 2648 ταῦτ’
1431 2609 1525 2647 οἷσθ’
1545 2610 1564 2645 ὅ
1581 2624 1615 2644 τι
1627 2610 1720 2655 λέγει
1732 2621 1742 2648 ;

1220 2670 1390 2700 ΔΗΜΟΣ.
1736 2661 1782 2705 μὰ
1799 2661 1857 2695 τὸν
1873 2659 2033 2695 Ἀπόλλω
2049 2657 2110 2705 ’γὼ
2127 2659 2187 2704 μὲν
2205 2661 2255 2694 οὔ.

1220 2723 1293 2753 ΚΛ.
1321 2718 1466 2764 ἔφραζεν
1483 2719 1502 2750 ὁ
1521 2716 1595 2750 θεός
1614 2728 1670 2748 σοι
1689 2714 1811 2758 σαφῶς
1828 2713 1948 2755 σώζειν
1966 2710 2035 2756 ε’μέ·

1323 2770 1388 2816 ἐγὼ
1405 2770 1471 2816 γὰρ
1488 2768 1560 2803 ἀντὶ
1577 2769 1637 2801 τοῦ
1654 2765 1791 2801 λέοντός
1807 2764 1876 2809 εἶμί
1892 2778 1961 2799 σοι.

1220 2827 1390 2857 ΔΗΜΟΣ.
1419 2822 1472 2855 καὶ
1489 2823 1560 2855 πῶς
1575 2818 1609 2862 μ’
1629 2816 1793 2862 ἐλελήθης
1807 2816 1987 2851 Ἀντιλέων
2003 2816 2239 2863 γεγενημένος;

1219 2880 1290 2909 ΑΛ.
1319 2872 1354 2908 ἓν
1370 2873 1430 2908 οὐκ
1447 2871 1659 2907 ἀναδιδάσκει
1677 2883 1720 2904 σε
1736 2872 1802 2903 τῶν
1817 2868 1945 2912 λογίων
1962 2868 2045 2903 ἑκὼν
2178 2881 2253 2913 1045

1315 2924 1428 2967 μόνον,
1447 2919 1466 2953 ὃ
1484 2920 1644 2964 σιδηροῦν
1662 2918 1737 2952 ἐστι
1754 2919 1867 2962 τεῖχος
1884 2920 1938 2953 καὶ
1955 2918 2067 2963 ξύλον,

1321 2978 1356 3011 ἐν
1373 2973 1402 3024 ᾦ
1419 2990 1461 3011 σε
1479 2975 1599 3017 σώζειν
1614 2972 1702 3008 τόνδ’
1722 2970 1878 3008 ἐκέλευσ’
1895 2974 1915 3007 ὁ
1932 2972 2067 3016 Λοξίας.

1219 3034 1388 3064 ΔΗΜΟΣ.
1417 3031 1487 3063 πῶς
1504 3027 1588 3071 δῆτα
1604 3024 1693 3061 τοῦτ’
1712 3026 1856 3071 ἔφραζεν
1869 3026 1887 3059 ὁ
1899 3024 1990 3064 θεός;

1218 3087 1289 3116 AA.
1969 3076 2100 3111 τουτονὶ

1320 3132 1422 3176 δῆσαί
1439 3131 1473 3166 σ’
1492 3130 1629 3166 ἐκέλευε
1644 3129 1896 3177 πεντεσυρίγγῳ
1914 3127 2019 3176 ξύλῳ.

1217 3190 1385 3220 ΔΗΜΟΣ.
1413 3184 1507 3218 ταυτὶ
1524 3180 1696 3217 τελεῖσθαι
1713 3182 1755 3216 τὰ
1770 3181 1859 3228 λόγι’
1878 3182 1939 3225 ἤδη
1956 3194 2014 3225 μοι
2031 3181 2131 3216 δοκεῖ.
2175 3194 2252 3226 1050

1110 3247 1171 3279 995
1217 3244 1287 3272 KA.
1315 3237 1360 3281 μὴ
1377 3235 1507 3271 πείθου·
1536 3234 1699 3281 φθονεραὶ
1714 3234 1780 3281 γὰρ
1798 3234 2019 3279 ἐπικρώζουσι
2036 3235 2188 3278 κορῶναι.

1318 3287 1396 3323 ἀλλ’
1416 3287 1529 3333 ἱέρακα
1545 3286 1654 3332 φίλει,
1672 3286 1876 3331 μεμνημένος
1893 3285 1929 3320 ἐν
1945 3285 2082 3330 φρεσὶν,
2102 3283 2140 3320 ὅς
2158 3299 2215 3319 σοι

1317 3343 1422 3387 ἤγαγε
1439 3337 1610 3383 συνδήσας
1627 3338 1890 3382 Λακεδαιμονίων
1906 3350 2108 3383 κορακινους.
2171 3351 2248 3381 105²

1214 3400 1284 3429 AA.
1313 3394 1413 3427 τοῦτο
1429 3391 1472 3438 γέ
1482 3405 1535 3426 τοι
1551 3390 1751 3436 Παφλαγὼν
1763 3388 2039 3436 παρεκινδύνευσε
2055 3388 2246 3432 μεθυσθείς.

1317 3443 1504 3490 Κεκροπίδη
1521 3444 1721 3484 κακόβουλε,
1739 3441 1774 3476 τί
1790 3441 1885 3476 τοῦθ’
1900 3440 1975 3487 ἡγεῖ
1989 3441 2076 3486 μέγα
2087 3442 2245 3487 τοῦργον;

1316 3496 1371 3530 καί
1387 3509 1423 3529 κε
1439 3495 1521 3540 γυνὴ
1539 3495 1640 3541 φέροι
1655 3494 1772 3540 ὄχθος,
1791 3493 1865 3528 ἐπεί
1880 3506 1935 3527 κεν
1951 3492 2032 3538 ἀνὴρ
2049 3491 2195 3535 άναθείη’

1314 3546 1394 3582 ἀλλ’
1408 3547 1468 3582 οὐκ
1480 3545 1521 3582 ἂν
1532 3546 1732 3594 μαχέσαιτο·
1760 3546 1901 3591 χέσαιτο
1913 3544 1991 3592 γὰρ,
2006 3543 2037 3579 εἶ
2046 3543 2242 3590 μαχέσαιτο.

1152 3603 1221 3637 3Μ
