2488 3860
230 262 287 307 54

230 379 301 411 XO.
330 373 542 422 φρενομανής
560 388 612 410 τις
628 368 662 409 εἶ
676 372 897 421 θεοφόρητος,
917 371 979 418 ἀμ-

332 428 377 474 φὶ
395 426 424 463 δ’
443 427 545 463 αὑτᾶς
562 426 672 474 θροεῖς

332 481 435 525 νόμον
451 479 587 525 ἅνομον,
608 476 662 514 οἷά
679 493 730 516 τις
747 477 853 524 ξουθὰ

333 533 492 580 ἀκόρετος
508 534 605 575 βοᾶς,
625 533 705 579 φεῦ,
723 532 895 568 ταλαίναις
913 531 1041 578 φρεσὶν

326 583 421 621 Ἴτυν
430 584 525 621 Ἴτυν
543 583 701 620 στένουσ’
719 584 897 631 ἀμφιθαλῆ
917 585 1028 619 κακοῖς

335 637 446 682 ἀηδὼν
462 638 553 681 βίον.
1191 647 1270 677 1145
1313 644 1384 673 XO.
1412 637 1432 682 ἦ
1452 639 1506 674 καὶ
1523 637 1644 673 τέκνων
1662 637 1709 674 εἷς
1727 638 1826 685 ἔργον
1844 635 1989 684 ἠλθέτην
2005 637 2115 685 νόμῳ;

233 695 303 726 ΚΑ.
333 690 372 725 ἶὼ
391 690 431 725 ἰὼ
447 691 578 739 λιγείας
594 691 700 738 μόρον
717 689 867 735 ἀηδόνος·
1135 685 1208 722 ἀντ’·
1227 685 1271 724 ς’·
1314 697 1384 726 ΚΑ.
1414 691 1641 735 ξυναινέσασα
1659 690 1784 734 Λοξίαν
1801 689 2013 737 ἐψευσάμην.

333 744 562 790 περιβάλοντό
580 744 612 778 οἱ
629 744 845 790 πτεροφόρον
862 742 963 787 δέμας
979 741 1046 787 γὰρ
1314 749 1385 778 ΧΟ.
1415 744 1476 788 ἤδη
1495 743 1669 789 τέχναισιν
1686 742 1811 778 ἐνθέοις
1827 741 1973 789 ᾑρημένη
1986 755 1996 783 ;

338 795 421 836 θεοὶ,
440 795 568 844 γλυκύν
585 795 613 831 τ’
633 796 735 831 αἷῶνα
753 795 951 840 κλαυμάτων
969 794 1061 840 ἄτερ·
1314 801 1385 832 ΚΑ.
1415 797 1476 840 ἤδη
1495 795 1651 831 πολίταις
1668 794 1763 830 πάντ’
1783 794 1956 838 ἐθέσπιζοι
1978 794 2081 840 πάθη.

337 848 411 894 ἐμοὶ.
428 849 466 884 δέ
482 849 595 894 μίμνει
613 849 765 895 σχισμὸς
782 845 930 893 ἀμφήκει
948 846 1036 892 δορί.
1314 854 1386 883 ΧΟ.
1415 852 1486 884 πῶς
1505 845 1575 893 δῆτ’
1593 847 1713 883 ἄνατος
1730 845 1822 891 ἦσθα
1839 847 1964 891 Λοξίου
1982 846 2094 896 κότῳ;

233 907 305 938 XO.
334 901 438 937 πόθεν
455 900 664 937 ἐπισσύτους
682 900 872 947 θεοφόρους
890 898 918 934 τ’
938 899 1027 945 ἔχεις
1315 906 1387 936 KA.
1416 900 1550 936 ἔπειθον
1568 899 1673 934 οὐδέν’
1693 899 1801 940 οὐδὲν,
1822 899 1867 935 ὣς
1884 899 1955 934 τάδ’
1973 901 2161 945 ἤμπλακον.

338 954 498 1000 ματαίους
515 952 607 995 δύας,
1196 961 1272 994 1151
1315 959 1385 989 XO.
1415 952 1492 998 ἡμῖν
1508 968 1549 1000 γε
1565 952 1626 998 μὲν
1644 952 1683 997 δὴ
1701 945 1809 987 πιστὰ
1827 951 1998 995 θεσπίζειν
2016 953 2135 989 δοκεῖς.

336 1007 380 1043 τὰ
396 1006 425 1042 δ’
444 1005 597 1053 ἐπίφοβα
622 1006 789 1054 δυσφάτῳ
809 1006 941 1052 κλαγγᾷ
1316 1012 1387 1041 ΚΑ.
1418 1005 1470 1040 ἶοὺ
1489 1005 1553 1045 ἰοὺ,
1573 1004 1603 1038 ὣ’
1618 1004 1643 1038 ὢ
1662 1005 1757 1039 κακά.

337 1061 536 1106 μελοτυπεῖς
563 1061 648 1106 ὁμοῦ
669 1058 699 1094 τ’
719 1058 846 1105 ὀρθίοις
865 1057 900 1092 ἐν
918 1055 1055 1102 νόμοις;
1418 1058 1471 1094 ὑπ’
1491 1056 1533 1092 αὖ
1550 1072 1592 1102 με
1610 1057 1716 1093 δεινὸς
1733 1056 1971 1104 ὀρθομαντείας
1987 1059 2090 1094 πόνος

338 1112 442 1148 πόθεν
460 1111 559 1159 ὅρους
576 1112 666 1158 ἔχεις
684 1111 870 1147 θεσπεσίας
888 1109 973 1145 ὀδοῦ
1420 1112 1574 1158 στροβεῖ,
1594 1111 1778 1156 ταράσσων
1795 1109 1968 1156 φροιμίοις
1987 1110 2118 1146 υ-ὐ-

339 1163 609 1212 κακορρήμονας;
1198 1171 1275 1202 1155
1420 1166 1519 1210 ὁρᾶτε
1537 1160 1663 1197 τούσδε
1679 1162 1758 1198 τοὺς
1776 1162 1891 1207 δόμοις
1908 1161 2094 1209 ἐφημένους

237 1224 308 1254 ΚΛ.
338 1218 377 1253 ἰὼ
394 1218 497 1265 γάμοι
514 1218 617 1264 γάμοι
635 1216 784 1264 Πάριδος
802 1213 952 1262 ὀλέθριοι
970 1213 1098 1260 φίλων.
1132 1224 1212 1258 στρ.
1231 1210 1276 1254 ζ’.
1421 1215 1524 1256 νέους,
1545 1215 1683 1262 ὀνείρων
1699 1215 1910 1262 προσφερεῖς
1926 1215 2136 1262 μορφώμασι
2152 1226 2162 1257 3

344 1270 384 1306 ἰὼ
401 1270 615 1316 Σκαμάνδρου
635 1270 777 1316 πάτριον
794 1267 912 1304 ποτόν.
1419 1269 1534 1304 παῖδες
1553 1267 1707 1303 θανόντες
1726 1267 1872 1314 ὡσπερεὶ
1890 1268 1975 1314 πρὸς
1992 1270 2059 1302 τῶν
2076 1266 2202 1312 φίλων,

337 1322 415 1359 τότε
431 1322 493 1368 μὲν
510 1322 600 1369 ἀμφὶ
619 1322 684 1358 σὰς
703 1321 816 1357 ἀϊόνας
833 1318 960 1355 τάλαιν’
1418 1322 1533 1367 χεῖρας
1551 1323 1655 1367 κρεῶν
1671 1318 1860 1364 πλήθοντες
1878 1318 2002 1356 οἰκείας
2018 1321 2137 1366 βορᾶς,

339 1374 504 1421 ἠνυτόμαν
522 1375 678 1422 τροφαῖς·
1422 1374 1486 1408 σὺν
1504 1372 1647 1419 ἐντέροις
1664 1387 1701 1407 τε
1719 1371 1904 1419 σπλάγχν’,
1925 1371 2138 1407 ἐποίκτιστον
2154 1370 2268 1419 γέμος,

340 1431 398 1464 νῦν
416 1427 445 1463 δ’
464 1428 555 1474 ἀμφὶ
573 1426 730 1462 Κωκυτόν
747 1440 784 1461 τε
803 1424 1047 1472 κάχερουσίους
1203 1426 1281 1457 1160
1419 1425 1585 1472 πρέπουσ’
1605 1426 1752 1471 ἔχοντες,
1773 1424 1818 1459 ὧν
1834 1424 1944 1471 πατὴρ
1963 1422 2141 1471 ἐγεύσατο.

323 1499 326 1503 ’
341 1480 466 1526 ὄχθους
483 1481 575 1515 ’ἔοικα
593 1478 844 1527 θεσπιῳδήσειν
861 1479 961 1523 τάχα.
1419 1479 1454 1513 ἐκ
1473 1478 1576 1513 τῶνδε
1593 1478 1712 1514 ποινάς
1729 1478 1818 1523 φημι
1834 1475 2014 1520 βουλεύειν
2031 1477 2105 1512 τινὰ

239 1539 311 1571 XO.
340 1533 374 1569 τί
390 1532 468 1568 τόδε
485 1533 584 1579 τορὸν
602 1532 687 1580 ἄγαν
704 1532 785 1567 ἔπος
803 1531 983 1577 ἐφημίσω,·
1418 1530 1527 1566 λέοντ’
1547 1530 1687 1566 ἄναλκιν
1705 1530 1741 1565 ἐν
1756 1529 1853 1575 λέχει
1873 1530 2127 1576 στρωφώμενον

342 1586 476 1632 νεογνὸς
493 1584 678 1632 ἀνθρώπων
695 1584 810 1630 μάθοι.
1296 1595 1301 1615 ἡ
1420 1583 1584 1630 οἰκουρὸν,
1605 1581 1706 1628 οἴμοι,
1726 1586 1773 1630 τῷ
1789 1584 1930 1627 μολόντι
1949 1582 2098 1626 δεσπότῃ

340 1638 536 1684 πέπληγμαι
554 1636 582 1672 δ’
602 1637 683 1672 ὑπαὶ
701 1634 845 1683 δήγματι
864 1634 999 1682 φοινίῳ,
1421 1636 1502 1684 ἐμῷ·
1532 1635 1650 1682 φέρειν
1666 1635 1733 1682 γὰρ
1750 1634 1816 1681 χρὴ
1835 1635 1873 1670 τὸ
1893 1633 2031 1670 δούλιον
2049 1635 2163 1682 ζυγόν.

342 1691 510 1735 δυσαλγεῖ
525 1687 612 1735 τύχᾳ
629 1689 750 1736 μινυρὰ
768 1687 958 1735 θρεομένας,
1204 1688 1282 1729 1165
1422 1692 1503 1723 νεῶν
1520 1686 1549 1722 τ’
1567 1688 1715 1735 ἔπαρχος
1731 1686 1837 1722 Ἰλίου
1855 1687 1883 1722 τ’
1903 1686 2092 1732 ἀναστάτης

342 1742 480 1789 θαύματ’
499 1743 574 1788 ἐμοὶ
591 1742 713 1778 κλύειν.
1419 1741 1478 1777 οὐκ
1498 1737 1587 1775 οἶδεν
1605 1737 1660 1775 οἶα
1676 1742 1826 1787 γλῶσσα
1842 1741 1987 1785 μισητῆς
2005 1740 2101 1776 κυνὸς

240 1801 310 1832 ΚΛ.
341 1794 379 1830 ἰὼ
397 1793 495 1830 πόνοι
511 1792 609 1829 πόνοι
627 1793 753 1829 πόλεος
770 1792 934 1838 ὀλομένας
951 1791 990 1826 τὸ
1007 1792 1085 1827 πᾶν.
1143 1789 1216 1825 ἀντ.
1239 1787 1283 1833 ζ’.
1419 1793 1563 1837 λέξασα,
1585 1793 1786 1828 κάκτείνασα
1805 1793 2022 1839 φαιδρόνους,
2043 1792 2139 1838 δίκην

342 1847 381 1882 {cb
399 1845 591 1894 πρόπυργοι
610 1845 726 1880 θυσίαι
744 1846 872 1892 πατρὸς
1297 1854 1302 1863 ·
1419 1846 1500 1890 ἄτης
1516 1845 1693 1892 λαθραίου,
1713 1845 1865 1888 τεύξεται
1883 1847 1964 1890 κακῇ
1983 1843 2082 1890 τύχῃ.

341 1900 540 1935 πολυκανεῖς
556 1901 669 1941 βοτῶν
685 1900 884 1943 ποιονόμων·
914 1896 993 1933 ἄκος
1010 1895 1039 1932 δ’
1419 1900 1555 1933 τοιαῦτα
1573 1899 1696 1943 τολμᾷ·
1728 1897 1832 1943 θῆλυς
1849 1897 1992 1944 ἄρσενος
2010 1897 2135 1943 φονεὺς

342 1952 439 1987 οὐδὲν
457 1950 646 1997 ἐπήρκεσαν
1207 1958 1286 1992 1170
1421 1950 1527 1985 ἔστιν.
1558 1950 1592 1984 τί
1610 1964 1659 1985 νιν
1678 1950 1831 1984 καλοῦσα
1848 1950 2019 1993 δυσφιλὲς
2038 1950 2137 1986 δάκος

344 1997 383 2031 τὸ
399 1996 445 2042 μὴ
463 1998 565 2032 πόλιν
581 1997 642 2042 μὲν
661 1997 777 2044 ὥσπερ
795 1996 854 2033 οὖν
872 1999 942 2044 ἔχει
960 1997 1090 2034 παθεῖν.
1417 1995 1548 2041 τύχοιμ’
1568 1996 1608 2031 ἅν
1623 2009 1631 2037 ;
1662 1997 1909 2043 ἀμφίσβαιναν,
1930 1997 1949 2042 ἦ
1969 1997 2124 2033 Σκύλλαν
2141 1999 2214 2034 τινὰ

344 2048 410 2095 ἐγὼ
429 2049 467 2084 δὲ
485 2048 666 2096 θερμόνους
683 2049 758 2095 τάχ’
778 2051 813 2085 ἐν
830 2050 921 2098 πέδῳ
938 2052 1050 2093 βαλῶ.
1417 2047 1578 2084 οἰκοῦσαν
1595 2049 1630 2083 ἐν
1647 2049 1816 2096 πέτραισι,
1837 2049 2001 2085 ναυτίλων
2018 2051 2167 2095 βλάβην,

240 2105 311 2135 ΧΟ.
343 2102 487 2145 ἑπόμενα
503 2101 700 2149 προτέροισι
718 2102 789 2137 τάδ’
809 2102 981 2148 ἐφημίσω.
1419 2099 1568 2136 θύουσαν
1579 2100 1698 2136 Ἃιδου
1716 2101 1841 2148 μητέρ’,
1861 2102 2033 2138 ἄσπονδόν
2050 2101 2078 2137 τ’
2099 2100 2184 2149 Ἀρη

344 2152 402 2188 καί
415 2153 466 2189 τίς
484 2168 526 2188 σε
544 2154 762 2200 κακοφρονῶν
779 2154 872 2198 τίθη-
1419 2153 1538 2199 φίλοις
1554 2153 1744 2193 πνέουσαν;
1775 2154 1818 2190 ὣς
1836 2153 1864 2189 δ’
1885 2153 2125 2198 ἐπωλολύξατο

345 2219 383 2240 σι
401 2205 527 2250 δαίμων
544 2205 737 2253 ὑπερβαρὴς
755 2206 921 2251 ἐμπίτνων
1202 2216 1259 2250 117
1264 2217 1280 2250 5
1419 2203 1438 2249 ἡ
1457 2207 1700 2250 παντότολμος,
1721 2206 1837 2253 ὥσπερ
1857 2206 1892 2241 ἐν
1908 2207 2018 2252 μάχης
2035 2210 2156 2253 τροπῇ.

343 2257 492 2302 μελίζειν
509 2258 598 2302 πάθη
616 2258 719 2305 γοερὰ
738 2258 966 2306 θανατοφόρα.
1420 2258 1511 2292 δοκεῖ
1527 2258 1563 2292 δέ
1580 2257 1711 2304 χαίρειν
1729 2259 1877 2307 νοστίμῳ
1897 2259 2058 2306 σωτηρίᾳ.

344 2309 448 2356 τέρμα
466 2309 495 2345 δ’
515 2311 685 2356 ἀμηχανῶ.
1421 2310 1473 2344 καὶ
1491 2306 1587 2344 τῶνδ’
1605 2309 1720 2355 ὅμοιον
1738 2308 1770 2345 εἴ
1785 2325 1816 2344 τι
1834 2311 1878 2355 μὴ
1897 2311 2014 2346 πείθω·
2044 2311 2078 2346 τί
2094 2312 2182 2358 γάρ;

243 2365 311 2398 KA.
342 2362 396 2397 καὶ
412 2362 478 2407 μὴν
496 2365 514 2397 ὁ
532 2363 688 2409 χρησμὸς
705 2363 811 2398 οὐκέτ’
831 2363 868 2398 ἐκ
886 2363 1108 2409 καλυμμάτων
1419 2363 1458 2396 τὸ
1476 2361 1606 2407 μέλλον
1623 2362 1707 2407 ἥξει.
1737 2363 1790 2397 καὶ
1810 2362 1854 2397 σύ
1872 2363 1904 2408 μ’
1925 2363 1960 2399 ἐν
1978 2365 2074 2409 τάχει
2090 2364 2206 2411 παρὼν

343 2415 441 2449 ἔσται
459 2415 623 2461 δεδορκὼς
640 2416 805 2462 νεογάμου
823 2415 956 2462 νύμφης
974 2416 1078 2460 δίκην·
1420 2414 1504 2461 ι’ίγαν
1521 2414 1746 2459 ἀληθόμαντιν
1764 2414 1928 2462 οἰκτείρας
1947 2415 2043 2463 ἐρεῖς.

342 2467 497 2514 λαμπρὸς
515 2466 543 2502 δ’
562 2467 668 2502 ἔοικεν
689 2467 788 2511 ἡλίου
805 2469 890 2514 πρὸς
907 2468 1051 2504 ἀντολὰς
1203 2472 1283 2503 1180
1318 2473 1390 2503 XO.
1418 2467 1478 2511 τὴν
1495 2466 1556 2511 μὲν
1574 2467 1727 2501 Θυέστου
1746 2468 1841 2502 δαῖτα
1859 2469 2017 2503 παιδείων
2035 2473 2139 2515 κρεῶν

342 2519 451 2554 πνέων
469 2518 615 2564 ἐσήξειν,
636 2520 727 2554 ὥστε
745 2518 888 2565 κύματος
907 2520 1000 2565 δίκην
1421 2519 1544 2564 ξυνῆκα
1562 2520 1615 2554 καὶ
1632 2519 1794 2566 πέφρικα·
1824 2521 1877 2555 καὶ
1895 2522 2009 2567 φόβος
2025 2520 2059 2566 μ’
2079 2522 2150 2567 ἔχει

343 2570 476 2614 κλύζειν
492 2572 577 2618 πρὸς
594 2571 699 2618 αὐγὰς
716 2573 814 2607 τοῦδε
831 2571 983 2617 πήματος
999 2571 1090 2621 πολὺ
1422 2570 1553 2606 κλύοντ’
1572 2571 1706 2616 ἀληθῶς
1724 2573 1820 2607 οὐδὲν
1838 2573 2059 2619 ἐξῃκασμένα.

341 2624 466 2669 μεῖζον·
497 2624 664 2670 φρενώσω
683 2623 711 2659 δ’
732 2623 836 2658 οὐκέτ’
857 2625 896 2668 ἐξ
913 2624 1126 2672 αἰνιγμάτων.
1421 2624 1463 2658 τὰ
1481 2623 1509 2658 δ’
1528 2623 1606 2659 ἀλλ’
1626 2623 1773 2661 ἀκούσας
1792 2625 1827 2659 ἐκ
1846 2626 1971 2672 δρόμου
1989 2627 2105 2661 πεσὼν
2122 2626 2243 2674 τρέχω.

343 2676 397 2710 καὶ
413 2677 614 2723 μαρτυρεῖτε,
630 2676 826 2722 συνδρόμως
842 2675 938 2722 ’ίχνος
955 2680 1062 2712 κακῶν
1319 2681 1392 2712 ΚΑ.
1420 2675 1666 2722 Ἀγαμέμνονός
1684 2677 1728 2711 σέ
1744 2677 1827 2723 φημ’
1847 2677 2042 2724 ἐπόψεσθαι
2059 2681 2176 2726 μόρον.

342 2727 568 2774 ῥινηλατούσῃ
587 2731 654 2763 τῶν
671 2729 776 2763 πάλαι
793 2729 1047 2776 πεπραγμένων.
1201 2732 1278 2773 1185
1319 2733 1391 2764 XO.
1422 2730 1584 2773 εὔφημον,
1606 2729 1631 2763 ὦ
1649 2730 1800 2769 τάλαινα,
1821 2730 1984 2775 κοίμησον
2002 2734 2124 2777 στόμα.

343 2780 403 2824 τὴν
419 2780 486 2826 γὰρ
504 2780 630 2827 στέγην
647 2780 736 2825 τήνδ’
756 2780 870 2816 οὔποτ’
890 2781 1036 2816 ἐκλείπει
1054 2781 1157 2828 χορὸς
1320 2786 1391 2816 KA.
1420 2780 1497 2815 ἀλλ’
1518 2783 1590 2815 οὔτι
1609 2782 1722 2816 Παιὼν
1740 2782 1815 2830 τῷδ’
1837 2783 2011 2818 ἐπιστατεῖ
2026 2786 2133 2832 λόγῳ.

344 2830 582 2880 σύμφθογγος,
602 2833 662 2867 οὐκ
681 2834 844 2878 εὔφωνος·
873 2833 913 2867 οὐ
931 2834 996 2880 γὰρ
1015 2832 1051 2868 εὖ
1068 2834 1175 2880 λέγει.
1320 2838 1392 2868 ΧΟ.
1422 2832 1493 2873 οὒκ,
1514 2832 1607 2880 ε’ίπερ
1625 2834 1721 2868 ἔσται
1738 2834 1783 2881 γ’·
1814 2835 1905 2869 ἀλλὰ
1922 2835 1967 2880 μὴ
1985 2835 2116 2883 γένοιτό
2133 2851 2216 2873 πως.

345 2884 399 2920 καὶ
415 2884 481 2929 μὴν
497 2886 660 2920 πεπωκώς
676 2884 722 2932 γ’,
743 2885 787 2921 ὣς
805 2884 1035 2932 θρασύνεσθαι
1052 2885 1169 2926 πλέον,
1322 2890 1394 2920 ΚΑ.
1424 2885 1468 2919 σὺ
1485 2885 1546 2930 μὲν
1564 2884 1728 2931 κατεύχει,
1748 2889 1818 2923 τοῖς
1836 2886 1864 2922 δ’
1885 2887 2090 2923 ἀποκτείνειν
2107 2888 2216 2934 μέλει.

342 2938 499 2983 βρότειον
515 2934 596 2982 αἷμα
614 2940 723 2982 κῶμος
741 2937 776 2971 ἐν
794 2938 909 2983 δόμοις
925 2937 1027 2983 μένει,
1321 2942 1394 2972 ΧΟ.
1425 2938 1514 2973 τίνος
1531 2939 1615 2983 πρὸς
1633 2939 1751 2985 ἀνδρὸς
1768 2939 1857 2974 τοῦτ’
1877 2939 1962 2987 ἅγος
1977 2939 2202 2988 πορσύνεται;

343 2987 561 3035 δύσπεμπτος
578 2989 643 3033 ἔξω
662 2991 838 3036 συγγόνων
855 2988 1027 3036 Ἐρινύων.
1198 3004 1211 3026 1
1222 3003 1278 3035 190
1322 2994 1394 3024 ΚΑ.
1423 2987 1442 3033 ἦ
1462 2989 1552 3036 κάρτ’
1571 2989 1622 3036 ἄρ’
1642 2989 1681 3025 ἂν
1698 2994 1923 3038 παρεσκόπεις
1939 2997 2103 3040 χρησμῶν
2121 2993 2218 3038 ἐμῶν.

342 3042 485 3086 ὑμνοῦσι
503 3039 532 3076 δ’
550 3039 653 3086 ὕμνον
670 3041 822 3086 δώμασιν
837 3040 1045 3088 προσήμεναι
1322 3047 1392 3076 XO.
1423 3044 1482 3076 τοῦ
1499 3042 1565 3088 γὰρ
1583 3044 1761 3079 τελοῦντος
1779 3044 1818 3078 οὗ
1836 3044 1960 3089 ξυνῆκα
1976 3043 2138 3091 μηχανήν.

341 3095 542 3141 πρώταρχον
558 3093 651 3138 ἄτην·
682 3093 717 3128 ἐν
733 3094 826 3140 μέρει
844 3092 873 3128 δ’
892 3094 1089 3129 ἀπέπτυσαν
1323 3099 1394 3129 ΚΑ.
1424 3095 1477 3129 καὶ
1494 3094 1558 3139 μὴν
1575 3094 1659 3141 ἄγαν
1675 3093 1708 3141 γ’
1722 3094 1862 3140 Ἕλλην’
1883 3097 2064 3143 ἐπίσταμαι
2082 3099 2197 3144 φάτιν.

341 3146 437 3182 εὐνὰς
454 3146 609 3191 ἀδελφοῦ
627 3147 674 3194 τῷ
691 3148 851 3181 πατοῦντι
869 3146 1056 3191 δυσμενεῖς.
1322 3151 1395 3181 ΧΟ.
1425 3147 1478 3181 καὶ
1494 3147 1560 3193 γὰρ
1578 3147 1619 3180 τὰ
1637 3146 1858 3195 πυθόκραντα·
1890 3148 2044 3195 δυσμαθῆ
2064 3149 2093 3185 δ’
2112 3149 2214 3196 ὅμως.

341 3198 499 3245 ἥμαρτον,
518 3196 538 3242 ἢ
557 3197 647 3245 θηρῶ
665 3211 698 3232 τι
715 3197 855 3242 τοξότης
872 3198 922 3234 τὶς
940 3198 985 3234 ὥς
999 3211 1008 3239 ;
1324 3203 1396 3234 ΚΑ.
1425 3200 1545 3238 παπαῖ,
1565 3195 1637 3233 οἷον
1654 3201 1692 3234 τὸ
1710 3202 1777 3246 πῦρ
1796 3201 1971 3248 ἐπέρχεται
1990 3202 2029 3236 δέ
2043 3217 2114 3248 μοι.

341 3249 360 3295 ἢ
381 3249 609 3297 ψευδόμαντίς
626 3249 693 3295 εἶμι
711 3249 897 3297 θυροκόπος
914 3250 1054 3296 φλέδων
1069 3263 1078 3291 ;
1199 3266 1210 3286 1
1221 3263 1275 3296 195
1427 3250 1551 3290 ὀτοτοῖ,
1571 3249 1680 3285 Λύκει’
1689 3250 1879 3293 Ἀπολλον,
1900 3251 1932 3288 οἲ
1950 3253 2016 3300 ἐγὼ
2034 3254 2114 3302 ἐγώ.

342 3300 593 3350 ἐκμαρτύρησον
609 3301 807 3349 προῦμόσας
823 3304 863 3337 τό
879 3299 914 3347 μ’
932 3301 1051 3338 εἶδέναι
1427 3300 1508 3347 αὕτη
1527 3303 1644 3338 δίπους
1661 3304 1776 3339 λέαινα
1795 3306 2048 3352 συγκοιμωμένη

339 3354 434 3403 λόγῳ
452 3354 598 3391 παλαιὰς
615 3353 711 3390 τῶνδ’
730 3354 891 3399 ἁμαρτίας
908 3353 1030 3399 δόμων.
1428 3353 1532 3403 λύκῳ,
1552 3355 1689 3391 λέοντος
1708 3356 1861 3403 εὐγενοῦς
1879 3357 2039 3404 ἀπουσίᾳ,

239 3411 310 3444 ΧΟ.
340 3407 393 3442 καὶ
409 3410 481 3443 πῶς
498 3406 539 3442 ἂν
555 3405 658 3453 ὅρκου
674 3407 792 3452 πῆγμα
809 3404 967 3452 γενναίως
984 3406 1090 3452 παγὲν
1428 3409 1535 3442 κτενεῖ
1549 3422 1591 3452 με
1608 3407 1668 3451 τὴν
1685 3409 1854 3444 τάλαιναν·
1885 3410 1929 3445 ὡς
1947 3410 1982 3444 δὲ
2001 3412 2179 3457 φάρμακον

341 3460 500 3495 παιώνιον
516 3459 670 3506 γένοιτο;
700 3458 854 3503 θαυμάξω
872 3458 911 3493 δέ
927 3472 972 3494 σε
1427 3457 1598 3504 τεύχουσα
1616 3459 1720 3504 κάμοῦ
1738 3459 1862 3505 μισθὸν
1880 3459 2013 3505 ἐνθήσει
2033 3465 2137 3509 ποτῷ,

341 3510 465 3547 πόντου
481 3510 586 3559 πέραν
602 3511 792 3558 τραφεῖσαν
808 3509 1002 3559 ἀλλόθρουν
1014 3510 1116 3548 πόλιν
1198 3525 1277 3549 1200
1432 3510 1630 3556 κᾶπεύχεται
1649 3511 1799 3558 θήγουσα
1818 3513 1907 3558 φωτὶ
1925 3514 2105 3560 φάσγανον

344 3565 454 3613 κυρεῖν
469 3561 654 3610 λέγουσαν,
673 3563 789 3600 ὥσπεο
807 3561 837 3599 εἷ
853 3565 1086 3612 παρεστάτεις.

1190 437 1266 467 1141

1138 275 1438 339 ΑΙΣΧΥΛΟΥ

1313 383 1384 413 ΚΑ.
1411 378 1527 422 μάντις
1544 376 1578 420 μ’
1596 374 1777 412 Ἀπόλλων
1794 372 1870 422 τῷδ’
1890 374 2079 422 ἐπέστησεν
2095 372 2202 410 τέλει.

1317 436 1389 466 ΧΟ.
1418 433 1489 472 μῶν
1502 430 1556 465 καὶ
1574 429 1649 466 θεός
1666 442 1730 465 πεο
1750 429 1852 477 ἱμέρῳ
1867 428 2126 476 πεπληγμένος,·

1319 489 1389 518 KA.
1418 485 1546 530 προτοῦ
1564 483 1625 527 μὲν
1644 482 1743 518 αἰδὼς
1760 483 1800 530 ἦν
1813 482 1886 528 ἐμοὶ
1902 481 2015 530 λέγειν
2031 482 2124 517 τάδε.

1315 541 1386 571 ΧΟ.
1417 533 1596 581 ἁβρύνεται
1613 533 1680 580 γὰρ
1697 534 1763 569 πᾶς
1780 547 1831 569 τις
1849 532 1886 568 εὖ
1901 534 2069 580 πράσσων
2082 532 2200 569 πλέον.

1315 592 1386 621 ΚΑ.
1416 586 1494 621 ἀλλ’
1514 585 1554 630 ἦν
1571 584 1773 630 παλαιστὴς,
1794 586 1886 632 κάρτ’
1903 585 1977 631 ἐμοὶ
1993 586 2101 621 πνέων
2118 586 2230 631 χάριν.

1431 3564 1510 3610 ἐμῆς
1527 3563 1659 3611 ἀγωγῆς
1675 3564 1904 3602 άντιτίσεσθαι
1929 3566 2048 3612 φόνον.

2273 541 2347 575 1205

2276 807 2355 830 1210

2276 1068 2353 1100 ¹2¹5

2278 1331 2358 1354 1220

2331 1394 2347 1417 X

2279 1594 2358 1628 1225

2282 1858 2362 1890 1²30

2277 2114 2353 2146 1235

2278 2376 2358 2407 ¹²40

2278 2637 2356 2671 1245

2279 2900 2357 2934 1250

2281 3161 2357 3196 1255

2281 3417 2360 3449 1260
