<?xml version="1.0" encoding="UTF-8"?>
<!DOCTYPE html PUBLIC "-//W3C//DTD XHTML 1.0 Transitional//EN"
    "http://www.w3.org/TR/xhtml1/DTD/xhtml1-transitional.dtd">
<html xmlns="http://www.w3.org/1999/xhtml" xml:lang="en" lang="en">
 <head>
  <title>
</title>
<meta http-equiv="Content-Type" content="text/html;charset=utf-8" />
  <meta name='ocr-system' content='tesseract 3.04.00' />
  <meta name='ocr-capabilities' content='ocr_page ocr_carea ocr_par ocr_line ocrx_word'/>
</head>
<body>
  <div class='ocr_page' id='page_1' title='image "./poetarumscenicor00dinduoft_0454.png"; bbox 0 0 2488 3860; ppageno 0'>
   <div class='ocr_carea' id='block_1_1' title="bbox 213 290 1509 339">
    <p class='ocr_par' dir='ltr' id='par_1_1' title="bbox 213 290 1509 339">
     <span class='ocr_line' id='line_1_1' title="bbox 213 290 1509 339; baseline 0.002 -5"><span class='ocrx_word' id='word_1_1' title='bbox 213 290 297 334; x_wconf 73' lang='lat'>416</span> <span class='ocrx_word' id='word_1_2' title='bbox 1048 294 1509 339; x_wconf 75' lang='grc' dir='ltr'><strong>ΑΡΙΣΤΟΦΑΝΟΎΣ</strong></span> 
     </span>
    </p>
   </div>
   <div class='ocr_carea' id='block_1_2' title="bbox 218 390 1259 3524">
    <p class='ocr_par' dir='ltr' id='par_1_2' title="bbox 309 390 1016 440">
     <span class='ocr_line' id='line_1_2' title="bbox 309 390 1016 440; baseline 0 -12"><span class='ocrx_word' id='word_1_3' title='bbox 309 393 368 436; x_wconf 84' lang='grc' dir='ltr'>τὴν</span> <span class='ocrx_word' id='word_1_4' title='bbox 387 393 526 440; x_wconf 78' lang='grc' dir='ltr'>κιγκλίδ’</span> <span class='ocrx_word' id='word_1_5' title='bbox 547 390 703 439; x_wconf 76' lang='grc' dir='ltr'>ἐξήραξα,</span> <span class='ocrx_word' id='word_1_6' title='bbox 724 391 914 439; x_wconf 90' lang='grc' dir='ltr'>κάναχανὼν</span> <span class='ocrx_word' id='word_1_7' title='bbox 931 393 1016 438; x_wconf 82' lang='grc' dir='ltr'>μέγα</span> 
     </span>
    </p>

    <p class='ocr_par' dir='ltr' id='par_1_3' title="bbox 309 445 1131 544">
     <span class='ocr_line' id='line_1_3' title="bbox 309 445 1131 492; baseline 0.001 -13"><span class='ocrx_word' id='word_1_8' title='bbox 309 446 499 492; x_wconf 82' lang='grc' dir='ltr'>ἀνέκραγον·</span> <span class='ocrx_word' id='word_1_9' title='bbox 529 445 554 480; x_wconf 85' lang='grc' dir='ltr'><strong>ὦ</strong></span> <span class='ocrx_word' id='word_1_10' title='bbox 571 446 694 490; x_wconf 89' lang='grc' dir='ltr'>βουλὴ,</span> <span class='ocrx_word' id='word_1_11' title='bbox 713 447 838 490; x_wconf 89' lang='grc' dir='ltr'>λόγους</span> <span class='ocrx_word' id='word_1_12' title='bbox 855 445 999 492; x_wconf 83' lang='grc' dir='ltr'>ἀγαθοὺς</span> <span class='ocrx_word' id='word_1_13' title='bbox 1017 445 1131 492; x_wconf 85' lang='grc' dir='ltr'>φέρων</span> 
     </span>
     <span class='ocr_line' id='line_1_4' title="bbox 309 497 1038 544; baseline -0.001 -12"><span class='ocrx_word' id='word_1_14' title='bbox 309 497 596 544; x_wconf 78' lang='grc' dir='ltr'>εὐαγγελίσασθαι</span> <span class='ocrx_word' id='word_1_15' title='bbox 613 502 746 544; x_wconf 78' lang='grc' dir='ltr'>πρῶτον</span> <span class='ocrx_word' id='word_1_16' title='bbox 763 498 840 543; x_wconf 86' lang='grc' dir='ltr'>ὑμῖν</span> <span class='ocrx_word' id='word_1_17' title='bbox 856 498 1038 542; x_wconf 87' lang='grc' dir='ltr'>βούλομαι·</span> 
     </span>
    </p>

    <p class='ocr_par' dir='ltr' id='par_1_4' title="bbox 309 549 996 597">
     <span class='ocr_line' id='line_1_5' title="bbox 309 549 996 597; baseline 0.001 -13"><span class='ocrx_word' id='word_1_18' title='bbox 309 550 347 593; x_wconf 84' lang='grc' dir='ltr'>ἐξ</span> <span class='ocrx_word' id='word_1_19' title='bbox 365 549 405 584; x_wconf 78' lang='grc' dir='ltr'>οὗ</span> <span class='ocrx_word' id='word_1_20' title='bbox 421 551 486 597; x_wconf 83' lang='grc' dir='ltr'>γὰρ</span> <span class='ocrx_word' id='word_1_21' title='bbox 505 549 581 595; x_wconf 84' lang='grc' dir='ltr'>ἡμῖν</span> <span class='ocrx_word' id='word_1_22' title='bbox 598 552 617 585; x_wconf 99' lang='lat'><strong><em>6</em></strong></span> <span class='ocrx_word' id='word_1_23' title='bbox 634 551 783 596; x_wconf 87' lang='grc' dir='ltr'>πόλεμος</span> <span class='ocrx_word' id='word_1_24' title='bbox 799 551 996 597; x_wconf 81' lang='grc' dir='ltr'>κατερράγη,</span> 
     </span>
    </p>

    <p class='ocr_par' dir='ltr' id='par_1_5' title="bbox 309 598 1245 701">
     <span class='ocr_line' id='line_1_6' title="bbox 309 598 1245 648; baseline 0 -12"><span class='ocrx_word' id='word_1_25' title='bbox 309 602 475 637; x_wconf 83' lang='grc' dir='ltr'>οὐπώποτ’</span> <span class='ocrx_word' id='word_1_26' title='bbox 495 601 606 648; x_wconf 87' lang='grc' dir='ltr'>ἀφύας</span> <span class='ocrx_word' id='word_1_27' title='bbox 624 598 713 637; x_wconf 76' lang='grc' dir='ltr'>εἶδον</span> <span class='ocrx_word' id='word_1_28' title='bbox 729 602 922 648; x_wconf 90' lang='grc' dir='ltr'>ἀξιωτέρας.</span> <span class='ocrx_word' id='word_1_29' title='bbox 1186 604 1245 645; x_wconf 77' lang='grc'>645</span> 
     </span>
     <span class='ocr_line' id='line_1_7' title="bbox 309 652 1026 701; baseline 0 -12"><span class='ocrx_word' id='word_1_30' title='bbox 309 655 341 689; x_wconf 83' lang='grc' dir='ltr'>οἱ</span> <span class='ocrx_word' id='word_1_31' title='bbox 359 652 389 689; x_wconf 88' lang='grc' dir='ltr'>δ’</span> <span class='ocrx_word' id='word_1_32' title='bbox 410 654 530 691; x_wconf 83' lang='grc' dir='ltr'>εὐθέως</span> <span class='ocrx_word' id='word_1_33' title='bbox 547 655 588 689; x_wconf 82' lang='grc' dir='ltr'>τὰ</span> <span class='ocrx_word' id='word_1_34' title='bbox 604 656 772 701; x_wconf 87' lang='grc' dir='ltr'>πρόσωπα</span> <span class='ocrx_word' id='word_1_35' title='bbox 789 653 1026 701; x_wconf 89' lang='grc' dir='ltr'>διεγαλήνισαν</span> 
     </span>
    </p>

    <p class='ocr_par' dir='ltr' id='par_1_6' title="bbox 309 703 1133 804">
     <span class='ocr_line' id='line_1_8' title="bbox 309 703 1133 754; baseline 0 -13"><span class='ocrx_word' id='word_1_36' title='bbox 309 703 368 741; x_wconf 84' lang='grc' dir='ltr'>εἶτ’</span> <span class='ocrx_word' id='word_1_37' title='bbox 389 707 598 752; x_wconf 80' lang='grc' dir='ltr'>ἐστεφάνουν</span> <span class='ocrx_word' id='word_1_38' title='bbox 615 706 648 752; x_wconf 91' lang='grc' dir='ltr'>μ’</span> <span class='ocrx_word' id='word_1_39' title='bbox 668 706 863 754; x_wconf 81' lang='grc' dir='ltr'>εὐαγγέλια·</span> <span class='ocrx_word' id='word_1_40' title='bbox 893 707 983 753; x_wconf 86' lang='grc' dir='ltr'>κάγὼ</span> <span class='ocrx_word' id='word_1_41' title='bbox 1000 705 1133 753; x_wconf 85' lang='grc' dir='ltr'>’φρασα</span> 
     </span>
     <span class='ocr_line' id='line_1_9' title="bbox 309 759 982 804; baseline -0.001 -10"><span class='ocrx_word' id='word_1_42' title='bbox 309 759 420 796; x_wconf 78' lang='grc' dir='ltr'>αὐτοῖς</span> <span class='ocrx_word' id='word_1_43' title='bbox 437 759 625 804; x_wconf 87' lang='grc' dir='ltr'>ἀπόρρητον</span> <span class='ocrx_word' id='word_1_44' title='bbox 641 760 867 804; x_wconf 90' lang='grc' dir='ltr'>ποιησάμενος</span> <span class='ocrx_word' id='word_1_45' title='bbox 883 759 982 804; x_wconf 88' lang='grc' dir='ltr'>ταχὺ,</span> 
     </span>
    </p>

    <p class='ocr_par' dir='ltr' id='par_1_7' title="bbox 310 809 1069 857">
     <span class='ocr_line' id='line_1_10' title="bbox 310 809 1069 857; baseline -0.001 -11"><span class='ocrx_word' id='word_1_46' title='bbox 310 809 362 846; x_wconf 80' lang='grc' dir='ltr'>ἵνα</span> <span class='ocrx_word' id='word_1_47' title='bbox 379 812 438 847; x_wconf 85' lang='grc' dir='ltr'>τὰς</span> <span class='ocrx_word' id='word_1_48' title='bbox 455 810 566 857; x_wconf 87' lang='grc' dir='ltr'>ἀφύας</span> <span class='ocrx_word' id='word_1_49' title='bbox 584 811 719 848; x_wconf 77' lang='grc' dir='ltr'>ὠνοῖντο</span> <span class='ocrx_word' id='word_1_50' title='bbox 737 811 870 847; x_wconf 81' lang='grc' dir='ltr'>πολλὰς</span> <span class='ocrx_word' id='word_1_51' title='bbox 886 811 1069 853; x_wconf 77' lang='grc' dir='ltr'>τούβολοῦ,</span> 
     </span>
    </p>

    <p class='ocr_par' dir='ltr' id='par_1_8' title="bbox 309 863 1249 963">
     <span class='ocr_line' id='line_1_11' title="bbox 309 863 1249 910; baseline -0.003 -11"><span class='ocrx_word' id='word_1_52' title='bbox 309 867 374 899; x_wconf 88' lang='grc' dir='ltr'>τῶν</span> <span class='ocrx_word' id='word_1_53' title='bbox 392 865 599 910; x_wconf 83' lang='grc' dir='ltr'>δημιουργῶν</span> <span class='ocrx_word' id='word_1_54' title='bbox 616 864 802 908; x_wconf 80' lang='grc' dir='ltr'>ξυλλαβεῖν</span> <span class='ocrx_word' id='word_1_55' title='bbox 819 864 861 898; x_wconf 83' lang='grc' dir='ltr'>τὰ</span> <span class='ocrx_word' id='word_1_56' title='bbox 877 863 1035 910; x_wconf 90' lang='grc' dir='ltr'>τρυβλία.</span> <span class='ocrx_word' id='word_1_57' title='bbox 1187 865 1249 906; x_wconf 88' lang='lat'>650</span> 
     </span>
     <span class='ocr_line' id='line_1_12' title="bbox 311 914 1102 963; baseline -0.003 -12"><span class='ocrx_word' id='word_1_58' title='bbox 311 918 343 951; x_wconf 83' lang='grc' dir='ltr'>οἱ</span> <span class='ocrx_word' id='word_1_59' title='bbox 361 916 388 951; x_wconf 76' lang='grc' dir='ltr'>δ’</span> <span class='ocrx_word' id='word_1_60' title='bbox 409 917 632 963; x_wconf 81' lang='grc' dir='ltr'>ἀνεκρότησαν</span> <span class='ocrx_word' id='word_1_61' title='bbox 650 917 703 951; x_wconf 85' lang='grc' dir='ltr'>καὶ</span> <span class='ocrx_word' id='word_1_62' title='bbox 719 917 804 962; x_wconf 85' lang='grc' dir='ltr'>πρὸς</span> <span class='ocrx_word' id='word_1_63' title='bbox 822 914 870 960; x_wconf 78' lang='grc' dir='ltr'>ἔμ’</span> <span class='ocrx_word' id='word_1_64' title='bbox 891 914 1102 960; x_wconf 80' lang='grc' dir='ltr'>ἐκεχήνεσαν.</span> 
     </span>
    </p>

    <p class='ocr_par' dir='ltr' id='par_1_9' title="bbox 310 965 1109 1014">
     <span class='ocr_line' id='line_1_13' title="bbox 310 965 1109 1014; baseline -0.005 -10"><span class='ocrx_word' id='word_1_65' title='bbox 310 971 329 1003; x_wconf 90' lang='lat'><strong><em>6</em></strong></span> <span class='ocrx_word' id='word_1_66' title='bbox 347 969 374 1004; x_wconf 78' lang='grc' dir='ltr'>δ’</span> <span class='ocrx_word' id='word_1_67' title='bbox 396 967 596 1013; x_wconf 80' lang='grc' dir='ltr'>ὑπονοήσας,</span> <span class='ocrx_word' id='word_1_68' title='bbox 616 971 635 1003; x_wconf 92' lang='lat'><strong><em>6</em></strong></span> <span class='ocrx_word' id='word_1_69' title='bbox 653 968 864 1014; x_wconf 90' lang='grc' dir='ltr'>Παφλαγὼν,</span> <span class='ocrx_word' id='word_1_70' title='bbox 884 967 979 1003; x_wconf 77' lang='grc' dir='ltr'>εἰδώς</span> <span class='ocrx_word' id='word_1_71' title='bbox 996 965 1026 1001; x_wconf 80' lang='grc' dir='ltr'>τ’</span> <span class='ocrx_word' id='word_1_72' title='bbox 1045 965 1109 1012; x_wconf 77' lang='grc' dir='ltr'>ἄρα</span> 
     </span>
    </p>

    <p class='ocr_par' dir='ltr' id='par_1_10' title="bbox 313 1018 982 1066">
     <span class='ocr_line' id='line_1_14' title="bbox 313 1018 982 1066; baseline -0.003 -11"><span class='ocrx_word' id='word_1_73' title='bbox 313 1018 362 1057; x_wconf 74' lang='grc' dir='ltr'>οἷς</span> <span class='ocrx_word' id='word_1_74' title='bbox 380 1021 472 1066; x_wconf 81' lang='grc' dir='ltr'>ἥδεθ’</span> <span class='ocrx_word' id='word_1_75' title='bbox 492 1020 511 1065; x_wconf 85' lang='grc' dir='ltr'>ἡ</span> <span class='ocrx_word' id='word_1_76' title='bbox 528 1020 640 1065; x_wconf 90' lang='grc' dir='ltr'>βουλὴ</span> <span class='ocrx_word' id='word_1_77' title='bbox 658 1021 809 1065; x_wconf 87' lang='grc' dir='ltr'>μάλιστα</span> <span class='ocrx_word' id='word_1_78' title='bbox 825 1018 982 1066; x_wconf 84' lang='grc' dir='ltr'>ῥήμασιν,</span> 
     </span>
    </p>

    <p class='ocr_par' dir='ltr' id='par_1_11' title="bbox 310 1072 1018 1120">
     <span class='ocr_line' id='line_1_15' title="bbox 310 1072 1018 1120; baseline -0.004 -12"><span class='ocrx_word' id='word_1_79' title='bbox 310 1075 445 1120; x_wconf 86' lang='grc' dir='ltr'>γνώμην</span> <span class='ocrx_word' id='word_1_80' title='bbox 463 1073 594 1117; x_wconf 78' lang='grc' dir='ltr'>ἔλεξεν·</span> <span class='ocrx_word' id='word_1_81' title='bbox 624 1072 752 1118; x_wconf 78' lang='grc' dir='ltr'>ἅνδρες,</span> <span class='ocrx_word' id='word_1_82' title='bbox 771 1072 833 1116; x_wconf 83' lang='grc' dir='ltr'>ἤδη</span> <span class='ocrx_word' id='word_1_83' title='bbox 852 1086 908 1116; x_wconf 92' lang='grc' dir='ltr'>μοι</span> <span class='ocrx_word' id='word_1_84' title='bbox 927 1072 1018 1106; x_wconf 89' lang='grc' dir='ltr'>δοκεῖ</span> 
     </span>
    </p>

    <p class='ocr_par' dir='ltr' id='par_1_12' title="bbox 311 1119 1245 1226">
     <span class='ocr_line' id='line_1_16' title="bbox 311 1119 1245 1172; baseline -0.003 -12"><span class='ocrx_word' id='word_1_85' title='bbox 311 1126 366 1162; x_wconf 80' lang='grc' dir='ltr'>ἐπὶ</span> <span class='ocrx_word' id='word_1_86' title='bbox 384 1127 576 1172; x_wconf 85' lang='grc' dir='ltr'>συμφοραῖς</span> <span class='ocrx_word' id='word_1_87' title='bbox 594 1119 773 1172; x_wconf 82' lang='grc' dir='ltr'>ἀγαθαῖσιν</span> <span class='ocrx_word' id='word_1_88' title='bbox 791 1123 1065 1170; x_wconf 82' lang='grc' dir='ltr'>εἰσηγγελμέναις</span> <span class='ocrx_word' id='word_1_89' title='bbox 1185 1125 1245 1166; x_wconf 88' lang='lat'>655</span> 
     </span>
     <span class='ocr_line' id='line_1_17' title="bbox 312 1175 989 1226; baseline -0.007 -12"><span class='ocrx_word' id='word_1_90' title='bbox 312 1179 494 1226; x_wconf 79' lang='grc' dir='ltr'>εὐαγγέλια</span> <span class='ocrx_word' id='word_1_91' title='bbox 512 1177 601 1212; x_wconf 92' lang='grc' dir='ltr'>θύειν</span> <span class='ocrx_word' id='word_1_92' title='bbox 619 1178 735 1212; x_wconf 83' lang='grc' dir='ltr'>ἑκατὸν</span> <span class='ocrx_word' id='word_1_93' title='bbox 751 1178 835 1218; x_wconf 86' lang='grc' dir='ltr'>βοῦς</span> <span class='ocrx_word' id='word_1_94' title='bbox 852 1178 892 1220; x_wconf 85' lang='grc' dir='ltr'>τῇ</span> <span class='ocrx_word' id='word_1_95' title='bbox 911 1175 989 1223; x_wconf 81' lang='grc' dir='ltr'>θεῷ.</span> 
     </span>
    </p>

    <p class='ocr_par' dir='ltr' id='par_1_13' title="bbox 312 1227 994 1272">
     <span class='ocr_line' id='line_1_18' title="bbox 312 1227 994 1272; baseline -0.006 -5"><span class='ocrx_word' id='word_1_96' title='bbox 312 1232 489 1267; x_wconf 78' lang='grc' dir='ltr'>ἐπένευσεν</span> <span class='ocrx_word' id='word_1_97' title='bbox 507 1230 554 1266; x_wconf 84' lang='grc' dir='ltr'>εἷς</span> <span class='ocrx_word' id='word_1_98' title='bbox 572 1230 695 1264; x_wconf 91' lang='grc' dir='ltr'>ἐκεῖνον</span> <span class='ocrx_word' id='word_1_99' title='bbox 712 1228 731 1272; x_wconf 89' lang='grc' dir='ltr'>ἡ</span> <span class='ocrx_word' id='word_1_100' title='bbox 749 1227 860 1272; x_wconf 87' lang='grc' dir='ltr'>βουλὴ</span> <span class='ocrx_word' id='word_1_101' title='bbox 878 1228 994 1263; x_wconf 88' lang='grc' dir='ltr'>πάλιν.</span> 
     </span>
    </p>

    <p class='ocr_par' dir='ltr' id='par_1_14' title="bbox 311 1278 1146 1380">
     <span class='ocr_line' id='line_1_19' title="bbox 311 1278 1146 1331; baseline -0.005 -13"><span class='ocrx_word' id='word_1_102' title='bbox 311 1282 432 1331; x_wconf 74' lang='grc' dir='ltr'>κᾶγωγ’</span> <span class='ocrx_word' id='word_1_103' title='bbox 452 1282 507 1318; x_wconf 88' lang='grc' dir='ltr'>ὅτε</span> <span class='ocrx_word' id='word_1_104' title='bbox 525 1282 564 1327; x_wconf 85' lang='grc' dir='ltr'>δὴ</span> <span class='ocrx_word' id='word_1_105' title='bbox 582 1281 681 1328; x_wconf 89' lang='grc' dir='ltr'>’γνων</span> <span class='ocrx_word' id='word_1_106' title='bbox 698 1282 768 1317; x_wconf 89' lang='grc' dir='ltr'>τοῖς</span> <span class='ocrx_word' id='word_1_107' title='bbox 784 1280 939 1323; x_wconf 81' lang='grc' dir='ltr'>βολίτοις</span> <span class='ocrx_word' id='word_1_108' title='bbox 956 1278 1146 1324; x_wconf 84' lang='grc' dir='ltr'>ἡττημένος,</span> 
     </span>
     <span class='ocr_line' id='line_1_20' title="bbox 312 1333 931 1380; baseline -0.008 -9"><span class='ocrx_word' id='word_1_109' title='bbox 312 1336 517 1372; x_wconf 84' lang='grc' dir='ltr'>διακοσίαισι</span> <span class='ocrx_word' id='word_1_110' title='bbox 534 1335 658 1378; x_wconf 88' lang='grc' dir='ltr'>βουσὶν</span> <span class='ocrx_word' id='word_1_111' title='bbox 675 1333 931 1380; x_wconf 91' lang='grc' dir='ltr'>ὑπερηκόντισα·</span> 
     </span>
    </p>

    <p class='ocr_par' dir='ltr' id='par_1_15' title="bbox 312 1383 1249 1487">
     <span class='ocr_line' id='line_1_21' title="bbox 312 1383 1249 1435; baseline -0.006 -11"><span class='ocrx_word' id='word_1_112' title='bbox 312 1393 352 1434; x_wconf 81' lang='grc' dir='ltr'>τῇ</span> <span class='ocrx_word' id='word_1_113' title='bbox 370 1388 399 1424; x_wconf 76' lang='grc' dir='ltr'>δ’</span> <span class='ocrx_word' id='word_1_114' title='bbox 416 1387 600 1435; x_wconf 80' lang='grc' dir='ltr'>Ἀγροτέρᾳ</span> <span class='ocrx_word' id='word_1_115' title='bbox 618 1387 700 1421; x_wconf 84' lang='grc' dir='ltr'>κατὰ</span> <span class='ocrx_word' id='word_1_116' title='bbox 717 1385 838 1431; x_wconf 89' lang='grc' dir='ltr'>χιλίων</span> <span class='ocrx_word' id='word_1_117' title='bbox 857 1383 1031 1431; x_wconf 83' lang='grc' dir='ltr'>παρῄνεσα</span> <span class='ocrx_word' id='word_1_118' title='bbox 1186 1385 1249 1419; x_wconf 85' lang='grc'>660</span> 
     </span>
     <span class='ocr_line' id='line_1_22' title="bbox 312 1436 1005 1487; baseline -0.007 -11"><span class='ocrx_word' id='word_1_119' title='bbox 312 1441 413 1487; x_wconf 82' lang='grc' dir='ltr'>εὐχὴν</span> <span class='ocrx_word' id='word_1_120' title='bbox 429 1439 638 1485; x_wconf 83' lang='grc' dir='ltr'>ποιήσασθαι</span> <span class='ocrx_word' id='word_1_121' title='bbox 656 1439 807 1485; x_wconf 87' lang='grc' dir='ltr'>χιμάρων</span> <span class='ocrx_word' id='word_1_122' title='bbox 824 1436 1005 1483; x_wconf 79' lang='grc' dir='ltr'>εἰσαύριον,</span> 
     </span>
    </p>

    <p class='ocr_par' dir='ltr' id='par_1_16' title="bbox 311 1490 1055 1592">
     <span class='ocr_line' id='line_1_23' title="bbox 311 1490 1055 1541; baseline -0.007 -13"><span class='ocrx_word' id='word_1_123' title='bbox 311 1495 344 1528; x_wconf 82' lang='grc' dir='ltr'>αἱ</span> <span class='ocrx_word' id='word_1_124' title='bbox 362 1494 508 1541; x_wconf 83' lang='grc' dir='ltr'>τριχίδες</span> <span class='ocrx_word' id='word_1_125' title='bbox 526 1492 554 1527; x_wconf 87' lang='grc' dir='ltr'>εἷ</span> <span class='ocrx_word' id='word_1_126' title='bbox 570 1490 719 1539; x_wconf 86' lang='grc' dir='ltr'>γενοίαθ’</span> <span class='ocrx_word' id='word_1_127' title='bbox 740 1491 855 1525; x_wconf 83' lang='grc' dir='ltr'>ἑκατὸν</span> <span class='ocrx_word' id='word_1_128' title='bbox 873 1490 1055 1532; x_wconf 82' lang='grc' dir='ltr'>τούβολοῦ.</span> 
     </span>
     <span class='ocr_line' id='line_1_24' title="bbox 313 1542 983 1592; baseline -0.006 -11"><span class='ocrx_word' id='word_1_129' title='bbox 313 1547 553 1592; x_wconf 81' lang='grc' dir='ltr'>ἐκαραδόκησεν</span> <span class='ocrx_word' id='word_1_130' title='bbox 571 1544 618 1580; x_wconf 82' lang='grc' dir='ltr'>εἷς</span> <span class='ocrx_word' id='word_1_131' title='bbox 635 1543 684 1589; x_wconf 82' lang='grc' dir='ltr'>ἔμ’</span> <span class='ocrx_word' id='word_1_132' title='bbox 703 1542 723 1588; x_wconf 88' lang='grc' dir='ltr'><em>ἡ</em></span> <span class='ocrx_word' id='word_1_133' title='bbox 741 1542 850 1587; x_wconf 85' lang='grc' dir='ltr'>βουλὴ</span> <span class='ocrx_word' id='word_1_134' title='bbox 868 1543 983 1578; x_wconf 90' lang='grc' dir='ltr'>πάλιν.</span> 
     </span>
    </p>

    <p class='ocr_par' dir='ltr' id='par_1_17' title="bbox 313 1595 1065 1642">
     <span class='ocr_line' id='line_1_25' title="bbox 313 1595 1065 1642; baseline -0.005 -9"><span class='ocrx_word' id='word_1_135' title='bbox 313 1600 331 1633; x_wconf 92' lang='lat'><strong><em>6</em></strong></span> <span class='ocrx_word' id='word_1_136' title='bbox 350 1599 386 1634; x_wconf 80' lang='grc' dir='ltr'>δὲ</span> <span class='ocrx_word' id='word_1_137' title='bbox 399 1597 489 1633; x_wconf 79' lang='grc' dir='ltr'>ταῦτ’</span> <span class='ocrx_word' id='word_1_138' title='bbox 509 1595 656 1633; x_wconf 88' lang='grc' dir='ltr'>ἀκούσας</span> <span class='ocrx_word' id='word_1_139' title='bbox 675 1596 850 1642; x_wconf 78' lang='grc' dir='ltr'>ἐκπλαγεὶς</span> <span class='ocrx_word' id='word_1_140' title='bbox 869 1595 1065 1640; x_wconf 81' lang='grc' dir='ltr'>ἐφληνάφα.</span> 
     </span>
    </p>

    <p class='ocr_par' dir='ltr' id='par_1_18' title="bbox 312 1646 1248 1750">
     <span class='ocr_line' id='line_1_26' title="bbox 312 1646 1248 1697; baseline -0.004 -11"><span class='ocrx_word' id='word_1_141' title='bbox 312 1648 387 1697; x_wconf 80' lang='grc' dir='ltr'>κᾷθ’</span> <span class='ocrx_word' id='word_1_142' title='bbox 407 1648 522 1685; x_wconf 84' lang='grc' dir='ltr'>εἷλκον</span> <span class='ocrx_word' id='word_1_143' title='bbox 540 1649 639 1684; x_wconf 81' lang='grc' dir='ltr'>αὑτὸν</span> <span class='ocrx_word' id='word_1_144' title='bbox 657 1649 688 1683; x_wconf 80' lang='grc' dir='ltr'>οἱ</span> <span class='ocrx_word' id='word_1_145' title='bbox 706 1649 880 1694; x_wconf 90' lang='grc' dir='ltr'>πρυτάνεις</span> <span class='ocrx_word' id='word_1_146' title='bbox 898 1646 955 1692; x_wconf 86' lang='grc' dir='ltr'><strong><em>χοῖ</em></strong></span> <span class='ocrx_word' id='word_1_147' title='bbox 972 1647 1120 1691; x_wconf 83' lang='grc' dir='ltr'>τοξόται.</span> <span class='ocrx_word' id='word_1_148' title='bbox 1188 1648 1248 1691; x_wconf 87' lang='grc'>665</span> 
     </span>
     <span class='ocr_line' id='line_1_27' title="bbox 312 1698 1117 1750; baseline -0.005 -11"><span class='ocrx_word' id='word_1_149' title='bbox 312 1705 344 1739; x_wconf 75' lang='grc' dir='ltr'>οὶ</span> <span class='ocrx_word' id='word_1_150' title='bbox 363 1703 391 1738; x_wconf 86' lang='grc' dir='ltr'>δ’</span> <span class='ocrx_word' id='word_1_151' title='bbox 411 1701 595 1750; x_wconf 80' lang='grc' dir='ltr'>ἐθορύβουν</span> <span class='ocrx_word' id='word_1_152' title='bbox 612 1702 689 1748; x_wconf 82' lang='grc' dir='ltr'>περὶ</span> <span class='ocrx_word' id='word_1_153' title='bbox 706 1704 772 1735; x_wconf 85' lang='grc' dir='ltr'>τῶν</span> <span class='ocrx_word' id='word_1_154' title='bbox 789 1698 908 1746; x_wconf 81' lang='grc' dir='ltr'>ἀφύων</span> <span class='ocrx_word' id='word_1_155' title='bbox 927 1700 1117 1743; x_wconf 81' lang='grc' dir='ltr'>ἑστηκότες·</span> 
     </span>
    </p>

    <p class='ocr_par' dir='ltr' id='par_1_19' title="bbox 312 1752 1168 1801">
     <span class='ocr_line' id='line_1_28' title="bbox 312 1752 1168 1801; baseline -0.007 -10"><span class='ocrx_word' id='word_1_156' title='bbox 312 1758 331 1791; x_wconf 91' lang='lat'><strong><em>6</em></strong></span> <span class='ocrx_word' id='word_1_157' title='bbox 350 1755 377 1791; x_wconf 86' lang='grc' dir='ltr'>δ’</span> <span class='ocrx_word' id='word_1_158' title='bbox 397 1753 568 1801; x_wconf 81' lang='grc' dir='ltr'>ἠντιβόλει</span> <span class='ocrx_word' id='word_1_159' title='bbox 585 1753 616 1800; x_wconf 87' lang='grc' dir='ltr'>γ’</span> <span class='ocrx_word' id='word_1_160' title='bbox 636 1753 755 1789; x_wconf 81' lang='grc' dir='ltr'>αὐτοὺς</span> <span class='ocrx_word' id='word_1_161' title='bbox 773 1752 891 1799; x_wconf 82' lang='grc' dir='ltr'>ὀλίγον</span> <span class='ocrx_word' id='word_1_162' title='bbox 908 1753 1015 1797; x_wconf 90' lang='grc' dir='ltr'>μεῖναι</span> <span class='ocrx_word' id='word_1_163' title='bbox 1033 1753 1168 1798; x_wconf 89' lang='grc' dir='ltr'>χρόνον,</span> 
     </span>
    </p>

    <p class='ocr_par' dir='ltr' id='par_1_20' title="bbox 311 1804 1053 1853">
     <span class='ocr_line' id='line_1_29' title="bbox 311 1804 1053 1853; baseline -0.009 -8"><span class='ocrx_word' id='word_1_164' title='bbox 311 1807 351 1845; x_wconf 74' lang='grc' dir='ltr'>ἵν’</span> <span class='ocrx_word' id='word_1_165' title='bbox 370 1808 445 1844; x_wconf 80' lang='grc' dir='ltr'>ἅτθ’</span> <span class='ocrx_word' id='word_1_166' title='bbox 466 1810 484 1843; x_wconf 96' lang='lat'><strong><em>6</em></strong></span> <span class='ocrx_word' id='word_1_167' title='bbox 503 1805 606 1853; x_wconf 84' lang='grc' dir='ltr'>κήρυξ</span> <span class='ocrx_word' id='word_1_168' title='bbox 624 1806 683 1841; x_wconf 86' lang='grc' dir='ltr'>οὑκ</span> <span class='ocrx_word' id='word_1_169' title='bbox 701 1805 943 1850; x_wconf 90' lang='grc' dir='ltr'>Λακεδαίμονος</span> <span class='ocrx_word' id='word_1_170' title='bbox 959 1804 1053 1851; x_wconf 90' lang='grc' dir='ltr'>λέγει</span> 
     </span>
    </p>

    <p class='ocr_par' dir='ltr' id='par_1_21' title="bbox 311 1855 1139 1906">
     <span class='ocr_line' id='line_1_30' title="bbox 311 1855 1139 1906; baseline -0.007 -9"><span class='ocrx_word' id='word_1_171' title='bbox 311 1859 478 1906; x_wconf 84' lang='grc' dir='ltr'>πύθησθ’·</span> <span class='ocrx_word' id='word_1_172' title='bbox 511 1860 649 1905; x_wconf 82' lang='grc' dir='ltr'>ἀφῖκται</span> <span class='ocrx_word' id='word_1_173' title='bbox 666 1858 732 1906; x_wconf 85' lang='grc' dir='ltr'>γὰρ</span> <span class='ocrx_word' id='word_1_174' title='bbox 748 1858 826 1904; x_wconf 85' lang='grc' dir='ltr'>περὶ</span> <span class='ocrx_word' id='word_1_175' title='bbox 844 1857 999 1893; x_wconf 84' lang='grc' dir='ltr'>σπονδῶν</span> <span class='ocrx_word' id='word_1_176' title='bbox 1015 1855 1139 1903; x_wconf 87' lang='grc' dir='ltr'>λέγων.</span> 
     </span>
    </p>

    <p class='ocr_par' dir='ltr' id='par_1_22' title="bbox 310 1909 1250 2010">
     <span class='ocr_line' id='line_1_31' title="bbox 310 1909 1250 1958; baseline -0.006 -8"><span class='ocrx_word' id='word_1_177' title='bbox 310 1915 344 1950; x_wconf 81' lang='grc' dir='ltr'>οἱ</span> <span class='ocrx_word' id='word_1_178' title='bbox 362 1914 389 1949; x_wconf 87' lang='grc' dir='ltr'>δ’</span> <span class='ocrx_word' id='word_1_179' title='bbox 410 1911 447 1958; x_wconf 78' lang='grc' dir='ltr'>ἐξ</span> <span class='ocrx_word' id='word_1_180' title='bbox 465 1913 537 1948; x_wconf 80' lang='grc' dir='ltr'>ἐνὸς</span> <span class='ocrx_word' id='word_1_181' title='bbox 556 1913 722 1956; x_wconf 89' lang='grc' dir='ltr'>στόματος</span> <span class='ocrx_word' id='word_1_182' title='bbox 740 1911 881 1946; x_wconf 81' lang='grc' dir='ltr'>ἅπαντες</span> <span class='ocrx_word' id='word_1_183' title='bbox 898 1909 1089 1956; x_wconf 84' lang='grc' dir='ltr'>ἀνέκραγον·</span> <span class='ocrx_word' id='word_1_184' title='bbox 1187 1911 1250 1954; x_wconf 87' lang='grc'>670</span> 
     </span>
     <span class='ocr_line' id='line_1_32' title="bbox 314 1960 1042 2010; baseline -0.01 -8"><span class='ocrx_word' id='word_1_185' title='bbox 314 1966 384 2002; x_wconf 81' lang='grc' dir='ltr'>νυνὶ</span> <span class='ocrx_word' id='word_1_186' title='bbox 400 1966 477 2010; x_wconf 80' lang='grc' dir='ltr'>περὶ</span> <span class='ocrx_word' id='word_1_187' title='bbox 497 1965 652 2000; x_wconf 85' lang='grc' dir='ltr'>σπονδῶν</span> <span class='ocrx_word' id='word_1_188' title='bbox 666 1976 675 2004; x_wconf 90' lang='grc'>;</span> <span class='ocrx_word' id='word_1_189' title='bbox 705 1961 817 2006; x_wconf 87' lang='grc' dir='ltr'>ἐπειδή</span> <span class='ocrx_word' id='word_1_190' title='bbox 834 1960 879 2008; x_wconf 86' lang='grc' dir='ltr'>γ’,</span> <span class='ocrx_word' id='word_1_191' title='bbox 900 1960 926 1996; x_wconf 79' lang='grc' dir='ltr'><strong>ὦ</strong></span> <span class='ocrx_word' id='word_1_192' title='bbox 943 1962 1042 2006; x_wconf 92' lang='grc' dir='ltr'>μέλε,</span> 
     </span>
    </p>

    <p class='ocr_par' dir='ltr' id='par_1_23' title="bbox 312 2011 991 2061">
     <span class='ocr_line' id='line_1_33' title="bbox 312 2011 991 2061; baseline -0.001 -11"><span class='ocrx_word' id='word_1_193' title='bbox 312 2013 460 2061; x_wconf 81' lang='grc' dir='ltr'>ᾔσθοντο</span> <span class='ocrx_word' id='word_1_194' title='bbox 478 2014 537 2050; x_wconf 86' lang='grc' dir='ltr'>τὰς</span> <span class='ocrx_word' id='word_1_195' title='bbox 555 2011 666 2059; x_wconf 82' lang='grc' dir='ltr'>ἀφύας</span> <span class='ocrx_word' id='word_1_196' title='bbox 682 2014 761 2059; x_wconf 85' lang='grc' dir='ltr'>παρ’</span> <span class='ocrx_word' id='word_1_197' title='bbox 778 2012 854 2058; x_wconf 86' lang='grc' dir='ltr'>ἡμῖν</span> <span class='ocrx_word' id='word_1_198' title='bbox 872 2012 967 2057; x_wconf 78' lang='grc' dir='ltr'>ἀξίας</span> <span class='ocrx_word' id='word_1_199' title='bbox 982 2025 991 2052; x_wconf 89' lang='grc'><strong>;</strong></span> 
     </span>
    </p>

    <p class='ocr_par' dir='ltr' id='par_1_24' title="bbox 314 2064 1068 2166">
     <span class='ocr_line' id='line_1_34' title="bbox 314 2064 1068 2112; baseline -0.001 -10"><span class='ocrx_word' id='word_1_200' title='bbox 314 2067 353 2103; x_wconf 81' lang='grc' dir='ltr'>οὗ</span> <span class='ocrx_word' id='word_1_201' title='bbox 371 2066 511 2112; x_wconf 91' lang='grc' dir='ltr'>δεόμεθα</span> <span class='ocrx_word' id='word_1_202' title='bbox 530 2065 696 2101; x_wconf 84' lang='grc' dir='ltr'>σπονδῶν·</span> <span class='ocrx_word' id='word_1_203' title='bbox 727 2067 746 2100; x_wconf 93' lang='lat'><strong><em>6</em></strong></span> <span class='ocrx_word' id='word_1_204' title='bbox 763 2067 911 2110; x_wconf 91' lang='grc' dir='ltr'>πόλεμος</span> <span class='ocrx_word' id='word_1_205' title='bbox 929 2064 1068 2111; x_wconf 79' lang='grc' dir='ltr'>ἑρπέτω.</span> 
     </span>
     <span class='ocr_line' id='line_1_35' title="bbox 316 2117 1041 2166; baseline -0.004 -12"><span class='ocrx_word' id='word_1_206' title='bbox 316 2119 538 2166; x_wconf 75' lang='grc' dir='ltr'>ἐκεκράγεσάν</span> <span class='ocrx_word' id='word_1_207' title='bbox 555 2132 591 2152; x_wconf 86' lang='grc' dir='ltr'>τε</span> <span class='ocrx_word' id='word_1_208' title='bbox 607 2117 685 2153; x_wconf 82' lang='grc' dir='ltr'>τοὺς</span> <span class='ocrx_word' id='word_1_209' title='bbox 702 2118 878 2164; x_wconf 88' lang='grc' dir='ltr'>πρυτάνεις</span> <span class='ocrx_word' id='word_1_210' title='bbox 895 2117 1041 2163; x_wconf 89' lang='grc' dir='ltr'>ἀφιέναι·</span> 
     </span>
    </p>

    <p class='ocr_par' dir='ltr' id='par_1_25' title="bbox 315 2169 1250 2271">
     <span class='ocr_line' id='line_1_36' title="bbox 315 2169 1250 2218; baseline -0.002 -11"><span class='ocrx_word' id='word_1_211' title='bbox 315 2170 379 2207; x_wconf 83' lang='grc' dir='ltr'>εἶθ’</span> <span class='ocrx_word' id='word_1_212' title='bbox 399 2169 614 2218; x_wconf 82' lang='grc' dir='ltr'>ὑπερεπήδων</span> <span class='ocrx_word' id='word_1_213' title='bbox 631 2170 708 2206; x_wconf 83' lang='grc' dir='ltr'>τοὺς</span> <span class='ocrx_word' id='word_1_214' title='bbox 727 2170 939 2216; x_wconf 89' lang='grc' dir='ltr'>δρυφάκτους</span> <span class='ocrx_word' id='word_1_215' title='bbox 955 2169 1121 2216; x_wconf 83' lang='grc' dir='ltr'>πανταχῆ.</span> <span class='ocrx_word' id='word_1_216' title='bbox 1189 2170 1250 2214; x_wconf 83' lang='grc'>675</span> 
     </span>
     <span class='ocr_line' id='line_1_37' title="bbox 316 2221 1051 2271; baseline -0.003 -13"><span class='ocrx_word' id='word_1_217' title='bbox 316 2225 381 2271; x_wconf 86' lang='grc' dir='ltr'>ἐγὼ</span> <span class='ocrx_word' id='word_1_218' title='bbox 392 2224 436 2258; x_wconf 84' lang='grc' dir='ltr'>-δὲ</span> <span class='ocrx_word' id='word_1_219' title='bbox 454 2223 495 2258; x_wconf 83' lang='grc' dir='ltr'>τὰ</span> <span class='ocrx_word' id='word_1_220' title='bbox 513 2221 653 2269; x_wconf 84' lang='grc' dir='ltr'>κορίανν’</span> <span class='ocrx_word' id='word_1_221' title='bbox 674 2222 835 2269; x_wconf 83' lang='grc' dir='ltr'>ἐπριάμην</span> <span class='ocrx_word' id='word_1_222' title='bbox 852 2222 1051 2269; x_wconf 84' lang='grc' dir='ltr'>ὑποδραμὼν</span> 
     </span>
    </p>

    <p class='ocr_par' dir='ltr' id='par_1_26' title="bbox 316 2272 1009 2321">
     <span class='ocr_line' id='line_1_38' title="bbox 316 2272 1009 2321; baseline -0.004 -10"><span class='ocrx_word' id='word_1_223' title='bbox 316 2278 444 2312; x_wconf 81' lang='grc' dir='ltr'>ἅπαντα</span> <span class='ocrx_word' id='word_1_224' title='bbox 461 2276 502 2310; x_wconf 88' lang='grc' dir='ltr'>τά</span> <span class='ocrx_word' id='word_1_225' title='bbox 519 2290 555 2310; x_wconf 91' lang='grc' dir='ltr'>τε</span> <span class='ocrx_word' id='word_1_226' title='bbox 568 2273 670 2321; x_wconf 63' lang='grc' dir='ltr'>γήτεί</span> <span class='ocrx_word' id='word_1_227' title='bbox 690 2274 743 2309; x_wconf 83' lang='grc' dir='ltr'>ὅσ’</span> <span class='ocrx_word' id='word_1_228' title='bbox 763 2272 802 2318; x_wconf 86' lang='grc' dir='ltr'>ἦν</span> <span class='ocrx_word' id='word_1_229' title='bbox 821 2275 855 2309; x_wconf 90' lang='grc' dir='ltr'>ἐν</span> <span class='ocrx_word' id='word_1_230' title='bbox 872 2275 1009 2321; x_wconf 77' lang='grc' dir='ltr'>τάγορᾷ·</span> 
     </span>
    </p>

    <p class='ocr_par' dir='ltr' id='par_1_27' title="bbox 316 2326 1002 2373">
     <span class='ocr_line' id='line_1_39' title="bbox 316 2326 1002 2373; baseline -0.004 -9"><span class='ocrx_word' id='word_1_231' title='bbox 316 2330 430 2365; x_wconf 78' lang='grc' dir='ltr'>ἔπειτα</span> <span class='ocrx_word' id='word_1_232' title='bbox 447 2329 518 2364; x_wconf 89' lang='grc' dir='ltr'>ταῖς</span> <span class='ocrx_word' id='word_1_233' title='bbox 536 2326 660 2373; x_wconf 79' lang='grc' dir='ltr'>ἀφύαις</span> <span class='ocrx_word' id='word_1_234' title='bbox 678 2327 809 2362; x_wconf 88' lang='grc' dir='ltr'>ἐδίδουν</span> <span class='ocrx_word' id='word_1_235' title='bbox 826 2326 1002 2371; x_wconf 80' lang='grc' dir='ltr'>ἡδύσματα</span> 
     </span>
    </p>

    <p class='ocr_par' dir='ltr' id='par_1_28' title="bbox 317 2379 1038 2427">
     <span class='ocr_line' id='line_1_40' title="bbox 317 2379 1038 2427; baseline -0.003 -11"><span class='ocrx_word' id='word_1_236' title='bbox 317 2381 504 2427; x_wconf 86' lang='grc' dir='ltr'>ἀποροῦσιν</span> <span class='ocrx_word' id='word_1_237' title='bbox 521 2380 632 2415; x_wconf 81' lang='grc' dir='ltr'>αὐτοῖς</span> <span class='ocrx_word' id='word_1_238' title='bbox 649 2381 783 2426; x_wconf 92' lang='grc' dir='ltr'>προῖκα,</span> <span class='ocrx_word' id='word_1_239' title='bbox 803 2379 1038 2426; x_wconf 82' lang='grc' dir='ltr'>κάχαριζόμην.</span> 
     </span>
    </p>

    <p class='ocr_par' dir='ltr' id='par_1_29' title="bbox 317 2430 1256 2529">
     <span class='ocr_line' id='line_1_41' title="bbox 317 2430 1256 2480; baseline -0.002 -12"><span class='ocrx_word' id='word_1_240' title='bbox 317 2435 349 2480; x_wconf 83' lang='grc' dir='ltr'>οἱ</span> <span class='ocrx_word' id='word_1_241' title='bbox 368 2433 397 2468; x_wconf 79' lang='grc' dir='ltr'>δ’</span> <span class='ocrx_word' id='word_1_242' title='bbox 416 2431 639 2480; x_wconf 83' lang='grc' dir='ltr'>ὑπερεπῄνουν</span> <span class='ocrx_word' id='word_1_243' title='bbox 656 2430 934 2478; x_wconf 80' lang='grc' dir='ltr'>ὑπερεπύππαζόν</span> <span class='ocrx_word' id='word_1_244' title='bbox 951 2431 989 2466; x_wconf 92' lang='grc' dir='ltr'>τέ</span> <span class='ocrx_word' id='word_1_245' title='bbox 1005 2446 1047 2476; x_wconf 91' lang='grc' dir='ltr'>με</span> <span class='ocrx_word' id='word_1_246' title='bbox 1194 2433 1256 2466; x_wconf 84' lang='grc'>680</span> 
     </span>
     <span class='ocr_line' id='line_1_42' title="bbox 318 2483 1012 2529; baseline -0.004 -8"><span class='ocrx_word' id='word_1_247' title='bbox 318 2487 458 2521; x_wconf 82' lang='grc' dir='ltr'>ἅπαντες</span> <span class='ocrx_word' id='word_1_248' title='bbox 476 2483 581 2520; x_wconf 79' lang='grc' dir='ltr'>οὕτως</span> <span class='ocrx_word' id='word_1_249' title='bbox 599 2485 688 2519; x_wconf 83' lang='grc' dir='ltr'>ὥστε</span> <span class='ocrx_word' id='word_1_250' title='bbox 706 2485 765 2529; x_wconf 86' lang='grc' dir='ltr'>τὴν</span> <span class='ocrx_word' id='word_1_251' title='bbox 781 2484 912 2528; x_wconf 89' lang='grc' dir='ltr'>βουλὴν</span> <span class='ocrx_word' id='word_1_252' title='bbox 929 2483 1012 2528; x_wconf 85' lang='grc' dir='ltr'>ὅλην</span> 
     </span>
    </p>

    <p class='ocr_par' dir='ltr' id='par_1_30' title="bbox 318 2535 1025 2584">
     <span class='ocr_line' id='line_1_43' title="bbox 318 2535 1025 2584; baseline -0.004 -11"><span class='ocrx_word' id='word_1_253' title='bbox 318 2539 447 2581; x_wconf 84' lang='grc' dir='ltr'>ὀβολοῦ</span> <span class='ocrx_word' id='word_1_254' title='bbox 465 2538 647 2584; x_wconf 85' lang='grc' dir='ltr'>κοριάννοις</span> <span class='ocrx_word' id='word_1_255' title='bbox 664 2537 843 2579; x_wconf 86' lang='grc' dir='ltr'>ἀναλαβὼν</span> <span class='ocrx_word' id='word_1_256' title='bbox 861 2535 1025 2581; x_wconf 87' lang='grc' dir='ltr'>ἐλήλυθα.</span> 
     </span>
    </p>

    <p class='ocr_par' dir='ltr' id='par_1_31' title="bbox 218 2586 1259 3051">
     <span class='ocr_line' id='line_1_44' title="bbox 218 2586 1258 2636; baseline -0.004 -10"><span class='ocrx_word' id='word_1_257' title='bbox 218 2596 287 2626; x_wconf 85' lang='grc' dir='ltr'>ΧΟ.</span> <span class='ocrx_word' id='word_1_258' title='bbox 318 2592 426 2627; x_wconf 90' lang='grc' dir='ltr'>πάντα</span> <span class='ocrx_word' id='word_1_259' title='bbox 443 2605 495 2625; x_wconf 88' lang='grc' dir='ltr'>τοι</span> <span class='ocrx_word' id='word_1_260' title='bbox 513 2590 686 2636; x_wconf 89' lang='grc' dir='ltr'>πέπραγας</span> <span class='ocrx_word' id='word_1_261' title='bbox 704 2586 759 2624; x_wconf 78' lang='grc' dir='ltr'>οἷα</span> <span class='ocrx_word' id='word_1_262' title='bbox 775 2588 843 2636; x_wconf 88' lang='grc' dir='ltr'>χρὴ</span> <span class='ocrx_word' id='word_1_263' title='bbox 862 2590 921 2624; x_wconf 89' lang='grc' dir='ltr'>τὸν</span> <span class='ocrx_word' id='word_1_264' title='bbox 938 2588 1152 2634; x_wconf 81' lang='grc' dir='ltr'>εὐτυχοῦντα·</span> <span class='ocrx_word' id='word_1_265' title='bbox 1188 2587 1258 2623; x_wconf 85' lang='grc' dir='ltr'>ἀντ.</span> 
     </span>
     <span class='ocr_line' id='line_1_45' title="bbox 321 2640 1156 2689; baseline -0.001 -11"><span class='ocrx_word' id='word_1_266' title='bbox 321 2643 395 2689; x_wconf 78' lang='grc' dir='ltr'>εὗρε</span> <span class='ocrx_word' id='word_1_267' title='bbox 413 2643 440 2678; x_wconf 90' lang='grc' dir='ltr'>δ’</span> <span class='ocrx_word' id='word_1_268' title='bbox 462 2645 480 2677; x_wconf 92' lang='grc' dir='ltr'>ὁ</span> <span class='ocrx_word' id='word_1_269' title='bbox 497 2645 685 2688; x_wconf 85' lang='grc' dir='ltr'>πανοῦργος</span> <span class='ocrx_word' id='word_1_270' title='bbox 703 2641 817 2689; x_wconf 83' lang='grc' dir='ltr'>ἕτερον</span> <span class='ocrx_word' id='word_1_271' title='bbox 833 2640 924 2678; x_wconf 85' lang='grc' dir='ltr'>πολὺ</span> <span class='ocrx_word' id='word_1_272' title='bbox 941 2640 1156 2688; x_wconf 82' lang='grc' dir='ltr'>πανουργίαις</span> 
     </span>
     <span class='ocr_line' id='line_1_46' title="bbox 321 2695 1255 2741; baseline -0.002 -11"><span class='ocrx_word' id='word_1_273' title='bbox 321 2696 453 2741; x_wconf 81' lang='grc' dir='ltr'>μείζοσι</span> <span class='ocrx_word' id='word_1_274' title='bbox 471 2695 684 2739; x_wconf 89' lang='grc' dir='ltr'>κεκασμένον,</span> <span class='ocrx_word' id='word_1_275' title='bbox 1195 2695 1255 2737; x_wconf 89' lang='grc'>685</span> 
     </span>
     <span class='ocr_line' id='line_1_47' title="bbox 322 2747 723 2787; baseline 0 -5"><span class='ocrx_word' id='word_1_276' title='bbox 322 2748 375 2782; x_wconf 88' lang='grc' dir='ltr'>καὶ</span> <span class='ocrx_word' id='word_1_277' title='bbox 394 2748 528 2782; x_wconf 88' lang='grc' dir='ltr'>δόλοισι</span> <span class='ocrx_word' id='word_1_278' title='bbox 545 2747 723 2787; x_wconf 86' lang='grc' dir='ltr'>ποικίλοις,</span> 
     </span>
     <span class='ocr_line' id='line_1_48' title="bbox 321 2797 702 2847; baseline 0 -13"><span class='ocrx_word' id='word_1_279' title='bbox 321 2798 467 2847; x_wconf 84' lang='grc' dir='ltr'>ῥήμασίν</span> <span class='ocrx_word' id='word_1_280' title='bbox 485 2797 518 2834; x_wconf 84' lang='grc' dir='ltr'>θ’</span> <span class='ocrx_word' id='word_1_281' title='bbox 538 2797 702 2844; x_wconf 80' lang='grc' dir='ltr'>αἱμύλοις.</span> 
     </span>
     <span class='ocr_line' id='line_1_49' title="bbox 322 2850 780 2899; baseline 0 -13"><span class='ocrx_word' id='word_1_282' title='bbox 322 2850 398 2887; x_wconf 87' lang='grc' dir='ltr'>ἀλλ’</span> <span class='ocrx_word' id='word_1_283' title='bbox 419 2852 507 2888; x_wconf 86' lang='grc' dir='ltr'>ὅπως</span> <span class='ocrx_word' id='word_1_284' title='bbox 525 2852 659 2899; x_wconf 87' lang='grc' dir='ltr'>ἀγωνιεῖ</span> <span class='ocrx_word' id='word_1_285' title='bbox 675 2852 780 2898; x_wconf 90' lang='grc' dir='ltr'>φρόν-</span> 
     </span>
     <span class='ocr_line' id='line_1_50' title="bbox 324 2904 736 2950; baseline -0.002 -11"><span class='ocrx_word' id='word_1_286' title='bbox 324 2905 392 2947; x_wconf 83' lang='grc' dir='ltr'>τιζε</span> <span class='ocrx_word' id='word_1_287' title='bbox 410 2904 582 2940; x_wconf 85' lang='grc' dir='ltr'>τάπίλοιπ’</span> <span class='ocrx_word' id='word_1_288' title='bbox 602 2904 736 2950; x_wconf 76' lang='grc' dir='ltr'>ἄριστα·</span> 
     </span>
     <span class='ocr_line' id='line_1_51' title="bbox 326 2955 846 3002; baseline -0.004 -10"><span class='ocrx_word' id='word_1_289' title='bbox 326 2958 522 3002; x_wconf 84' lang='grc' dir='ltr'>συμμάχους</span> <span class='ocrx_word' id='word_1_290' title='bbox 539 2955 567 2991; x_wconf 88' lang='grc' dir='ltr'>δ’</span> <span class='ocrx_word' id='word_1_291' title='bbox 587 2955 670 3000; x_wconf 81' lang='grc' dir='ltr'>ἡμᾶς</span> <span class='ocrx_word' id='word_1_292' title='bbox 687 2956 774 3001; x_wconf 79' lang='grc' dir='ltr'>ἔχων</span> <span class='ocrx_word' id='word_1_293' title='bbox 792 2956 846 2990; x_wconf 76' lang='grc' dir='ltr'>εὔ-</span> 
     </span>
     <span class='ocr_line' id='line_1_52' title="bbox 325 3008 1259 3051; baseline -0.005 -6"><span class='ocrx_word' id='word_1_294' title='bbox 325 3022 399 3045; x_wconf 83' lang='grc' dir='ltr'>νους</span> <span class='ocrx_word' id='word_1_295' title='bbox 418 3008 598 3045; x_wconf 85' lang='grc' dir='ltr'>ἐπίστασαι</span> <span class='ocrx_word' id='word_1_296' title='bbox 616 3009 734 3043; x_wconf 86' lang='grc' dir='ltr'>πάλαι.</span> <span class='ocrx_word' id='word_1_297' title='bbox 1198 3008 1259 3051; x_wconf 88' lang='grc'>690</span> 
     </span>
    </p>

    <p class='ocr_par' dir='ltr' id='par_1_32' title="bbox 224 3059 1151 3210">
     <span class='ocr_line' id='line_1_53' title="bbox 224 3059 1105 3106; baseline -0.006 -8"><span class='ocrx_word' id='word_1_298' title='bbox 224 3066 292 3099; x_wconf 68' lang='lat' dir='ltr'>AA.</span> <span class='ocrx_word' id='word_1_299' title='bbox 327 3060 379 3096; x_wconf 83' lang='grc' dir='ltr'>καὶ</span> <span class='ocrx_word' id='word_1_300' title='bbox 396 3061 460 3106; x_wconf 93' lang='grc' dir='ltr'>μὴν</span> <span class='ocrx_word' id='word_1_301' title='bbox 478 3062 496 3095; x_wconf 94' lang='lat'><strong><em>6</em></strong></span> <span class='ocrx_word' id='word_1_302' title='bbox 514 3060 712 3106; x_wconf 86' lang='grc' dir='ltr'>Παφλαγὼν</span> <span class='ocrx_word' id='word_1_303' title='bbox 730 3059 849 3095; x_wconf 85' lang='grc' dir='ltr'>οὑτοσὶ</span> <span class='ocrx_word' id='word_1_304' title='bbox 866 3059 1105 3106; x_wconf 87' lang='grc' dir='ltr'>προσέρχεται,</span> 
     </span>
     <span class='ocr_line' id='line_1_54' title="bbox 326 3112 1069 3158; baseline -0.003 -10"><span class='ocrx_word' id='word_1_305' title='bbox 326 3113 420 3148; x_wconf 82' lang='grc' dir='ltr'>ὠθῶν</span> <span class='ocrx_word' id='word_1_306' title='bbox 438 3114 604 3157; x_wconf 87' lang='grc' dir='ltr'>κολόκυμα</span> <span class='ocrx_word' id='word_1_307' title='bbox 623 3112 675 3146; x_wconf 85' lang='grc' dir='ltr'>καὶ</span> <span class='ocrx_word' id='word_1_308' title='bbox 693 3113 862 3158; x_wconf 86' lang='grc' dir='ltr'>ταράττων</span> <span class='ocrx_word' id='word_1_309' title='bbox 880 3112 933 3147; x_wconf 83' lang='grc' dir='ltr'>καὶ</span> <span class='ocrx_word' id='word_1_310' title='bbox 952 3115 1069 3154; x_wconf 84' lang='grc' dir='ltr'>κυκῶν,</span> 
     </span>
     <span class='ocr_line' id='line_1_55' title="bbox 328 3163 1151 3210; baseline -0.005 -8"><span class='ocrx_word' id='word_1_311' title='bbox 328 3165 371 3202; x_wconf 78' lang='grc' dir='ltr'>ὣς</span> <span class='ocrx_word' id='word_1_312' title='bbox 388 3165 427 3210; x_wconf 87' lang='grc' dir='ltr'>δὴ</span> <span class='ocrx_word' id='word_1_313' title='bbox 446 3166 681 3209; x_wconf 85' lang='grc' dir='ltr'>καταπιόμενός</span> <span class='ocrx_word' id='word_1_314' title='bbox 697 3179 751 3209; x_wconf 89' lang='grc' dir='ltr'>με.</span> <span class='ocrx_word' id='word_1_315' title='bbox 780 3164 896 3210; x_wconf 83' lang='grc' dir='ltr'>μορμὼ</span> <span class='ocrx_word' id='word_1_316' title='bbox 914 3166 974 3198; x_wconf 86' lang='grc' dir='ltr'>τοῦ</span> <span class='ocrx_word' id='word_1_317' title='bbox 992 3163 1151 3209; x_wconf 87' lang='grc' dir='ltr'>θράσους.</span> 
     </span>
    </p>

    <p class='ocr_par' dir='ltr' id='par_1_33' title="bbox 228 3213 1258 3317">
     <span class='ocr_line' id='line_1_56' title="bbox 228 3213 1091 3263; baseline -0.005 -9"><span class='ocrx_word' id='word_1_318' title='bbox 228 3222 293 3254; x_wconf 65' lang='lat' dir='ltr'>KA.</span> <span class='ocrx_word' id='word_1_319' title='bbox 323 3216 351 3253; x_wconf 79' lang='grc' dir='ltr'>εἷ</span> <span class='ocrx_word' id='word_1_320' title='bbox 369 3216 412 3263; x_wconf 85' lang='grc' dir='ltr'>μή</span> <span class='ocrx_word' id='word_1_321' title='bbox 431 3216 463 3252; x_wconf 80' lang='lat' dir='ltr'>‹r&#39;</span> <span class='ocrx_word' id='word_1_322' title='bbox 483 3213 695 3260; x_wconf 88' lang='grc' dir='ltr'>ἀπολέσαιμ’,</span> <span class='ocrx_word' id='word_1_323' title='bbox 715 3214 793 3250; x_wconf 82' lang='grc' dir='ltr'>εἴτι</span> <span class='ocrx_word' id='word_1_324' title='bbox 810 3219 876 3251; x_wconf 88' lang='grc' dir='ltr'>τῶν</span> <span class='ocrx_word' id='word_1_325' title='bbox 892 3216 1000 3250; x_wconf 81' lang='grc' dir='ltr'>αὐτῶν</span> <span class='ocrx_word' id='word_1_326' title='bbox 1018 3216 1091 3261; x_wconf 79' lang='grc' dir='ltr'>ἐμοὶ</span> 
     </span>
     <span class='ocr_line' id='line_1_57' title="bbox 327 3268 1258 3317; baseline -0.004 -12"><span class='ocrx_word' id='word_1_327' title='bbox 327 3271 464 3317; x_wconf 77' lang='grc' dir='ltr'>ψευδῶν</span> <span class='ocrx_word' id='word_1_328' title='bbox 483 3268 579 3312; x_wconf 89' lang='grc' dir='ltr'>ἐνείη,</span> <span class='ocrx_word' id='word_1_329' title='bbox 599 3268 791 3312; x_wconf 87' lang='grc' dir='ltr'>διαπέσοιμι</span> <span class='ocrx_word' id='word_1_330' title='bbox 808 3269 972 3313; x_wconf 86' lang='grc' dir='ltr'>πανταχῆ.</span> <span class='ocrx_word' id='word_1_331' title='bbox 1199 3269 1258 3311; x_wconf 87' lang='lat'>695</span> 
     </span>
    </p>

    <p class='ocr_par' dir='ltr' id='par_1_34' title="bbox 229 3319 1069 3420">
     <span class='ocr_line' id='line_1_58' title="bbox 229 3319 1069 3366; baseline -0.005 -6"><span class='ocrx_word' id='word_1_332' title='bbox 229 3330 295 3360; x_wconf 67' lang='lat' dir='ltr'>AA.</span> <span class='ocrx_word' id='word_1_333' title='bbox 330 3322 437 3366; x_wconf 80' lang='grc' dir='ltr'>ἥσθην</span> <span class='ocrx_word' id='word_1_334' title='bbox 454 3321 617 3360; x_wconf 84' lang='grc' dir='ltr'>ἀπειλαῖς,</span> <span class='ocrx_word' id='word_1_335' title='bbox 637 3320 790 3366; x_wconf 84' lang='grc' dir='ltr'>ἐγέλασα</span> <span class='ocrx_word' id='word_1_336' title='bbox 806 3319 1069 3366; x_wconf 77' lang='grc' dir='ltr'>ψολοκομπίαις,</span> 
     </span>
     <span class='ocr_line' id='line_1_59' title="bbox 329 3371 992 3420; baseline -0.005 -10"><span class='ocrx_word' id='word_1_337' title='bbox 329 3374 562 3420; x_wconf 81' lang='grc' dir='ltr'>ἀπεπυδάρισα</span> <span class='ocrx_word' id='word_1_338' title='bbox 577 3371 722 3417; x_wconf 87' lang='grc' dir='ltr'>μόθωνα,</span> <span class='ocrx_word' id='word_1_339' title='bbox 741 3373 992 3417; x_wconf 85' lang='grc' dir='ltr'>περιεκόκκασα.</span> 
     </span>
    </p>

    <p class='ocr_par' dir='ltr' id='par_1_35' title="bbox 229 3422 1129 3524">
     <span class='ocr_line' id='line_1_60' title="bbox 229 3422 1129 3471; baseline -0.006 -7"><span class='ocrx_word' id='word_1_340' title='bbox 229 3433 298 3465; x_wconf 71' lang='grc' dir='ltr'>ΚΛ.</span> <span class='ocrx_word' id='word_1_341' title='bbox 327 3429 367 3461; x_wconf 82' lang='grc' dir='ltr'>οὔ</span> <span class='ocrx_word' id='word_1_342' title='bbox 383 3440 435 3461; x_wconf 86' lang='grc' dir='ltr'>τοι</span> <span class='ocrx_word' id='word_1_343' title='bbox 452 3426 499 3471; x_wconf 82' lang='grc' dir='ltr'>μὰ</span> <span class='ocrx_word' id='word_1_344' title='bbox 515 3424 575 3469; x_wconf 83' lang='grc' dir='ltr'>τὴν</span> <span class='ocrx_word' id='word_1_345' title='bbox 592 3422 750 3469; x_wconf 82' lang='grc' dir='ltr'>Δήμητρά</span> <span class='ocrx_word' id='word_1_346' title='bbox 765 3422 810 3470; x_wconf 83' lang='grc' dir='ltr'>γ’,</span> <span class='ocrx_word' id='word_1_347' title='bbox 829 3422 859 3458; x_wconf 82' lang='grc' dir='ltr'>εἶ</span> <span class='ocrx_word' id='word_1_348' title='bbox 875 3422 920 3468; x_wconf 84' lang='grc' dir='ltr'>μή</span> <span class='ocrx_word' id='word_1_349' title='bbox 940 3423 973 3458; x_wconf 79' lang='lat' dir='ltr'>tr‘</span> <span class='ocrx_word' id='word_1_350' title='bbox 992 3423 1129 3471; x_wconf 81' lang='grc' dir='ltr'>ἐκφάγω</span> 
     </span>
     <span class='ocr_line' id='line_1_61' title="bbox 331 3475 1030 3524; baseline -0.004 -10"><span class='ocrx_word' id='word_1_351' title='bbox 331 3480 366 3514; x_wconf 87' lang='grc' dir='ltr'>ἐκ</span> <span class='ocrx_word' id='word_1_352' title='bbox 383 3478 487 3523; x_wconf 85' lang='grc' dir='ltr'>τῆσδε</span> <span class='ocrx_word' id='word_1_353' title='bbox 505 3477 563 3521; x_wconf 83' lang='grc' dir='ltr'>τῆς</span> <span class='ocrx_word' id='word_1_354' title='bbox 579 3477 652 3524; x_wconf 83' lang='grc' dir='ltr'>γῆς,</span> <span class='ocrx_word' id='word_1_355' title='bbox 672 3475 831 3510; x_wconf 79' lang='grc' dir='ltr'>οὐδέποτε</span> <span class='ocrx_word' id='word_1_356' title='bbox 847 3476 1030 3519; x_wconf 78' lang='grc' dir='ltr'>βιώσομαι.</span> 
     </span>
    </p>
   </div>
   <div class='ocr_carea' id='block_1_3' title="bbox 230 3526 1265 3575">
    <p class='ocr_par' dir='ltr' id='par_1_36' title="bbox 230 3526 1265 3575">
     <span class='ocr_line' id='line_1_62' title="bbox 230 3526 1265 3575; baseline -0.008 -5"><span class='ocrx_word' id='word_1_357' title='bbox 230 3538 299 3570; x_wconf 75' lang='grc' dir='ltr'>ΑΛ.</span> <span class='ocrx_word' id='word_1_358' title='bbox 331 3531 360 3566; x_wconf 86' lang='grc' dir='ltr'>εἷ</span> <span class='ocrx_word' id='word_1_359' title='bbox 377 3530 420 3575; x_wconf 87' lang='grc' dir='ltr'>μὴ</span> <span class='ocrx_word' id='word_1_360' title='bbox 437 3528 605 3575; x_wconf 73' lang='grc' dir='ltr'>’κφάγῃςς</span> <span class='ocrx_word' id='word_1_361' title='bbox 626 3527 691 3574; x_wconf 80' lang='grc' dir='ltr'>ἐγὼ</span> <span class='ocrx_word' id='word_1_362' title='bbox 709 3527 747 3562; x_wconf 83' lang='grc' dir='ltr'>δέ</span> <span class='ocrx_word' id='word_1_363' title='bbox 762 3528 806 3573; x_wconf 87' lang='grc' dir='ltr'>γ’,</span> <span class='ocrx_word' id='word_1_364' title='bbox 825 3526 854 3561; x_wconf 86' lang='grc' dir='ltr'>εἷ</span> <span class='ocrx_word' id='word_1_365' title='bbox 870 3526 915 3572; x_wconf 85' lang='grc' dir='ltr'>μή</span> <span class='ocrx_word' id='word_1_366' title='bbox 935 3527 968 3562; x_wconf 83' lang='grc' dir='ltr'>σ’</span> <span class='ocrx_word' id='word_1_367' title='bbox 988 3527 1101 3571; x_wconf 86' lang='grc' dir='ltr'>ἐκπίω,</span> <span class='ocrx_word' id='word_1_368' title='bbox 1206 3537 1265 3572; x_wconf 89' lang='grc'>700</span> 
     </span>
    </p>
   </div>
   <div class='ocr_carea' id='block_1_4' title="bbox 332 3578 979 3631">
    <p class='ocr_par' dir='ltr' id='par_1_37' title="bbox 332 3578 979 3631">
     <span class='ocr_line' id='line_1_63' title="bbox 332 3578 979 3631; baseline -0.008 -12"><span class='ocrx_word' id='word_1_369' title='bbox 332 3579 402 3630; x_wconf 77' lang='grc' dir='ltr'>κᾷτ’</span> <span class='ocrx_word' id='word_1_370' title='bbox 421 3579 614 3631; x_wconf 83' lang='grc' dir='ltr'>ἐκροφὴσας</span> <span class='ocrx_word' id='word_1_371' title='bbox 630 3579 729 3616; x_wconf 77' lang='grc' dir='ltr'>αὐτὸς</span> <span class='ocrx_word' id='word_1_372' title='bbox 745 3578 979 3626; x_wconf 79' lang='grc' dir='ltr'>ἐπιδιαρραγῶ.</span> 
     </span>
    </p>
   </div>
   <div class='ocr_carea' id='block_1_5' title="bbox 1294 390 2349 3630">
    <p class='ocr_par' dir='ltr' id='par_1_38' title="bbox 1294 390 2348 3107">
     <span class='ocr_line' id='line_1_64' title="bbox 1295 390 2183 439; baseline 0.002 -11"><span class='ocrx_word' id='word_1_373' title='bbox 1295 399 1366 429; x_wconf 90' lang='grc' dir='ltr'>ΚΛ.</span> <span class='ocrx_word' id='word_1_374' title='bbox 1395 393 1513 429; x_wconf 88' lang='grc' dir='ltr'>ἀπολῶ</span> <span class='ocrx_word' id='word_1_375' title='bbox 1533 405 1574 427; x_wconf 90' lang='grc' dir='ltr'>σε</span> <span class='ocrx_word' id='word_1_376' title='bbox 1592 390 1630 436; x_wconf 84' lang='grc' dir='ltr'>νὴ</span> <span class='ocrx_word' id='word_1_377' title='bbox 1649 390 1708 436; x_wconf 78' lang='grc' dir='ltr'>τὴν</span> <span class='ocrx_word' id='word_1_378' title='bbox 1723 392 1903 439; x_wconf 85' lang='grc' dir='ltr'>προεδρίαν</span> <span class='ocrx_word' id='word_1_379' title='bbox 1920 393 1980 439; x_wconf 87' lang='grc' dir='ltr'>τὴν</span> <span class='ocrx_word' id='word_1_380' title='bbox 1997 393 2032 429; x_wconf 86' lang='grc' dir='ltr'>ἐκ</span> <span class='ocrx_word' id='word_1_381' title='bbox 2051 391 2183 430; x_wconf 85' lang='grc' dir='ltr'>Πύλου.</span> 
     </span>
     <span class='ocr_line' id='line_1_65' title="bbox 1297 441 2077 494; baseline 0 -13"><span class='ocrx_word' id='word_1_382' title='bbox 1297 452 1365 481; x_wconf 86' lang='grc' dir='ltr'>ΑΛ.</span> <span class='ocrx_word' id='word_1_383' title='bbox 1399 444 1473 480; x_wconf 82' lang='grc' dir='ltr'>ἷδοὺ</span> <span class='ocrx_word' id='word_1_384' title='bbox 1490 444 1680 490; x_wconf 79' lang='grc' dir='ltr'>προεδρίαν·</span> <span class='ocrx_word' id='word_1_385' title='bbox 1709 441 1781 479; x_wconf 80' lang='grc' dir='ltr'>οἷον</span> <span class='ocrx_word' id='word_1_386' title='bbox 1798 444 1930 492; x_wconf 75' lang='grc' dir='ltr'>ὅψομαί</span> <span class='ocrx_word' id='word_1_387' title='bbox 1947 446 1981 481; x_wconf 83' lang='grc' dir='ltr'>σ’</span> <span class='ocrx_word' id='word_1_388' title='bbox 2000 447 2077 494; x_wconf 81' lang='grc' dir='ltr'>ἐγὼ.</span> 
     </span>
     <span class='ocr_line' id='line_1_66' title="bbox 1397 495 2056 543; baseline 0.005 -12"><span class='ocrx_word' id='word_1_389' title='bbox 1397 497 1433 531; x_wconf 88' lang='grc' dir='ltr'>ἐκ</span> <span class='ocrx_word' id='word_1_390' title='bbox 1451 498 1509 540; x_wconf 78' lang='grc' dir='ltr'>τῆς</span> <span class='ocrx_word' id='word_1_391' title='bbox 1525 495 1703 542; x_wconf 88' lang='grc' dir='ltr'>προεδρίας</span> <span class='ocrx_word' id='word_1_392' title='bbox 1720 497 1866 542; x_wconf 81' lang='grc' dir='ltr'>ἔσχατον</span> <span class='ocrx_word' id='word_1_393' title='bbox 1883 497 2056 543; x_wconf 88' lang='grc' dir='ltr'>θεώμενον.</span> 
     </span>
     <span class='ocr_line' id='line_1_67' title="bbox 1295 546 2333 597; baseline 0.003 -13"><span class='ocrx_word' id='word_1_394' title='bbox 1295 555 1365 584; x_wconf 87' lang='grc' dir='ltr'>ΚΛ.</span> <span class='ocrx_word' id='word_1_395' title='bbox 1396 549 1431 583; x_wconf 87' lang='grc' dir='ltr'>ἐν</span> <span class='ocrx_word' id='word_1_396' title='bbox 1449 549 1496 596; x_wconf 77' lang='grc' dir='ltr'>τῷ</span> <span class='ocrx_word' id='word_1_397' title='bbox 1513 546 1607 595; x_wconf 81' lang='grc' dir='ltr'>ξύλῳ</span> <span class='ocrx_word' id='word_1_398' title='bbox 1625 547 1719 593; x_wconf 88' lang='grc' dir='ltr'>δήσω</span> <span class='ocrx_word' id='word_1_399' title='bbox 1738 563 1779 584; x_wconf 87' lang='grc' dir='ltr'>σε</span> <span class='ocrx_word' id='word_1_400' title='bbox 1798 549 1835 594; x_wconf 87' lang='grc' dir='ltr'>νὴ</span> <span class='ocrx_word' id='word_1_401' title='bbox 1854 551 1912 585; x_wconf 87' lang='grc' dir='ltr'>τὸν</span> <span class='ocrx_word' id='word_1_402' title='bbox 1929 551 2080 597; x_wconf 79' lang='grc' dir='ltr'>οὐρανόν.</span> <span class='ocrx_word' id='word_1_403' title='bbox 2259 559 2333 596; x_wconf 76' lang='grc'><strong>-705</strong></span> 
     </span>
     <span class='ocr_line' id='line_1_68' title="bbox 1294 598 2185 649; baseline 0.002 -13"><span class='ocrx_word' id='word_1_404' title='bbox 1294 607 1362 637; x_wconf 90' lang='grc' dir='ltr'>ΑΛ.</span> <span class='ocrx_word' id='word_1_405' title='bbox 1397 602 1441 636; x_wconf 86' lang='grc' dir='ltr'>ὡς</span> <span class='ocrx_word' id='word_1_406' title='bbox 1459 598 1637 644; x_wconf 83' lang='grc' dir='ltr'>ὀξύθυμος.</span> <span class='ocrx_word' id='word_1_407' title='bbox 1667 601 1752 646; x_wconf 90' lang='grc' dir='ltr'>φέρε</span> <span class='ocrx_word' id='word_1_408' title='bbox 1769 601 1803 636; x_wconf 91' lang='grc' dir='ltr'>τί</span> <span class='ocrx_word' id='word_1_409' title='bbox 1820 615 1877 637; x_wconf 90' lang='grc' dir='ltr'>σοι</span> <span class='ocrx_word' id='word_1_410' title='bbox 1895 602 1942 638; x_wconf 87' lang='grc' dir='ltr'>δῶ</span> <span class='ocrx_word' id='word_1_411' title='bbox 1960 604 2185 649; x_wconf 82' lang='grc' dir='ltr'>καταφαγεῖν;</span> 
     </span>
     <span class='ocr_line' id='line_1_69' title="bbox 1399 652 2186 701; baseline 0.003 -14"><span class='ocrx_word' id='word_1_412' title='bbox 1399 653 1454 687; x_wconf 83' lang='grc' dir='ltr'>ἐπὶ</span> <span class='ocrx_word' id='word_1_413' title='bbox 1471 654 1518 700; x_wconf 80' lang='grc' dir='ltr'>τῷ</span> <span class='ocrx_word' id='word_1_414' title='bbox 1537 652 1662 697; x_wconf 90' lang='grc' dir='ltr'>φάγοις</span> <span class='ocrx_word' id='word_1_415' title='bbox 1679 652 1789 697; x_wconf 79' lang='grc' dir='ltr'>ἥδιστ’</span> <span class='ocrx_word' id='word_1_416' title='bbox 1807 653 1868 694; x_wconf 78' lang='grc' dir='ltr'>ἅν;</span> <span class='ocrx_word' id='word_1_417' title='bbox 1898 654 1952 689; x_wconf 83' lang='grc' dir='ltr'>ἐπὶ</span> <span class='ocrx_word' id='word_1_418' title='bbox 1968 654 2161 701; x_wconf 73' lang='grc' dir='ltr'>βαλλαντίῳ</span> <span class='ocrx_word' id='word_1_419' title='bbox 2175 666 2186 695; x_wconf 77' lang='grc' dir='ltr'>ς</span> 
     </span>
     <span class='ocr_line' id='line_1_70' title="bbox 1296 704 2084 753; baseline 0.001 -13"><span class='ocrx_word' id='word_1_420' title='bbox 1296 711 1367 740; x_wconf 83' lang='grc' dir='ltr'>ΚΛ.</span> <span class='ocrx_word' id='word_1_421' title='bbox 1398 704 1633 750; x_wconf 83' lang='grc' dir='ltr'>ἐξαρπάσομαί</span> <span class='ocrx_word' id='word_1_422' title='bbox 1651 718 1717 739; x_wconf 92' lang='grc' dir='ltr'>σου</span> <span class='ocrx_word' id='word_1_423' title='bbox 1734 706 1804 742; x_wconf 87' lang='grc' dir='ltr'>τοῖς</span> <span class='ocrx_word' id='word_1_424' title='bbox 1822 704 1916 750; x_wconf 80' lang='grc' dir='ltr'>ὄνυξι</span> <span class='ocrx_word' id='word_1_425' title='bbox 1933 706 2084 753; x_wconf 78' lang='grc' dir='ltr'>τᾶντερα.</span> 
     </span>
     <span class='ocr_line' id='line_1_71' title="bbox 1295 757 2053 806; baseline -0.001 -14"><span class='ocrx_word' id='word_1_426' title='bbox 1295 763 1365 792; x_wconf 89' lang='grc' dir='ltr'>ΑΛ.</span> <span class='ocrx_word' id='word_1_427' title='bbox 1399 757 1569 801; x_wconf 86' lang='grc' dir='ltr'>ἀπονυχιῶ</span> <span class='ocrx_word' id='word_1_428' title='bbox 1589 770 1654 790; x_wconf 92' lang='grc' dir='ltr'>σου</span> <span class='ocrx_word' id='word_1_429' title='bbox 1671 757 1732 791; x_wconf 87' lang='grc' dir='ltr'>τάν</span> <span class='ocrx_word' id='word_1_430' title='bbox 1747 758 1932 806; x_wconf 80' lang='grc' dir='ltr'>πρυτανείῳ</span> <span class='ocrx_word' id='word_1_431' title='bbox 1951 758 2053 793; x_wconf 92' lang='grc' dir='ltr'>σιτία.</span> 
     </span>
     <span class='ocr_line' id='line_1_72' title="bbox 1296 807 2336 858; baseline 0.002 -14"><span class='ocrx_word' id='word_1_432' title='bbox 1296 815 1366 844; x_wconf 87' lang='grc' dir='ltr'>ΚΛ.</span> <span class='ocrx_word' id='word_1_433' title='bbox 1397 809 1491 852; x_wconf 83' lang='grc' dir='ltr'>ἕλξω</span> <span class='ocrx_word' id='word_1_434' title='bbox 1510 822 1552 842; x_wconf 90' lang='grc' dir='ltr'>σε</span> <span class='ocrx_word' id='word_1_435' title='bbox 1572 809 1655 854; x_wconf 87' lang='grc' dir='ltr'>πρὸς</span> <span class='ocrx_word' id='word_1_436' title='bbox 1672 810 1731 843; x_wconf 87' lang='grc' dir='ltr'>τὸν</span> <span class='ocrx_word' id='word_1_437' title='bbox 1748 809 1863 854; x_wconf 88' lang='grc' dir='ltr'>δῆμον,</span> <span class='ocrx_word' id='word_1_438' title='bbox 1883 807 1935 847; x_wconf 83' lang='grc' dir='ltr'>ἵνα</span> <span class='ocrx_word' id='word_1_439' title='bbox 1953 811 2017 858; x_wconf 75' lang='grc' dir='ltr'>δῷς</span> <span class='ocrx_word' id='word_1_440' title='bbox 2033 824 2090 856; x_wconf 91' lang='grc' dir='ltr'>μοι</span> <span class='ocrx_word' id='word_1_441' title='bbox 2109 810 2216 855; x_wconf 89' lang='grc' dir='ltr'>δίκην.</span> <span class='ocrx_word' id='word_1_442' title='bbox 2273 820 2336 855; x_wconf 75' lang='grc'>710</span> 
     </span>
     <span class='ocr_line' id='line_1_73' title="bbox 1295 859 2118 907; baseline 0.002 -11"><span class='ocrx_word' id='word_1_443' title='bbox 1295 868 1364 896; x_wconf 88' lang='grc' dir='ltr'>ΑΛ.</span> <span class='ocrx_word' id='word_1_444' title='bbox 1398 861 1488 907; x_wconf 81' lang='grc' dir='ltr'>κάγὼ</span> <span class='ocrx_word' id='word_1_445' title='bbox 1507 859 1544 895; x_wconf 88' lang='grc' dir='ltr'>δέ</span> <span class='ocrx_word' id='word_1_446' title='bbox 1562 859 1595 894; x_wconf 83' lang='grc' dir='ltr'>σ’</span> <span class='ocrx_word' id='word_1_447' title='bbox 1615 859 1709 904; x_wconf 81' lang='grc' dir='ltr'>ἕλξω</span> <span class='ocrx_word' id='word_1_448' title='bbox 1727 862 1780 895; x_wconf 85' lang='grc' dir='ltr'>καὶ</span> <span class='ocrx_word' id='word_1_449' title='bbox 1798 861 1949 904; x_wconf 89' lang='grc' dir='ltr'>διαβαλῶ</span> <span class='ocrx_word' id='word_1_450' title='bbox 1966 862 2118 898; x_wconf 90' lang='grc' dir='ltr'>πλείονα.</span> 
     </span>
     <span class='ocr_line' id='line_1_74' title="bbox 1296 911 2128 959; baseline 0.002 -11"><span class='ocrx_word' id='word_1_451' title='bbox 1296 919 1365 948; x_wconf 88' lang='grc' dir='ltr'>ΚΛ.</span> <span class='ocrx_word' id='word_1_452' title='bbox 1394 912 1484 953; x_wconf 85' lang='grc' dir='ltr'>ἀλλ’,</span> <span class='ocrx_word' id='word_1_453' title='bbox 1505 911 1531 946; x_wconf 80' lang='grc' dir='ltr'>ὦ</span> <span class='ocrx_word' id='word_1_454' title='bbox 1547 913 1683 959; x_wconf 78' lang='grc' dir='ltr'>πονηρὲ,</span> <span class='ocrx_word' id='word_1_455' title='bbox 1704 914 1761 949; x_wconf 86' lang='grc' dir='ltr'>σοὶ</span> <span class='ocrx_word' id='word_1_456' title='bbox 1777 914 1838 958; x_wconf 87' lang='grc' dir='ltr'>μέν</span> <span class='ocrx_word' id='word_1_457' title='bbox 1856 914 1951 949; x_wconf 76' lang='grc' dir='ltr'>οὐδὲν</span> <span class='ocrx_word' id='word_1_458' title='bbox 1968 914 2128 950; x_wconf 90' lang='grc' dir='ltr'>πείθεται·</span> 
     </span>
     <span class='ocr_line' id='line_1_75' title="bbox 1399 964 2125 1013; baseline 0.004 -13"><span class='ocrx_word' id='word_1_459' title='bbox 1399 965 1465 1012; x_wconf 86' lang='grc' dir='ltr'>ἐγὼ</span> <span class='ocrx_word' id='word_1_460' title='bbox 1483 964 1512 1000; x_wconf 80' lang='grc' dir='ltr'>δ’</span> <span class='ocrx_word' id='word_1_461' title='bbox 1532 964 1659 999; x_wconf 89' lang='grc' dir='ltr'>ἐκείνου</span> <span class='ocrx_word' id='word_1_462' title='bbox 1677 967 1849 1012; x_wconf 88' lang='grc' dir='ltr'>καταγελῶ</span> <span class='ocrx_word' id='word_1_463' title='bbox 1866 964 1899 1013; x_wconf 88' lang='grc' dir='ltr'>γ’</span> <span class='ocrx_word' id='word_1_464' title='bbox 1917 966 2001 1001; x_wconf 83' lang='grc' dir='ltr'>ὅσον</span> <span class='ocrx_word' id='word_1_465' title='bbox 2019 966 2125 1003; x_wconf 87' lang='grc' dir='ltr'>θέλω.</span> 
     </span>
     <span class='ocr_line' id='line_1_76' title="bbox 1298 1017 2216 1065; baseline 0.003 -13"><span class='ocrx_word' id='word_1_466' title='bbox 1298 1024 1364 1053; x_wconf 90' lang='grc' dir='ltr'>ΑΛ.</span> <span class='ocrx_word' id='word_1_467' title='bbox 1398 1018 1442 1053; x_wconf 86' lang='grc' dir='ltr'>ὡς</span> <span class='ocrx_word' id='word_1_468' title='bbox 1460 1017 1599 1063; x_wconf 90' lang='grc' dir='ltr'>σφόδρα</span> <span class='ocrx_word' id='word_1_469' title='bbox 1617 1017 1662 1052; x_wconf 87' lang='grc' dir='ltr'>σὺ</span> <span class='ocrx_word' id='word_1_470' title='bbox 1678 1018 1737 1053; x_wconf 89' lang='grc' dir='ltr'>τὸν</span> <span class='ocrx_word' id='word_1_471' title='bbox 1755 1019 1857 1063; x_wconf 87' lang='grc' dir='ltr'>δῆμον</span> <span class='ocrx_word' id='word_1_472' title='bbox 1875 1021 2018 1055; x_wconf 86' lang='grc' dir='ltr'>σεαυτοῦ</span> <span class='ocrx_word' id='word_1_473' title='bbox 2036 1021 2216 1065; x_wconf 90' lang='grc' dir='ltr'>νενόμικας.</span> 
     </span>
     <span class='ocr_line' id='line_1_77' title="bbox 1299 1067 2345 1117; baseline 0.001 -12"><span class='ocrx_word' id='word_1_474' title='bbox 1299 1077 1367 1105; x_wconf 88' lang='lat' dir='ltr'>KA.</span> <span class='ocrx_word' id='word_1_475' title='bbox 1398 1069 1578 1114; x_wconf 89' lang='grc' dir='ltr'>ἐπίσταμαι</span> <span class='ocrx_word' id='word_1_476' title='bbox 1594 1070 1661 1116; x_wconf 84' lang='grc' dir='ltr'>γὰρ</span> <span class='ocrx_word' id='word_1_477' title='bbox 1679 1070 1779 1105; x_wconf 82' lang='grc' dir='ltr'>αὐτὸν</span> <span class='ocrx_word' id='word_1_478' title='bbox 1796 1067 1846 1107; x_wconf 82' lang='grc' dir='ltr'>οἷς</span> <span class='ocrx_word' id='word_1_479' title='bbox 1863 1071 2063 1117; x_wconf 72' lang='grc' dir='ltr'>ψωμίζεται.</span> <span class='ocrx_word' id='word_1_480' title='bbox 2275 1080 2345 1116; x_wconf 56' lang='grc'>715.</span> 
     </span>
     <span class='ocr_line' id='line_1_78' title="bbox 1298 1119 2136 1169; baseline 0.002 -11"><span class='ocrx_word' id='word_1_481' title='bbox 1298 1129 1366 1158; x_wconf 88' lang='grc' dir='ltr'>ΑΛ.</span> <span class='ocrx_word' id='word_1_482' title='bbox 1400 1119 1475 1168; x_wconf 78' lang='grc' dir='ltr'>κᾷθ’</span> <span class='ocrx_word' id='word_1_483' title='bbox 1495 1123 1611 1168; x_wconf 85' lang='grc' dir='ltr'>ὥσπερ</span> <span class='ocrx_word' id='word_1_484' title='bbox 1629 1123 1663 1156; x_wconf 83' lang='grc' dir='ltr'>αἶ</span> <span class='ocrx_word' id='word_1_485' title='bbox 1681 1122 1790 1157; x_wconf 90' lang='grc' dir='ltr'>τιτθαί</span> <span class='ocrx_word' id='word_1_486' title='bbox 1805 1137 1845 1169; x_wconf 89' lang='grc' dir='ltr'>γε</span> <span class='ocrx_word' id='word_1_487' title='bbox 1864 1124 2001 1166; x_wconf 76' lang='grc' dir='ltr'>σιτίζεις</span> <span class='ocrx_word' id='word_1_488' title='bbox 2019 1127 2136 1160; x_wconf 84' lang='grc' dir='ltr'>κακῶς.</span> 
     </span>
     <span class='ocr_line' id='line_1_79' title="bbox 1397 1175 2115 1240; baseline 0.003 -31.003"><span class='ocrx_word' id='word_1_489' title='bbox 1397 1175 1597 1240; x_wconf 81' lang='grc' dir='ltr'>μασώμενος</span> <span class='ocrx_word' id='word_1_490' title='bbox 1613 1175 1679 1221; x_wconf 90' lang='grc' dir='ltr'>γὰρ</span> <span class='ocrx_word' id='word_1_491' title='bbox 1697 1177 1743 1223; x_wconf 77' lang='grc' dir='ltr'>τῷ</span> <span class='ocrx_word' id='word_1_492' title='bbox 1760 1175 1821 1220; x_wconf 80' lang='grc' dir='ltr'>μὲν</span> <span class='ocrx_word' id='word_1_493' title='bbox 1838 1175 1957 1222; x_wconf 83' lang='grc' dir='ltr'>ὀλίγον</span> <span class='ocrx_word' id='word_1_494' title='bbox 1975 1175 2115 1220; x_wconf 86' lang='grc' dir='ltr'>ἐντίθης,</span> 
     </span>
     <span class='ocr_line' id='line_1_80' title="bbox 1402 1226 2154 1274; baseline 0.005 -13"><span class='ocrx_word' id='word_1_495' title='bbox 1402 1227 1501 1262; x_wconf 84' lang='grc' dir='ltr'>αυτὸς</span> <span class='ocrx_word' id='word_1_496' title='bbox 1519 1226 1547 1261; x_wconf 82' lang='grc' dir='ltr'>δ’</span> <span class='ocrx_word' id='word_1_497' title='bbox 1568 1226 1694 1262; x_wconf 87' lang='grc' dir='ltr'>ἐκείνου</span> <span class='ocrx_word' id='word_1_498' title='bbox 1711 1228 1915 1274; x_wconf 88' lang='grc' dir='ltr'>τριπλάσιον</span> <span class='ocrx_word' id='word_1_499' title='bbox 1932 1228 2154 1265; x_wconf 85' lang='grc' dir='ltr'>κατέσπακας.</span> 
     </span>
     <span class='ocr_line' id='line_1_81' title="bbox 1298 1278 2104 1326; baseline 0.002 -11"><span class='ocrx_word' id='word_1_500' title='bbox 1298 1285 1369 1315; x_wconf 86' lang='grc' dir='ltr'>ΚΛ.</span> <span class='ocrx_word' id='word_1_501' title='bbox 1398 1280 1451 1314; x_wconf 83' lang='grc' dir='ltr'>καὶ</span> <span class='ocrx_word' id='word_1_502' title='bbox 1469 1279 1507 1324; x_wconf 86' lang='grc' dir='ltr'>νὴ</span> <span class='ocrx_word' id='word_1_503' title='bbox 1527 1278 1582 1314; x_wconf 85' lang='grc' dir='ltr'>Δί’</span> <span class='ocrx_word' id='word_1_504' title='bbox 1602 1279 1667 1315; x_wconf 90' lang='grc' dir='ltr'>ὑπό</span> <span class='ocrx_word' id='word_1_505' title='bbox 1684 1294 1725 1326; x_wconf 91' lang='grc' dir='ltr'>γε</span> <span class='ocrx_word' id='word_1_506' title='bbox 1742 1279 1931 1325; x_wconf 82' lang='grc' dir='ltr'>δεξιότητος</span> <span class='ocrx_word' id='word_1_507' title='bbox 1948 1281 2006 1325; x_wconf 88' lang='grc' dir='ltr'>τῆς</span> <span class='ocrx_word' id='word_1_508' title='bbox 2024 1281 2104 1325; x_wconf 89' lang='grc' dir='ltr'>ἐμῆς</span> 
     </span>
     <span class='ocr_line' id='line_1_82' title="bbox 1400 1331 2336 1379; baseline 0.001 -12"><span class='ocrx_word' id='word_1_509' title='bbox 1400 1331 1538 1376; x_wconf 84' lang='grc' dir='ltr'>δύναμαι</span> <span class='ocrx_word' id='word_1_510' title='bbox 1555 1332 1663 1367; x_wconf 89' lang='grc' dir='ltr'>ποιεῖν</span> <span class='ocrx_word' id='word_1_511' title='bbox 1680 1332 1738 1367; x_wconf 87' lang='grc' dir='ltr'>τὸν</span> <span class='ocrx_word' id='word_1_512' title='bbox 1755 1333 1860 1376; x_wconf 86' lang='grc' dir='ltr'>δῆμον</span> <span class='ocrx_word' id='word_1_513' title='bbox 1873 1332 1971 1379; x_wconf 80' lang='grc' dir='ltr'>εὐρὺν</span> <span class='ocrx_word' id='word_1_514' title='bbox 1988 1333 2042 1368; x_wconf 88' lang='grc' dir='ltr'>καὶ</span> <span class='ocrx_word' id='word_1_515' title='bbox 2060 1334 2191 1368; x_wconf 88' lang='grc' dir='ltr'>στενόν.</span> <span class='ocrx_word' id='word_1_516' title='bbox 2275 1342 2336 1377; x_wconf 79' lang='grc'>720</span> 
     </span>
     <span class='ocr_line' id='line_1_83' title="bbox 1298 1384 2245 1431; baseline 0 -11"><span class='ocrx_word' id='word_1_517' title='bbox 1298 1390 1367 1420; x_wconf 85' lang='grc' dir='ltr'>ΑΛ.</span> <span class='ocrx_word' id='word_1_518' title='bbox 1400 1385 1452 1430; x_wconf 86' lang='grc' dir='ltr'>χώ</span> <span class='ocrx_word' id='word_1_519' title='bbox 1469 1384 1622 1430; x_wconf 87' lang='grc' dir='ltr'>πρωκτὸς</span> <span class='ocrx_word' id='word_1_520' title='bbox 1639 1384 1742 1429; x_wconf 87' lang='grc' dir='ltr'>οὑμὸς</span> <span class='ocrx_word' id='word_1_521' title='bbox 1759 1385 1894 1431; x_wconf 81' lang='grc' dir='ltr'>τουτογὶ</span> <span class='ocrx_word' id='word_1_522' title='bbox 1912 1385 2102 1431; x_wconf 73' lang='grc' dir='ltr'>σοφίζεται.</span> <span class='ocrx_word' id='word_1_523' title='bbox 2243 1427 2245 1429; x_wconf 20' lang='lat'><strong><em>¹</em></strong></span> 
     </span>
     <span class='ocr_line' id='line_1_84' title="bbox 1298 1435 2214 1485; baseline 0.002 -13"><span class='ocrx_word' id='word_1_524' title='bbox 1298 1443 1367 1472; x_wconf 90' lang='lat' dir='ltr'>KA.</span> <span class='ocrx_word' id='word_1_525' title='bbox 1397 1437 1468 1476; x_wconf 79' lang='grc' dir='ltr'>οὐκ,</span> <span class='ocrx_word' id='word_1_526' title='bbox 1489 1435 1609 1483; x_wconf 77' lang='grc' dir='ltr'>ὦγάθ’,</span> <span class='ocrx_word' id='word_1_527' title='bbox 1630 1436 1665 1471; x_wconf 89' lang='grc' dir='ltr'>ἐν</span> <span class='ocrx_word' id='word_1_528' title='bbox 1681 1437 1793 1481; x_wconf 89' lang='grc' dir='ltr'>βουλῇ</span> <span class='ocrx_word' id='word_1_529' title='bbox 1809 1451 1852 1482; x_wconf 89' lang='grc' dir='ltr'>με</span> <span class='ocrx_word' id='word_1_530' title='bbox 1870 1437 1980 1481; x_wconf 81' lang='grc' dir='ltr'>δόξεις</span> <span class='ocrx_word' id='word_1_531' title='bbox 1997 1437 2214 1485; x_wconf 83' lang='grc' dir='ltr'>καθυβρίσαι.</span> 
     </span>
     <span class='ocr_line' id='line_1_85' title="bbox 1399 1487 1772 1534; baseline 0 -10"><span class='ocrx_word' id='word_1_532' title='bbox 1399 1487 1500 1534; x_wconf 80' lang='grc' dir='ltr'>ἴωμεν</span> <span class='ocrx_word' id='word_1_533' title='bbox 1517 1488 1564 1525; x_wconf 86' lang='grc' dir='ltr'>εἷς</span> <span class='ocrx_word' id='word_1_534' title='bbox 1581 1489 1640 1524; x_wconf 88' lang='grc' dir='ltr'>τὸν</span> <span class='ocrx_word' id='word_1_535' title='bbox 1657 1489 1772 1534; x_wconf 88' lang='grc' dir='ltr'>δῆμον.</span> 
     </span>
     <span class='ocr_line' id='line_1_86' title="bbox 1299 1540 2051 1577; baseline -0.001 0"><span class='ocrx_word' id='word_1_536' title='bbox 1299 1548 1369 1577; x_wconf 86' lang='grc' dir='ltr'>ΑΛ.</span> <span class='ocrx_word' id='word_1_537' title='bbox 1805 1541 1901 1577; x_wconf 79' lang='grc' dir='ltr'>οὑδέν</span> <span class='ocrx_word' id='word_1_538' title='bbox 1918 1540 2051 1577; x_wconf 87' lang='grc' dir='ltr'>κωλύει·</span> 
     </span>
     <span class='ocr_line' id='line_1_87' title="bbox 1401 1593 2012 1641; baseline 0.003 -12"><span class='ocrx_word' id='word_1_539' title='bbox 1401 1593 1486 1637; x_wconf 78' lang='grc' dir='ltr'>ἰδοὺ,</span> <span class='ocrx_word' id='word_1_540' title='bbox 1505 1594 1634 1637; x_wconf 75' lang='grc' dir='ltr'>βάδιζε,</span> <span class='ocrx_word' id='word_1_541' title='bbox 1653 1593 1755 1638; x_wconf 78' lang='grc' dir='ltr'>μηδὲν</span> <span class='ocrx_word' id='word_1_542' title='bbox 1771 1593 1856 1639; x_wconf 83' lang='grc' dir='ltr'>ἡμᾶς</span> <span class='ocrx_word' id='word_1_543' title='bbox 1873 1594 2012 1641; x_wconf 88' lang='grc' dir='ltr'>ι’σχέτω.</span> 
     </span>
     <span class='ocr_line' id='line_1_88' title="bbox 1299 1645 2336 1694; baseline 0 -11"><span class='ocrx_word' id='word_1_544' title='bbox 1299 1653 1368 1683; x_wconf 89' lang='lat' dir='ltr'>KA.</span> <span class='ocrx_word' id='word_1_545' title='bbox 1398 1647 1424 1681; x_wconf 82' lang='grc' dir='ltr'>ὦ</span> <span class='ocrx_word' id='word_1_546' title='bbox 1443 1648 1546 1692; x_wconf 85' lang='grc' dir='ltr'>Δῆμε,</span> <span class='ocrx_word' id='word_1_547' title='bbox 1567 1645 1654 1694; x_wconf 82' lang='grc' dir='ltr'>δεῦρ’</span> <span class='ocrx_word' id='word_1_548' title='bbox 1673 1646 1806 1691; x_wconf 78' lang='grc' dir='ltr'>ἔξελθε.</span> <span class='ocrx_word' id='word_1_549' title='bbox 2277 1655 2336 1692; x_wconf 77' lang='grc'>725</span> 
     </span>
     <span class='ocr_line' id='line_1_89' title="bbox 1299 1699 2143 1747; baseline 0 -12"><span class='ocrx_word' id='word_1_550' title='bbox 1299 1706 1368 1736; x_wconf 86' lang='grc' dir='ltr'>ΑΛ.</span> <span class='ocrx_word' id='word_1_551' title='bbox 1838 1699 1875 1744; x_wconf 85' lang='grc' dir='ltr'>νὴ</span> <span class='ocrx_word' id='word_1_552' title='bbox 1895 1699 1964 1741; x_wconf 81' lang='grc' dir='ltr'>Δί’,</span> <span class='ocrx_word' id='word_1_553' title='bbox 1983 1699 2009 1735; x_wconf 82' lang='grc' dir='ltr'><strong><em>ὦ</em></strong></span> <span class='ocrx_word' id='word_1_554' title='bbox 2026 1700 2143 1747; x_wconf 89' lang='grc' dir='ltr'>πάτερ,</span> 
     </span>
     <span class='ocr_line' id='line_1_90' title="bbox 1400 1751 1621 1797; baseline 0 -9"><span class='ocrx_word' id='word_1_555' title='bbox 1400 1752 1518 1797; x_wconf 77' lang='grc' dir='ltr'>ἔξελθε</span> <span class='ocrx_word' id='word_1_556' title='bbox 1536 1751 1621 1797; x_wconf 82' lang='grc' dir='ltr'>δῆτ’.</span> 
     </span>
     <span class='ocr_line' id='line_1_91' title="bbox 1299 1803 2131 1851; baseline 0 -11"><span class='ocrx_word' id='word_1_557' title='bbox 1299 1810 1370 1840; x_wconf 87' lang='grc' dir='ltr'>ΚΛ.</span> <span class='ocrx_word' id='word_1_558' title='bbox 1684 1803 1710 1839; x_wconf 83' lang='grc' dir='ltr'><em>ὦ</em></span> <span class='ocrx_word' id='word_1_559' title='bbox 1730 1804 1891 1850; x_wconf 90' lang='grc' dir='ltr'>Δημίδιον</span> <span class='ocrx_word' id='word_1_560' title='bbox 1908 1803 1935 1839; x_wconf 83' lang='grc' dir='ltr'>ὦ</span> <span class='ocrx_word' id='word_1_561' title='bbox 1952 1805 2131 1851; x_wconf 82' lang='grc' dir='ltr'>φίλτατον,</span> 
     </span>
     <span class='ocr_line' id='line_1_92' title="bbox 1402 1855 2056 1924; baseline 0 -32"><span class='ocrx_word' id='word_1_562' title='bbox 1402 1856 1529 1902; x_wconf 76' lang='grc' dir='ltr'>ἔξελθ’,</span> <span class='ocrx_word' id='word_1_563' title='bbox 1549 1855 1589 1892; x_wconf 85' lang='grc' dir='ltr'>ἵν’</span> <span class='ocrx_word' id='word_1_564' title='bbox 1609 1857 1698 1903; x_wconf 78' lang='grc' dir='ltr'>εἰδῇς</span> <span class='ocrx_word' id='word_1_565' title='bbox 1715 1855 1769 1892; x_wconf 84' lang='grc' dir='ltr'>οἶα</span> <span class='ocrx_word' id='word_1_566' title='bbox 1785 1857 2056 1924; x_wconf 75' lang='grc' dir='ltr'>περιυβρίζομαι.</span> 
     </span>
     <span class='ocr_line' id='line_1_93' title="bbox 1299 1906 2323 1975; baseline -0.001 -28"><span class='ocrx_word' id='word_1_567' title='bbox 1299 1915 1468 1947; x_wconf 87' lang='grc' dir='ltr'>ΔΗΜΟΣ.</span> <span class='ocrx_word' id='word_1_568' title='bbox 1498 1910 1584 1946; x_wconf 88' lang='grc' dir='ltr'>τίνες</span> <span class='ocrx_word' id='word_1_569' title='bbox 1601 1911 1634 1945; x_wconf 81' lang='grc' dir='ltr'>οἱ</span> <span class='ocrx_word' id='word_1_570' title='bbox 1651 1912 1821 1953; x_wconf 82' lang='grc' dir='ltr'>βοῶντες·</span> <span class='ocrx_word' id='word_1_571' title='bbox 1812 1935 1822 1950; x_wconf 93' lang='grc'>,</span> <span class='ocrx_word' id='word_1_572' title='bbox 1851 1909 1911 1944; x_wconf 79' lang='grc' dir='ltr'>οὐκ</span> <span class='ocrx_word' id='word_1_573' title='bbox 1928 1908 2017 1946; x_wconf 75' lang='grc' dir='ltr'>ἄπιτ’</span> <span class='ocrx_word' id='word_1_574' title='bbox 2035 1909 2106 1946; x_wconf 84' lang='grc' dir='ltr'>ἀπὸ</span> <span class='ocrx_word' id='word_1_575' title='bbox 2123 1909 2182 1954; x_wconf 85' lang='grc' dir='ltr'>τῆς</span> <span class='ocrx_word' id='word_1_576' title='bbox 2200 1906 2322 1975; x_wconf 86' lang='grc' dir='ltr'>θύρας·</span> <span class='ocrx_word' id='word_1_577' title='bbox 2313 1935 2323 1950; x_wconf 87' lang='grc'>,</span> 
     </span>
     <span class='ocr_line' id='line_1_94' title="bbox 1401 1962 2054 2010; baseline 0 -13"><span class='ocrx_word' id='word_1_578' title='bbox 1401 1962 1461 2007; x_wconf 90' lang='grc' dir='ltr'>τὴν</span> <span class='ocrx_word' id='word_1_579' title='bbox 1478 1962 1670 2010; x_wconf 81' lang='grc' dir='ltr'>εἰρεσιώνην</span> <span class='ocrx_word' id='word_1_580' title='bbox 1686 1976 1751 2008; x_wconf 92' lang='grc' dir='ltr'>μου</span> <span class='ocrx_word' id='word_1_581' title='bbox 1770 1962 2054 2009; x_wconf 85' lang='grc' dir='ltr'>κατεσπαράξατε.</span> 
     </span>
     <span class='ocr_line' id='line_1_95' title="bbox 1405 2014 2344 2061; baseline -0.001 -13"><span class='ocrx_word' id='word_1_582' title='bbox 1405 2015 1467 2054; x_wconf 87' lang='grc' dir='ltr'>τίς,</span> <span class='ocrx_word' id='word_1_583' title='bbox 1488 2014 1514 2048; x_wconf 79' lang='grc' dir='ltr'><em>ὦ</em></span> <span class='ocrx_word' id='word_1_584' title='bbox 1532 2015 1743 2061; x_wconf 87' lang='grc' dir='ltr'>Παφλαγὼν,</span> <span class='ocrx_word' id='word_1_585' title='bbox 1763 2014 1869 2050; x_wconf 87' lang='grc' dir='ltr'>ἀδικεῖ</span> <span class='ocrx_word' id='word_1_586' title='bbox 1881 2026 1948 2049; x_wconf 77' lang='grc' dir='ltr'>σε’</span> <span class='ocrx_word' id='word_1_587' title='bbox 1939 2041 1949 2058; x_wconf 87' lang='grc'>,</span> <span class='ocrx_word' id='word_1_588' title='bbox 2282 2023 2344 2058; x_wconf 80' lang='grc'>730</span> 
     </span>
     <span class='ocr_line' id='line_1_96' title="bbox 1302 2064 2268 2112; baseline -0.001 -11"><span class='ocrx_word' id='word_1_589' title='bbox 1302 2071 1374 2102; x_wconf 84' lang='grc' dir='ltr'>ΚΛ.</span> <span class='ocrx_word' id='word_1_590' title='bbox 1972 2066 2027 2104; x_wconf 84' lang='grc' dir='ltr'>διὰ</span> <span class='ocrx_word' id='word_1_591' title='bbox 2046 2066 2087 2104; x_wconf 78' lang='grc' dir='ltr'>σὲ</span> <span class='ocrx_word' id='word_1_592' title='bbox 2104 2064 2268 2112; x_wconf 79' lang='grc' dir='ltr'>τύπτομαι</span> 
     </span>
     <span class='ocr_line' id='line_1_97' title="bbox 1406 2116 2311 2163; baseline 0 -10"><span class='ocrx_word' id='word_1_593' title='bbox 1406 2119 1471 2154; x_wconf 87' lang='grc' dir='ltr'>ὑπὸ</span> <span class='ocrx_word' id='word_1_594' title='bbox 1488 2119 1622 2153; x_wconf 83' lang='grc' dir='ltr'>τουτουὶ</span> <span class='ocrx_word' id='word_1_595' title='bbox 1640 2119 1694 2153; x_wconf 85' lang='grc' dir='ltr'>καὶ</span> <span class='ocrx_word' id='word_1_596' title='bbox 1711 2122 1778 2154; x_wconf 89' lang='grc' dir='ltr'>τῶν</span> <span class='ocrx_word' id='word_1_597' title='bbox 1795 2118 1988 2155; x_wconf 84' lang='grc' dir='ltr'>νεανίσκων.</span> <span class='ocrx_word' id='word_1_598' title='bbox 2036 2123 2206 2156; x_wconf 75' lang='grc' dir='ltr'>ΔΗΜΟΣ.</span> <span class='ocrx_word' id='word_1_599' title='bbox 2234 2116 2286 2163; x_wconf 88' lang='grc' dir='ltr'>τιή</span> <span class='ocrx_word' id='word_1_600' title='bbox 2300 2129 2311 2159; x_wconf 70' lang='lat'>2</span> 
     </span>
     <span class='ocr_line' id='line_1_98' title="bbox 1303 2170 2212 2218; baseline 0.001 -12"><span class='ocrx_word' id='word_1_601' title='bbox 1303 2176 1375 2206; x_wconf 87' lang='lat' dir='ltr'>KA.</span> <span class='ocrx_word' id='word_1_602' title='bbox 1409 2171 1480 2215; x_wconf 88' lang='grc' dir='ltr'>ὁτιὴ</span> <span class='ocrx_word' id='word_1_603' title='bbox 1500 2172 1594 2216; x_wconf 83' lang='grc' dir='ltr'>φιλῶ</span> <span class='ocrx_word' id='word_1_604' title='bbox 1613 2170 1659 2210; x_wconf 82' lang='grc' dir='ltr'>σ’,</span> <span class='ocrx_word' id='word_1_605' title='bbox 1681 2171 1706 2205; x_wconf 85' lang='grc' dir='ltr'><em>ὦ</em></span> <span class='ocrx_word' id='word_1_606' title='bbox 1726 2170 1822 2216; x_wconf 78' lang='grc' dir='ltr'>Δῆμ’,</span> <span class='ocrx_word' id='word_1_607' title='bbox 1842 2170 1987 2218; x_wconf 83' lang='grc' dir='ltr'>ἐραστής</span> <span class='ocrx_word' id='word_1_608' title='bbox 2004 2170 2032 2207; x_wconf 81' lang='grc' dir='ltr'>τ’</span> <span class='ocrx_word' id='word_1_609' title='bbox 2053 2170 2119 2216; x_wconf 83' lang='grc' dir='ltr'>εἶμὶ</span> <span class='ocrx_word' id='word_1_610' title='bbox 2137 2171 2212 2208; x_wconf 88' lang='grc' dir='ltr'>σός.</span> 
     </span>
     <span class='ocr_line' id='line_1_99' title="bbox 1303 2220 1840 2264; baseline 0 -6"><span class='ocrx_word' id='word_1_611' title='bbox 1303 2228 1473 2258; x_wconf 80' lang='grc' dir='ltr'>ΔΗΜΟΣ.</span> <span class='ocrx_word' id='word_1_612' title='bbox 1503 2223 1548 2257; x_wconf 80' lang='grc' dir='ltr'>σὺ</span> <span class='ocrx_word' id='word_1_613' title='bbox 1567 2223 1594 2258; x_wconf 80' lang='grc' dir='ltr'>δ’</span> <span class='ocrx_word' id='word_1_614' title='bbox 1614 2220 1647 2258; x_wconf 75' lang='grc' dir='ltr'>εἴ</span> <span class='ocrx_word' id='word_1_615' title='bbox 1661 2223 1711 2259; x_wconf 74' lang='grc' dir='ltr'>τίς</span> <span class='ocrx_word' id='word_1_616' title='bbox 1729 2224 1820 2258; x_wconf 77' lang='grc' dir='ltr'>ἐτεόν</span> <span class='ocrx_word' id='word_1_617' title='bbox 1831 2236 1840 2264; x_wconf 88' lang='lat'>;</span> 
     </span>
     <span class='ocr_line' id='line_1_100' title="bbox 1303 2275 2240 2323; baseline 0.002 -13"><span class='ocrx_word' id='word_1_618' title='bbox 1303 2281 1374 2310; x_wconf 82' lang='lat' dir='ltr'>AA.</span> <span class='ocrx_word' id='word_1_619' title='bbox 1876 2275 2080 2323; x_wconf 82' lang='grc' dir='ltr'>ἀντεραστὴς</span> <span class='ocrx_word' id='word_1_620' title='bbox 2096 2276 2240 2319; x_wconf 73' lang='grc' dir='ltr'>τουτουὶ,</span> 
     </span>
     <span class='ocr_line' id='line_1_101' title="bbox 1408 2327 2235 2374; baseline 0.002 -12"><span class='ocrx_word' id='word_1_621' title='bbox 1408 2328 1492 2374; x_wconf 83' lang='grc' dir='ltr'>ἐρῶν</span> <span class='ocrx_word' id='word_1_622' title='bbox 1508 2329 1613 2363; x_wconf 90' lang='grc' dir='ltr'>πάλαι</span> <span class='ocrx_word' id='word_1_623' title='bbox 1632 2343 1708 2368; x_wconf 91' lang='grc' dir='ltr'>σου,</span> <span class='ocrx_word' id='word_1_624' title='bbox 1728 2330 1936 2373; x_wconf 90' lang='grc' dir='ltr'>βουλόμενός</span> <span class='ocrx_word' id='word_1_625' title='bbox 1953 2329 1992 2364; x_wconf 91' lang='grc' dir='ltr'>τέ</span> <span class='ocrx_word' id='word_1_626' title='bbox 2009 2328 2044 2363; x_wconf 83' lang='grc' dir='ltr'>σ’</span> <span class='ocrx_word' id='word_1_627' title='bbox 2063 2327 2100 2363; x_wconf 81' lang='grc' dir='ltr'>εὖ</span> <span class='ocrx_word' id='word_1_628' title='bbox 2116 2331 2235 2369; x_wconf 88' lang='grc' dir='ltr'>ποιεῖν,</span> 
     </span>
     <span class='ocr_line' id='line_1_102' title="bbox 1407 2381 2343 2427; baseline 0.001 -12"><span class='ocrx_word' id='word_1_629' title='bbox 1407 2381 1508 2415; x_wconf 75' lang='grc' dir='ltr'>ἄλλοι</span> <span class='ocrx_word' id='word_1_630' title='bbox 1525 2395 1562 2415; x_wconf 87' lang='grc' dir='ltr'>τε</span> <span class='ocrx_word' id='word_1_631' title='bbox 1579 2381 1706 2416; x_wconf 83' lang='grc' dir='ltr'>πολλοὶ</span> <span class='ocrx_word' id='word_1_632' title='bbox 1724 2381 1778 2415; x_wconf 81' lang='grc' dir='ltr'>καὶ</span> <span class='ocrx_word' id='word_1_633' title='bbox 1795 2381 1894 2416; x_wconf 89' lang='grc' dir='ltr'>καλοί</span> <span class='ocrx_word' id='word_1_634' title='bbox 1910 2395 1947 2417; x_wconf 92' lang='grc' dir='ltr'>τε</span> <span class='ocrx_word' id='word_1_635' title='bbox 1965 2381 2117 2427; x_wconf 88' lang='grc' dir='ltr'>κάγαθοί.</span> <span class='ocrx_word' id='word_1_636' title='bbox 2285 2391 2343 2425; x_wconf 79' lang='grc'>735</span> 
     </span>
     <span class='ocr_line' id='line_1_103' title="bbox 1408 2430 2213 2481; baseline 0.001 -14"><span class='ocrx_word' id='word_1_637' title='bbox 1408 2432 1486 2467; x_wconf 87' lang='grc' dir='ltr'>ἀλλ’</span> <span class='ocrx_word' id='word_1_638' title='bbox 1506 2433 1570 2478; x_wconf 83' lang='grc' dir='ltr'>οὐχ</span> <span class='ocrx_word' id='word_1_639' title='bbox 1589 2430 1655 2467; x_wconf 82' lang='grc' dir='ltr'>οἷοί</span> <span class='ocrx_word' id='word_1_640' title='bbox 1672 2432 1701 2467; x_wconf 88' lang='grc' dir='ltr'>τ’</span> <span class='ocrx_word' id='word_1_641' title='bbox 1721 2433 1823 2478; x_wconf 80' lang='grc' dir='ltr'>ἐσμὲν</span> <span class='ocrx_word' id='word_1_642' title='bbox 1841 2433 1895 2468; x_wconf 75' lang='grc' dir='ltr'>διὰ</span> <span class='ocrx_word' id='word_1_643' title='bbox 1912 2434 2056 2481; x_wconf 82' lang='grc' dir='ltr'>τουτονί.</span> <span class='ocrx_word' id='word_1_644' title='bbox 2087 2433 2132 2468; x_wconf 84' lang='grc' dir='ltr'>σὺ</span> <span class='ocrx_word' id='word_1_645' title='bbox 2148 2433 2213 2480; x_wconf 80' lang='grc' dir='ltr'>γὰρ</span> 
     </span>
     <span class='ocr_line' id='line_1_104' title="bbox 1409 2482 2068 2533; baseline 0.005 -14"><span class='ocrx_word' id='word_1_646' title='bbox 1409 2484 1523 2530; x_wconf 88' lang='grc' dir='ltr'>ὅμοιος</span> <span class='ocrx_word' id='word_1_647' title='bbox 1541 2482 1574 2520; x_wconf 80' lang='grc' dir='ltr'>εἷ</span> <span class='ocrx_word' id='word_1_648' title='bbox 1587 2487 1658 2521; x_wconf 88' lang='grc' dir='ltr'>τοῖς</span> <span class='ocrx_word' id='word_1_649' title='bbox 1675 2486 1774 2520; x_wconf 91' lang='grc' dir='ltr'>παισὶ</span> <span class='ocrx_word' id='word_1_650' title='bbox 1792 2487 1863 2521; x_wconf 90' lang='grc' dir='ltr'>τοῖς</span> <span class='ocrx_word' id='word_1_651' title='bbox 1880 2486 2068 2533; x_wconf 84' lang='grc' dir='ltr'>ἐρωμένοις·</span> 
     </span>
     <span class='ocr_line' id='line_1_105' title="bbox 1409 2536 2215 2586; baseline 0.001 -15"><span class='ocrx_word' id='word_1_652' title='bbox 1409 2537 1486 2573; x_wconf 85' lang='grc' dir='ltr'>τοὺς</span> <span class='ocrx_word' id='word_1_653' title='bbox 1503 2538 1564 2582; x_wconf 83' lang='grc' dir='ltr'>μὲν</span> <span class='ocrx_word' id='word_1_654' title='bbox 1582 2536 1705 2573; x_wconf 85' lang='grc' dir='ltr'>καλούς</span> <span class='ocrx_word' id='word_1_655' title='bbox 1722 2552 1759 2572; x_wconf 87' lang='grc' dir='ltr'>τε</span> <span class='ocrx_word' id='word_1_656' title='bbox 1777 2537 1942 2585; x_wconf 84' lang='grc' dir='ltr'>κάγαθοὺς</span> <span class='ocrx_word' id='word_1_657' title='bbox 1959 2539 2000 2573; x_wconf 82' lang='grc' dir='ltr'>οὗ</span> <span class='ocrx_word' id='word_1_658' title='bbox 2017 2537 2215 2586; x_wconf 85' lang='grc' dir='ltr'>προσδέχει,</span> 
     </span>
     <span class='ocr_line' id='line_1_106' title="bbox 1411 2590 2200 2638; baseline 0.005 -15"><span class='ocrx_word' id='word_1_659' title='bbox 1411 2590 1537 2624; x_wconf 88' lang='grc' dir='ltr'>σαυτὸν</span> <span class='ocrx_word' id='word_1_660' title='bbox 1555 2590 1591 2624; x_wconf 81' lang='grc' dir='ltr'>δὲ</span> <span class='ocrx_word' id='word_1_661' title='bbox 1609 2591 1868 2636; x_wconf 90' lang='grc' dir='ltr'>λυχνοπώλαισι</span> <span class='ocrx_word' id='word_1_662' title='bbox 1886 2592 1939 2626; x_wconf 87' lang='grc' dir='ltr'>καὶ</span> <span class='ocrx_word' id='word_1_663' title='bbox 1957 2591 2200 2638; x_wconf 87' lang='grc' dir='ltr'>νευρορράφοις</span> 
     </span>
     <span class='ocr_line' id='line_1_107' title="bbox 1411 2643 2348 2690; baseline 0 -13"><span class='ocrx_word' id='word_1_664' title='bbox 1411 2643 1464 2677; x_wconf 86' lang='grc' dir='ltr'>καὶ</span> <span class='ocrx_word' id='word_1_665' title='bbox 1483 2644 1702 2687; x_wconf 86' lang='grc' dir='ltr'>σκυτοτόμοις</span> <span class='ocrx_word' id='word_1_666' title='bbox 1720 2644 1773 2677; x_wconf 84' lang='grc' dir='ltr'>καὶ</span> <span class='ocrx_word' id='word_1_667' title='bbox 1790 2644 2072 2690; x_wconf 86' lang='grc' dir='ltr'>βυρσοπώλαισιν</span> <span class='ocrx_word' id='word_1_668' title='bbox 2090 2643 2200 2680; x_wconf 86' lang='grc' dir='ltr'>δίδως.</span> <span class='ocrx_word' id='word_1_669' title='bbox 2285 2654 2348 2686; x_wconf 80' lang='grc'>740</span> 
     </span>
     <span class='ocr_line' id='line_1_108' title="bbox 1308 2694 2344 2741; baseline 0 -11"><span class='ocrx_word' id='word_1_670' title='bbox 1308 2700 1377 2730; x_wconf 84' lang='grc' dir='ltr'>ΚΛ.</span> <span class='ocrx_word' id='word_1_671' title='bbox 1407 2694 1443 2729; x_wconf 75' lang='grc' dir='ltr'>εὖ</span> <span class='ocrx_word' id='word_1_672' title='bbox 1460 2695 1525 2741; x_wconf 88' lang='grc' dir='ltr'>γὰρ</span> <span class='ocrx_word' id='word_1_673' title='bbox 1543 2699 1628 2730; x_wconf 88' lang='grc' dir='ltr'>ποιῶ</span> <span class='ocrx_word' id='word_1_674' title='bbox 1646 2697 1704 2730; x_wconf 88' lang='grc' dir='ltr'>τὸν</span> <span class='ocrx_word' id='word_1_675' title='bbox 1722 2696 1838 2740; x_wconf 86' lang='grc' dir='ltr'>δῆμον.</span> <span class='ocrx_word' id='word_1_676' title='bbox 1909 2701 1979 2731; x_wconf 91' lang='grc' dir='ltr'>ΑΛ.</span> <span class='ocrx_word' id='word_1_677' title='bbox 2009 2695 2083 2732; x_wconf 80' lang='grc' dir='ltr'>εἶπέ</span> <span class='ocrx_word' id='word_1_678' title='bbox 2099 2709 2167 2735; x_wconf 88' lang='grc' dir='ltr'>νυν,</span> <span class='ocrx_word' id='word_1_679' title='bbox 2186 2695 2220 2731; x_wconf 89' lang='grc' dir='ltr'>τί</span> <span class='ocrx_word' id='word_1_680' title='bbox 2237 2695 2344 2741; x_wconf 86' lang='grc' dir='ltr'>δρῶν;</span> 
     </span>
     <span class='ocr_line' id='line_1_109' title="bbox 1308 2745 2258 2795; baseline 0.002 -14"><span class='ocrx_word' id='word_1_681' title='bbox 1308 2753 1379 2782; x_wconf 89' lang='grc' dir='ltr'>ΚΛ.</span> <span class='ocrx_word' id='word_1_682' title='bbox 1408 2747 1459 2781; x_wconf 82' lang='grc' dir='ltr'>ὅτι</span> <span class='ocrx_word' id='word_1_683' title='bbox 1477 2751 1543 2782; x_wconf 89' lang='grc' dir='ltr'>τῶν</span> <span class='ocrx_word' id='word_1_684' title='bbox 1562 2748 1758 2795; x_wconf 77' lang='grc' dir='ltr'>στρατηγῶν</span> <span class='ocrx_word' id='word_1_685' title='bbox 1775 2748 1974 2795; x_wconf 83' lang='grc' dir='ltr'>ὑποδραμὼν</span> <span class='ocrx_word' id='word_1_686' title='bbox 1991 2751 2057 2783; x_wconf 91' lang='grc' dir='ltr'>τῶν</span> <span class='ocrx_word' id='word_1_687' title='bbox 2075 2749 2111 2782; x_wconf 88' lang='grc' dir='ltr'>ἐκ</span> <span class='ocrx_word' id='word_1_688' title='bbox 2129 2745 2258 2787; x_wconf 82' lang='grc' dir='ltr'>Πύλου,</span> 
     </span>
     <span class='ocr_line' id='line_1_110' title="bbox 1410 2798 2131 2847; baseline 0 -12"><span class='ocrx_word' id='word_1_689' title='bbox 1410 2798 1563 2847; x_wconf 87' lang='grc' dir='ltr'>πλεύσας</span> <span class='ocrx_word' id='word_1_690' title='bbox 1581 2800 1702 2840; x_wconf 85' lang='grc' dir='ltr'>ἐκεῖσε,</span> <span class='ocrx_word' id='word_1_691' title='bbox 1722 2801 1800 2836; x_wconf 82' lang='grc' dir='ltr'>τοὺς</span> <span class='ocrx_word' id='word_1_692' title='bbox 1817 2802 1972 2837; x_wconf 88' lang='grc' dir='ltr'>Λάκωνας</span> <span class='ocrx_word' id='word_1_693' title='bbox 1990 2802 2131 2847; x_wconf 80' lang='grc' dir='ltr'>ἤγαγον.</span> 
     </span>
     <span class='ocr_line' id='line_1_111' title="bbox 1308 2851 2105 2899; baseline 0 -12"><span class='ocrx_word' id='word_1_694' title='bbox 1308 2858 1378 2887; x_wconf 88' lang='grc' dir='ltr'>ΑΛ.</span> <span class='ocrx_word' id='word_1_695' title='bbox 1413 2853 1478 2898; x_wconf 85' lang='grc' dir='ltr'>ἐγὼ</span> <span class='ocrx_word' id='word_1_696' title='bbox 1497 2853 1533 2887; x_wconf 83' lang='grc' dir='ltr'>δὲ</span> <span class='ocrx_word' id='word_1_697' title='bbox 1551 2855 1741 2899; x_wconf 83' lang='grc' dir='ltr'>περιπατῶν</span> <span class='ocrx_word' id='word_1_698' title='bbox 1757 2851 1789 2899; x_wconf 82' lang='grc' dir='ltr'>γ’</span> <span class='ocrx_word' id='word_1_699' title='bbox 1808 2852 1864 2888; x_wconf 86' lang='grc' dir='ltr'>ἀπ’</span> <span class='ocrx_word' id='word_1_700' title='bbox 1884 2853 2105 2899; x_wconf 85' lang='grc' dir='ltr'>ἐργαστηρίου</span> 
     </span>
     <span class='ocr_line' id='line_1_112' title="bbox 1412 2903 2346 2951; baseline 0.002 -13"><span class='ocrx_word' id='word_1_701' title='bbox 1412 2904 1558 2950; x_wconf 78' lang='grc' dir='ltr'>ἕψοντος</span> <span class='ocrx_word' id='word_1_702' title='bbox 1576 2905 1691 2951; x_wconf 83' lang='grc' dir='ltr'>ἑτέρου</span> <span class='ocrx_word' id='word_1_703' title='bbox 1708 2905 1767 2949; x_wconf 85' lang='grc' dir='ltr'>τὴν</span> <span class='ocrx_word' id='word_1_704' title='bbox 1784 2903 1911 2951; x_wconf 90' lang='grc' dir='ltr'>χύτραν</span> <span class='ocrx_word' id='word_1_705' title='bbox 1929 2905 2129 2950; x_wconf 87' lang='grc' dir='ltr'>ὑφειλόμην.</span> <span class='ocrx_word' id='word_1_706' title='bbox 2289 2914 2346 2948; x_wconf 82' lang='grc'>745</span> 
     </span>
     <span class='ocr_line' id='line_1_113' title="bbox 1310 2956 2142 3002; baseline 0 -11"><span class='ocrx_word' id='word_1_707' title='bbox 1310 2962 1379 2991; x_wconf 91' lang='grc' dir='ltr'>ΚΛ.</span> <span class='ocrx_word' id='word_1_708' title='bbox 1409 2970 1462 2991; x_wconf 92' lang='grc' dir='ltr'>και</span> <span class='ocrx_word' id='word_1_709' title='bbox 1479 2957 1543 3001; x_wconf 89' lang='grc' dir='ltr'>μὴν</span> <span class='ocrx_word' id='word_1_710' title='bbox 1560 2956 1704 3001; x_wconf 88' lang='grc' dir='ltr'>ποιήσας</span> <span class='ocrx_word' id='word_1_711' title='bbox 1722 2957 1838 2992; x_wconf 82' lang='grc' dir='ltr'>αὐτίκα</span> <span class='ocrx_word' id='word_1_712' title='bbox 1855 2957 1934 3002; x_wconf 86' lang='grc' dir='ltr'>μάλ’</span> <span class='ocrx_word' id='word_1_713' title='bbox 1952 2957 2142 3000; x_wconf 86' lang='grc' dir='ltr'>ἐκκλησίαν,</span> 
     </span>
     <span class='ocr_line' id='line_1_114' title="bbox 1413 3006 2153 3057; baseline 0.003 -15"><span class='ocrx_word' id='word_1_714' title='bbox 1413 3009 1438 3042; x_wconf 84' lang='grc' dir='ltr'>ὦ</span> <span class='ocrx_word' id='word_1_715' title='bbox 1457 3008 1554 3053; x_wconf 88' lang='grc' dir='ltr'>Δῆμ’,</span> <span class='ocrx_word' id='word_1_716' title='bbox 1573 3006 1614 3044; x_wconf 83' lang='grc' dir='ltr'>ἵν’</span> <span class='ocrx_word' id='word_1_717' title='bbox 1635 3009 1758 3053; x_wconf 72' lang='grc' dir='ltr'>εἶδῇς“</span> <span class='ocrx_word' id='word_1_718' title='bbox 1741 3010 1903 3056; x_wconf 87' lang='grc' dir='ltr'>οπότερος</span> <span class='ocrx_word' id='word_1_719' title='bbox 1920 3012 1984 3057; x_wconf 82' lang='grc' dir='ltr'>νῷν</span> <span class='ocrx_word' id='word_1_720' title='bbox 2001 3009 2077 3044; x_wconf 83' lang='grc' dir='ltr'>ἐστι’</span> <span class='ocrx_word' id='word_1_721' title='bbox 2095 3021 2153 3044; x_wconf 89' lang='grc' dir='ltr'>σοι</span> 
     </span>
     <span class='ocr_line' id='line_1_115' title="bbox 1413 3059 2183 3107; baseline 0.003 -12"><span class='ocrx_word' id='word_1_722' title='bbox 1413 3060 1643 3107; x_wconf 79' lang='grc' dir='ltr'>εὐνούστερος,</span> <span class='ocrx_word' id='word_1_723' title='bbox 1664 3059 1876 3107; x_wconf 75' lang='grc' dir='ltr'>διάκρινον,’</span> <span class='ocrx_word' id='word_1_724' title='bbox 1861 3076 1913 3097; x_wconf 92' lang='grc' dir='ltr'>ινα</span> <span class='ocrx_word' id='word_1_725' title='bbox 1930 3063 2048 3096; x_wconf 85' lang='grc' dir='ltr'>τοῦτον</span> <span class='ocrx_word' id='word_1_726' title='bbox 2066 3061 2183 3107; x_wconf 84' lang='grc' dir='ltr'>φιλῇς.</span> 
     </span>
    </p>

    <p class='ocr_par' dir='ltr' id='par_1_39' title="bbox 1311 3109 2349 3263">
     <span class='ocr_line' id='line_1_116' title="bbox 1311 3109 2231 3159; baseline 0.001 -12"><span class='ocrx_word' id='word_1_727' title='bbox 1311 3119 1383 3147; x_wconf 88' lang='grc' dir='ltr'>ΑΛ.</span> <span class='ocrx_word' id='word_1_728' title='bbox 1414 3114 1466 3147; x_wconf 83' lang='grc' dir='ltr'>ναὶ</span> <span class='ocrx_word' id='word_1_729' title='bbox 1485 3114 1535 3148; x_wconf 86' lang='grc' dir='ltr'>ναὶ</span> <span class='ocrx_word' id='word_1_730' title='bbox 1554 3114 1720 3159; x_wconf 88' lang='grc' dir='ltr'>διάκρινον</span> <span class='ocrx_word' id='word_1_731' title='bbox 1738 3114 1831 3158; x_wconf 86' lang='grc' dir='ltr'>δῆτα,</span> <span class='ocrx_word' id='word_1_732' title='bbox 1850 3113 1941 3158; x_wconf 89' lang='grc' dir='ltr'>πλὴν</span> <span class='ocrx_word' id='word_1_733' title='bbox 1956 3113 2001 3158; x_wconf 87' lang='grc' dir='ltr'>μὴ</span> <span class='ocrx_word' id='word_1_734' title='bbox 2018 3109 2048 3148; x_wconf 76' lang='grc' dir='ltr'>’ν</span> <span class='ocrx_word' id='word_1_735' title='bbox 2064 3116 2104 3157; x_wconf 81' lang='grc' dir='ltr'>τῇ</span> <span class='ocrx_word' id='word_1_736' title='bbox 2120 3111 2231 3148; x_wconf 84' lang='grc' dir='ltr'>πυκνί.</span> 
     </span>
     <span class='ocr_line' id='line_1_117' title="bbox 1311 3165 2349 3212; baseline 0.001 -13"><span class='ocrx_word' id='word_1_737' title='bbox 1311 3170 1478 3199; x_wconf 83' lang='grc' dir='ltr'>ΔΗΜΟΣ.</span> <span class='ocrx_word' id='word_1_738' title='bbox 1502 3166 1562 3200; x_wconf 78' lang='grc' dir='ltr'>οὐκ</span> <span class='ocrx_word' id='word_1_739' title='bbox 1580 3166 1620 3200; x_wconf 81' lang='grc' dir='ltr'>ἂν</span> <span class='ocrx_word' id='word_1_740' title='bbox 1638 3165 1829 3210; x_wconf 77' lang='grc' dir='ltr'>καθιζοίμην</span> <span class='ocrx_word' id='word_1_741' title='bbox 1847 3166 1882 3200; x_wconf 90' lang='grc' dir='ltr'>ἐν</span> <span class='ocrx_word' id='word_1_742' title='bbox 1898 3165 1994 3212; x_wconf 74' lang='grc' dir='ltr'>ἄλλῳ</span> <span class='ocrx_word' id='word_1_743' title='bbox 2012 3165 2137 3212; x_wconf 77' lang='grc' dir='ltr'>χωρίῳ·</span> <span class='ocrx_word' id='word_1_744' title='bbox 2289 3174 2349 3210; x_wconf 85' lang='grc'>750</span> 
     </span>
     <span class='ocr_line' id='line_1_118' title="bbox 1414 3215 2244 3263; baseline 0.002 -12"><span class='ocrx_word' id='word_1_745' title='bbox 1414 3216 1492 3251; x_wconf 84' lang='grc' dir='ltr'>ἀλλ’</span> <span class='ocrx_word' id='word_1_746' title='bbox 1512 3218 1546 3253; x_wconf 87' lang='grc' dir='ltr'>ἐς</span> <span class='ocrx_word' id='word_1_747' title='bbox 1563 3218 1602 3252; x_wconf 87' lang='grc' dir='ltr'>τὸ</span> <span class='ocrx_word' id='word_1_748' title='bbox 1619 3217 1752 3263; x_wconf 91' lang='grc' dir='ltr'>πρόσθε</span> <span class='ocrx_word' id='word_1_749' title='bbox 1769 3217 1835 3263; x_wconf 87' lang='grc' dir='ltr'>χρὴ</span> <span class='ocrx_word' id='word_1_750' title='bbox 1853 3217 1978 3263; x_wconf 84' lang='grc' dir='ltr'>παρεῖν’</span> <span class='ocrx_word' id='word_1_751' title='bbox 1999 3217 2033 3254; x_wconf 84' lang='grc' dir='ltr'>ἐς</span> <span class='ocrx_word' id='word_1_752' title='bbox 2049 3217 2109 3261; x_wconf 84' lang='grc' dir='ltr'>τὴν</span> <span class='ocrx_word' id='word_1_753' title='bbox 2125 3215 2244 3253; x_wconf 86' lang='grc' dir='ltr'>πύκνα.</span> 
     </span>
    </p>

    <p class='ocr_par' dir='ltr' id='par_1_40' title="bbox 1312 3266 2347 3630">
     <span class='ocr_line' id='line_1_119' title="bbox 1312 3266 2243 3316; baseline 0.003 -14"><span class='ocrx_word' id='word_1_754' title='bbox 1312 3274 1384 3303; x_wconf 85' lang='grc' dir='ltr'>ΑΛ.</span> <span class='ocrx_word' id='word_1_755' title='bbox 1413 3267 1502 3312; x_wconf 79' lang='grc' dir='ltr'>οἶμοι</span> <span class='ocrx_word' id='word_1_756' title='bbox 1521 3269 1738 3314; x_wconf 88' lang='grc' dir='ltr'>κακοδαίμων,</span> <span class='ocrx_word' id='word_1_757' title='bbox 1759 3270 1803 3305; x_wconf 84' lang='grc' dir='ltr'>ὡς</span> <span class='ocrx_word' id='word_1_758' title='bbox 1820 3266 1989 3304; x_wconf 82' lang='grc' dir='ltr'>ἀπόλωλ’.</span> <span class='ocrx_word' id='word_1_759' title='bbox 2017 3271 2037 3304; x_wconf 89' lang='lat'><strong><em>6</em></strong></span> <span class='ocrx_word' id='word_1_760' title='bbox 2053 3269 2119 3316; x_wconf 84' lang='grc' dir='ltr'>γὰρ</span> <span class='ocrx_word' id='word_1_761' title='bbox 2134 3269 2243 3316; x_wconf 79' lang='grc' dir='ltr'>γέρων</span> 
     </span>
     <span class='ocr_line' id='line_1_120' title="bbox 1415 3319 2039 3367; baseline 0.003 -13"><span class='ocrx_word' id='word_1_762' title='bbox 1415 3319 1500 3355; x_wconf 80' lang='grc' dir='ltr'>οἴκοι</span> <span class='ocrx_word' id='word_1_763' title='bbox 1517 3322 1577 3364; x_wconf 83' lang='grc' dir='ltr'>μὲν</span> <span class='ocrx_word' id='word_1_764' title='bbox 1594 3322 1721 3367; x_wconf 88' lang='grc' dir='ltr'>ἀνδρῶν</span> <span class='ocrx_word' id='word_1_765' title='bbox 1739 3321 1814 3356; x_wconf 82' lang='grc' dir='ltr'>ἐστι</span> <span class='ocrx_word' id='word_1_766' title='bbox 1831 3321 2039 3365; x_wconf 81' lang='grc' dir='ltr'>δεξιώτατος,</span> 
     </span>
     <span class='ocr_line' id='line_1_121' title="bbox 1413 3371 2154 3419; baseline 0.005 -13"><span class='ocrx_word' id='word_1_767' title='bbox 1413 3372 1494 3407; x_wconf 84' lang='grc' dir='ltr'>ὅταν</span> <span class='ocrx_word' id='word_1_768' title='bbox 1511 3371 1541 3407; x_wconf 84' lang='grc' dir='ltr'>δ’</span> <span class='ocrx_word' id='word_1_769' title='bbox 1562 3373 1616 3408; x_wconf 87' lang='grc' dir='ltr'>ἐπὶ</span> <span class='ocrx_word' id='word_1_770' title='bbox 1634 3373 1775 3418; x_wconf 75' lang='grc' dir='ltr'>ταυτησὶ</span> <span class='ocrx_word' id='word_1_771' title='bbox 1792 3373 1929 3418; x_wconf 80' lang='grc' dir='ltr'>καθῆται</span> <span class='ocrx_word' id='word_1_772' title='bbox 1946 3374 2005 3417; x_wconf 87' lang='grc' dir='ltr'>τῆς</span> <span class='ocrx_word' id='word_1_773' title='bbox 2020 3371 2154 3419; x_wconf 87' lang='grc' dir='ltr'>πέτρας,</span> 
     </span>
     <span class='ocr_line' id='line_1_122' title="bbox 1415 3424 2346 3472; baseline 0.003 -14"><span class='ocrx_word' id='word_1_774' title='bbox 1415 3424 1550 3469; x_wconf 88' lang='grc' dir='ltr'>κέχηνεν</span> <span class='ocrx_word' id='word_1_775' title='bbox 1568 3426 1684 3471; x_wconf 84' lang='grc' dir='ltr'>ὥσπερ</span> <span class='ocrx_word' id='word_1_776' title='bbox 1701 3425 1887 3470; x_wconf 73' lang='grc' dir='ltr'>ἐμποδίζων</span> <span class='ocrx_word' id='word_1_777' title='bbox 1903 3424 2059 3470; x_wconf 69' lang='grc' dir='ltr'>ἰσχάδας.</span> <span class='ocrx_word' id='word_1_778' title='bbox 2288 3436 2346 3472; x_wconf 76' lang='grc'>755</span> 
     </span>
     <span class='ocr_line' id='line_1_123' title="bbox 1313 3476 2347 3525; baseline 0.005 -15"><span class='ocrx_word' id='word_1_779' title='bbox 1313 3481 1385 3511; x_wconf 83' lang='lat' dir='ltr'>XO.</span> <span class='ocrx_word' id='word_1_780' title='bbox 1414 3478 1471 3511; x_wconf 83' lang='grc' dir='ltr'>νῦν</span> <span class='ocrx_word' id='word_1_781' title='bbox 1485 3476 1527 3520; x_wconf 84' lang='grc' dir='ltr'>δή</span> <span class='ocrx_word' id='word_1_782' title='bbox 1546 3491 1587 3511; x_wconf 91' lang='grc' dir='ltr'>σε</span> <span class='ocrx_word' id='word_1_783' title='bbox 1604 3479 1713 3513; x_wconf 88' lang='grc' dir='ltr'>πάντα</span> <span class='ocrx_word' id='word_1_784' title='bbox 1730 3478 1782 3513; x_wconf 87' lang='grc' dir='ltr'>δεῖ</span> <span class='ocrx_word' id='word_1_785' title='bbox 1797 3477 1908 3512; x_wconf 79' lang='grc' dir='ltr'>κάλων</span> <span class='ocrx_word' id='word_1_786' title='bbox 1924 3477 2045 3520; x_wconf 76' lang='grc' dir='ltr'>ἐξιέναι</span> <span class='ocrx_word' id='word_1_787' title='bbox 2063 3479 2218 3518; x_wconf 80' lang='grc' dir='ltr'>σεαυτοῦ,</span> <span class='ocrx_word' id='word_1_788' title='bbox 2269 3491 2347 3525; x_wconf 71' lang='grc' dir='ltr'>στρ.</span> 
     </span>
     <span class='ocr_line' id='line_1_124' title="bbox 1417 3527 2273 3575; baseline 0.004 -13"><span class='ocrx_word' id='word_1_789' title='bbox 1417 3528 1470 3562; x_wconf 82' lang='grc' dir='ltr'>καὶ</span> <span class='ocrx_word' id='word_1_790' title='bbox 1486 3528 1577 3572; x_wconf 82' lang='grc' dir='ltr'>λῆμα</span> <span class='ocrx_word' id='word_1_791' title='bbox 1594 3527 1728 3575; x_wconf 85' lang='grc' dir='ltr'>θούριον</span> <span class='ocrx_word' id='word_1_792' title='bbox 1745 3530 1866 3575; x_wconf 83' lang='grc' dir='ltr'>φορεῖν</span> <span class='ocrx_word' id='word_1_793' title='bbox 1882 3528 1936 3564; x_wconf 77' lang='grc' dir='ltr'>καὶ</span> <span class='ocrx_word' id='word_1_794' title='bbox 1952 3529 2076 3575; x_wconf 88' lang='grc' dir='ltr'>λόγους</span> <span class='ocrx_word' id='word_1_795' title='bbox 2092 3527 2273 3574; x_wconf 81' lang='grc' dir='ltr'>ἀφύκτους,</span> 
     </span>
     <span class='ocr_line' id='line_1_125' title="bbox 1418 3578 2207 3630; baseline 0.003 -16"><span class='ocrx_word' id='word_1_796' title='bbox 1418 3578 1528 3615; x_wconf 79' lang='grc' dir='ltr'>ὅτοισι</span> <span class='ocrx_word' id='word_1_797' title='bbox 1545 3579 1631 3615; x_wconf 83' lang='grc' dir='ltr'>τόνδ’</span> <span class='ocrx_word' id='word_1_798' title='bbox 1650 3580 1846 3627; x_wconf 82' lang='grc' dir='ltr'>ὑπερβαλεῖ.</span> <span class='ocrx_word' id='word_1_799' title='bbox 1873 3580 2027 3617; x_wconf 69' lang='grc' dir='ltr'>ποικίλος</span> <span class='ocrx_word' id='word_1_800' title='bbox 2041 3581 2108 3629; x_wconf 76' lang='grc' dir='ltr'>γὰρ</span> <span class='ocrx_word' id='word_1_801' title='bbox 2126 3582 2207 3630; x_wconf 75' lang='grc' dir='ltr'>ἀνὴρ</span> 
     </span>
    </p>
   </div>
  </div>
 </body>
</html>
