2488 3860
228 266 282 307 68

226 1790 297 1820 :tem

230 1948 296 1978 ()P.

226 2369 297 2400 Χζλ

943 273 1255 319 ΑΙΣΧΥΛΟΥ
1303 274 1647 319 ΧΟΗΦΟΡΟΙ.

318 365 437 404 ἴδεσθε
454 367 485 403 δ’
501 366 592 409 αὖτε,
611 366 708 404 τῶνδ’
728 366 865 413 ἐπήκοοι
883 371 1003 412 κακῶν,

320 421 360 456 τὸ
378 421 568 466 μηχάνημα,
589 421 716 466 δεσμὸν
733 421 842 470 ἀθλίῳ
859 422 973 468 πατρὶ,

319 473 423 509 πέδας
440 488 477 507 τε
495 475 624 516 χειροῖν
641 474 695 508 καὶ
712 475 832 510 ποδοῖν
850 474 1029 519 ξυνωρίδα.

319 520 474 557 ἐκτείνατ’
493 521 574 557 αὐτὸ
593 523 646 558 καὶ
663 522 772 573 κύκλῳ
790 527 1008 572 παρασταδὸν

321 574 537 622 στέγαστρον
553 575 675 623 ἀνδρὸς
692 560 827 623 δείξαθ’,
848 579 892 616 ὡς
908 578 963 625 ἵδῃ
980 581 1101 628 πατὴρ,

322 626 388 672 οὐχ
405 627 520 672 οὑμὸς,
540 628 619 663 ἀλλ’
639 631 657 663 ὁ
675 630 772 664 πάντ’
789 629 983 665 ἐποπτεύων
1000 632 1080 665 τάδε

317 677 499 720 ‘’HM-053⁴
475 695 601 727 αναγνα
618 683 743 728 μητρὸς
761 683 843 730 ἔργα
861 684 924 728 τῆς
938 683 1029 728 ἐμῆς,

323 731 369 767 ὡς
386 732 427 767 ἂν
443 733 536 780 παρῇ
552 748 610 778 μοι
627 735 755 781 μάρτυς
772 735 807 770 ἐν
825 736 898 780 δίκῃ
916 737 1011 779 ποτὲ,

323 785 369 820 ὣς
385 781 476 820 τόνδ
496 786 562 832 ἐγὼ
580 786 749 832 μετῆλθον
767 787 902 824 ἐνδίκως
919 790 1024 835 μόρον

322 837 382 872 τὸν
397 840 536 885 μητρός·
565 839 734 886 Αἰγίσθου
751 840 818 887 γὰρ
836 841 876 875 οὐ
893 841 986 888 λέγω
1002 842 1118 888 μόρον·

323 890 396 935 ἕχει
412 891 480 938 γὰρ
498 890 738 938 αἶσχυντῆρος,
758 893 802 929 ὣς
821 896 936 938 νόμος,
956 894 1060 938 δίκην·
1203 907 1267 940 990

322 942 395 988 ἥτις
413 942 443 978 δ’
463 942 516 980 ἐπ’
534 945 631 992 ἀνδρὶ
649 945 737 980 τοῦτ’
758 944 907 991 ἐμήσατο
926 945 1064 993 στύγος,
1285 971 1289 1151 η

1151 396 1153 398 -
1196 372 1261 415 980

1201 636 1263 677 985

324 995 364 1039 ἐξ
381 994 422 1030 οὗ
440 996 563 1032 τέκνων
580 997 695 1044 ἤνεγχ’
715 998 780 1034 ὑπὸ
800 999 904 1043 ζώνην
920 1000 1040 1045 βάρος,

324 1048 432 1094 φίλον
449 1049 543 1090 τέως,
564 1053 622 1087 νῦν
641 1050 669 1085 δ’
690 1051 824 1097 ἐχθρὸν,
845 1052 889 1087 ὡς
907 1052 1034 1095 φαίνει,
1054 1051 1167 1095 κακόν,

324 1100 359 1135 τί
377 1115 435 1136 σοι
453 1102 565 1143 δοκεῖς
594 1101 737 1150 μύραινά
753 1101 786 1151 γ’
805 1104 861 1140 εἴτ’
879 1105 982 1151 ἔχιδν’
1004 1106 1072 1151 ἔφυ

326 1152 448 1198 σήπειν
466 1155 599 1202 θιγοῦσ’
620 1156 660 1190 ἂν
677 1156 797 1197 ἄλλον,
817 1156 857 1191 οὗ
876 1156 1077 1200 δεδηγμένον

325 1206 454 1251 τόλμης
472 1207 563 1243 ἕκατι
579 1208 733 1243 κάκδίκου
751 1204 978 1251 φρονήματος.

327 1253 382 1304 [τί
400 1273 451 1294 νιν
468 1260 658 1305 προσείπω,
678 1259 738 1294 κᾶν
755 1258 847 1304 τύχω
866 1259 946 1303 μάλ’
967 1259 1166 1303 εὐστομῶνς

326 1309 477 1356 ἄγρευμα
495 1310 607 1356 θηρὸς.
627 1309 647 1355 ἢ
667 1313 784 1358 νεκροῦ
801 1311 1005 1346 ποδένδυτον

1205 1166 1266 1201 995

327 1362 461 1409 δροίτης
479 1362 744 1408 κατασκήνωμα;
774 1363 908 1399 δίκτυον
924 1365 986 1410 μὲν
1004 1363 1075 1399 οὖν.
1283 1375 1288 1406 ζ
1310 1364 1376 1394 ΟΡ·

327 1414 430 1462 ἄρκυν
449 1414 478 1450 δ’
497 1415 538 1451 ἂν
556 1414 662 1452 εἴποις
679 1416 733 1450 καὶ
750 1417 960 1463 ποδιστῆρας
977 1418 1142 1453 πέπλους.
1189 1430 1268 1453 1000

327 1470 481 1503 τοιοῦτον
499 1469 540 1503 ἂν
557 1468 718 1514 κτήσαιτο
737 1468 892 1515 φηλήτης
909 1469 1003 1516 ἀνὴρ,

328 1520 433 1565 ξένων
450 1521 656 1566 ἀπαιόλημα,
677 1522 930 1569 κάργυροστερῆ
1315 1521 1383 1553 XO.

328 1573 407 1616 βίον
425 1575 580 1620 νομίζων,
599 1574 685 1622 τῷδέ
713 1575 742 1609 τ’
762 1574 803 1609 ἂν
821 1575 990 1620 δολώματι

329 1627 519 1664 πολλούς’
499 1632 643 1670 αναιρῶν
659 1628 775 1664 πολλὰ
794 1628 964 1672 θερμαίνοι
982 1628 1093 1675 φρενί.
1098 1619 1113 1676 ]
1312 1629 1377 1659 OP-

329 1680 436 1716 τοιάδ’
457 1681 531 1725 ε’μοι
550 1678 734 1723 ξύνοικος’
720 1694 756 1714 εν
773 1679 911 1725 δόμοισι
928 1679 973 1724 μὴ

329 1729 463 1779 γένοιτ’·

329 1784 399 1819 αἰαῖ
415 1784 486 1819 αἰαῖ
501 1785 631 1830 μελέων
649 1785 768 1832 ἔργων·

333 1841 488 1885 στυγερῴ
505 1837 635 1883 θανάτῳ
655 1837 870 1883 διεπράχθης.

329 1891 375 1931 ε’ὲ,
395 1891 548 1937 μίμνοντι
568 1890 605 1925 δὲ
624 1891 677 1926 καὶ
694 1890 803 1928 πάθος
821 1890 924 1926 ἀνθεῖ.

330 1944 473 1990 ἔδρασεν
489 1941 510 1987 ἢ
528 1942 588 1977 οὐκ
606 1942 751 1988 ἕδρασε;
779 1943 942 1988 μαρτυρεῖ
958 1941 996 1977 δέ
1012 1955 1071 1986 μοι

330 1999 441 2043 φᾶρος
458 1996 541 2039 τόδ’,
560 1997 605 2033 ὣς
622 1997 756 2044 ἔβαψεν
773 1997 941 2044 Αἰγίσθου
961 1998 1076 2044 ξίφος.

1188 1692 1265 1726 1005

330 2051 439 2096 φόνου
458 2051 495 2085 δὲ
513 2051 603 2095 κηκὶς
621 2050 682 2093 ξὺν
698 2051 810 2097 χρόνῳ
829 2050 1076 2094 ξυμβάλλεται,
1314 2047 1379 2078 OP-

328 2103 463 2138 πολλὰς
479 2103 598 2148 βαφὰς
615 2101 807 2148 φθείρουσα
825 2104 885 2136 τοῦ
903 2102 1136 2147 ποικίλματος.

330 2157 388 2189 νῦν
405 2155 506 2189 αὐτὸν
523 2154 615 2195 αἰνῶ,
636 2157 693 2189 νῦν
711 2155 889 2199 ἀποιμώζω
907 2155 1033 2201 παρὼν,
1313 2153 1384 2183 XO·

329 2209 555 2254 πατροκτόνον
574 2207 603 2242 θ’
623 2205 768 2252 ὕφασμα
785 2208 1003 2253 προσφωνῶν
1021 2208 1060 2241 τό
1067 2208 1110 2241 δε.

329 2259 424 2306 ἀλγῶ
442 2260 503 2305 μὲν
521 2261 603 2307 ἔργα
621 2260 674 2294 καὶ
691 2259 809 2299 πάθος,
828 2259 925 2306 γένος
943 2274 980 2294 τε
997 2261 1075 2298 πᾶν,

329 2311 436 2356 ἄζηλα
454 2312 543 2356 νίκης
561 2311 656 2357 τῆσδ’
677 2313 763 2357 ἔχων
780 2313 964 2357 μιάσματα.

328 2366 418 2400 οὔτις
435 2366 591 2410 μερόπων
609 2365 708 2408 ἀσινῆ
727 2364 845 2406 βίοτον
1197 2372 1270 2393 αντ·

330 2417 385 2451 διὰ
402 2415 496 2452 πάντ’
516 2417 632 2462 ἄτιμος
650 2417 843 2462 ἀμείψεται.

329 2465 348 2501 ἒ
365 2467 392 2511 ἔ,
412 2468 541 2514 μόχθος
559 2469 587 2504 δ’
608 2472 626 2503 ὁ
644 2470 704 2513 μὲν
722 2467 842 2514 αὐτίχ’,
864 2471 881 2503 ὁ
901 2467 928 2503 δ’
948 2468 1033 2513 ἥξει.

1188 2216 1266 2250 1015

1187 2480 1268 2502 1020

285 2553 293 2561 ,
328 2521 419 2562 ἀλλ’,
441 2523 484 2557 ὡς
503 2522 542 2556 ἂν
561 2522 660 2566 εἰδῇς,
681 2521 768 2555 τοῦτ’
790 2521 839 2566 ἄρ’
860 2518 921 2556 οἶδ’
942 2521 1006 2564 ὅπη
1025 2521 1128 2555 τελεῖ·

332 2574 448 2620 ὥσπερ
467 2574 527 2617 ξὺν
545 2573 659 2609 ἵπποις
677 2573 894 2620 ἡνιοστροφῶ
913 2574 1040 2618 δρόμου

332 2626 496 2673 ἐξωτέρω.
526 2626 674 2673 φέρουσι
691 2627 756 2672 γὰρ
775 2627 953 2670 νικώμενον

332 2679 455 2725 φρένες
473 2677 666 2725 δύσαρκτοι.
695 2680 780 2725 πρὸς
799 2678 835 2712 δέ
854 2677 972 2723 καρδίᾳ
990 2678 1103 2723 φόβος

330 2729 422 2778 ᾅδειν
440 2731 571 2776 ἕτοιμος
588 2729 638 2775 ἧδ’
658 2730 880 2776 ὑπορχεῖσθαι
899 2731 997 2776 κότῳ.

333 2784 395 2820 ἕως
413 2783 441 2819 δ’
461 2783 505 2818 ἔτ’
526 2784 664 2829 ἔμφρων
682 2782 760 2827 εἰμὶ,
781 2781 941 2828 κηρύσσω
960 2781 1089 2827 φίλοις,

333 2838 462 2872 κτανεῖν
479 2837 517 2871 τὲ
534 2837 622 2881 φημι
639 2835 752 2881 μητέρ’
773 2835 832 2869 οὐκ
851 2834 927 2868 ἄνευ
947 2834 1049 2878 δίκης,

336 2890 559 2936 πατροκτόνον
576 2888 707 2933 μίασμα
727 2888 779 2922 καὶ
797 2887 881 2922 θεῶν
899 2884 1037 2933 στύγος.

1190 2739 1265 2770 1025

1287 1155 1382 1189 '}(0.

493 1732 635 1777 ὀλοίμην
652 1731 804 1779 πρόσθεν
822 1732 858 1766 ἐκ
876 1731 960 1767 θεῶν
978 1731 1089 1769 ἅπαις.
1311 1735 1382 1766 ΧΟ.

1116 1813 1172 1865 “⁴3
1312 1837 1378 1869 OP.

1190 1955 1269 1978 1010
1311 1943 1384 1974 XO.

1412 372 1467 407 καὶ
1484 372 1616 419 φίλτρα
1633 373 1760 417 τόλμης
1777 371 1883 416 τῆσδε
1898 372 2179 419 πλειστηρίζομαι

1411 427 1471 461 τὸν
1486 425 1693 471 πυθόμαντιν
1710 424 1847 468 Λοξίαν,
1865 422 2028 471 χρήσαντ’
2049 425 2123 470 ἐμοὶ

1411 478 1577 524 πράξαντι
1594 478 1656 523 μὲν
1673 476 1764 512 ταῦτ’
1784 477 1878 513 ἐκτὸς
1894 477 2001 514 αἰτίας
2018 478 2119 522 κακῆς

1411 528 1506 570 εἶναι,
1525 530 1664 578 παρέντι
1682 528 1712 565 δ’
1730 529 1791 564 οὐκ
1808 529 1873 577 ε’ρῶ
1890 529 1950 575 τὴν
1968 530 2096 575 ζημίαν·

1410 584 1500 631 τόξῳ
1517 584 1584 630 γὰρ
1602 584 1695 619 οὔτις
1710 583 1872 627 πημάτων
1887 583 2101 630 προσίξεται.

1412 637 1466 671 καὶ
1484 639 1542 671 νῦν
1561 635 1662 683 ὁρᾶτέ
1677 634 1724 680 μ’,
1745 636 1790 672 ὡς
1806 635 2124 683 παρεσκευασμένος

1410 688 1472 733 ξὺν
1489 689 1575 736 τῷδε
1594 688 1712 736 θαλλῷ
1731 688 1784 723 καὶ
1802 688 1925 733 στέφει
1942 688 2151 734 προσίξομαι

1410 742 1639 787 μεσόμφαλόν
1658 740 1687 775 θ’
1707 738 1842 787 ἵδρυμα,
1860 742 1984 787 Λοξίου
2000 742 2114 784 πέδον,

1408 795 1516 840 πυρός
1533 808 1570 828 τε
1588 793 1720 840 φέγγος
1737 792 1884 839 ἄφθιτον
1901 794 2113 838 κεκλημένον,

1410 845 1549 893 φεύγων
1566 845 1635 880 τόδ’
1655 843 1736 890 αἷμα
1753 845 1875 880 κοινόν·
1904 844 1972 880 οὐδ’
1992 845 2048 892 ἐφ’
2068 845 2184 881 ἑστίαν

1409 899 1520 942 ἄλλην
1538 898 1727 946 τραπέσθαι
1745 898 1870 942 Λοξίας
1887 897 2018 943 ἐφίετο.

1409 952 1451 986 τὰ
1469 951 1497 986 δ’
1518 952 1553 985 ἐν
1569 953 1682 999 χρόνῳ
1699 964 1757 995 μοι
1775 951 1901 987 πάντας
1917 950 2092 998 Ἀργείους
2107 949 2200 999 λέγω

1410 1005 1463 1038 καὶ
1481 1005 1660 1046 μαρτυρεῖν
1678 1004 1738 1038 μὲν
1756 1003 1801 1038 ὥς
1819 1001 2011 1047 ἐπορσύνθη
2030 1004 2125 1039 κακά.

1410 1054 1477 1097 ἐγὼ
1497 1051 1532 1086 δ’
1546 1051 1672 1094 ἀλήτης
1690 1050 1796 1094 τῆσδε
1812 1050 1875 1095 γῆς
1892 1049 2071 1092 ἀπόξενος,

1413 1104 1476 1144 ζῶν
1495 1117 1548 1139 και
1566 1102 1731 1144 τεθνηκὼς
1748 1101 1854 1136 Τάσδε
1872 1102 2036 1145 κληδόνας
2052 1102 2175 1137 λιπών.

1411 1153 1487 1187 ἀλλ’
1508 1152 1544 1187 εὖ
1561 1152 1592 1199 γ’
1612 1153 1771 1200 ἔπραξας,
1790 1152 1864 1199 μηδ’
1885 1153 2082 1199 ἐπιζευχθῇς
2100 1154 2213 1199 στόμα

1411 1204 1542 1254 φήμαις
1560 1208 1718 1253 πονηραῖς
1735 1206 1810 1252 μηδ’
1830 1206 2040 1254 ἐπιγλωσσῶ
2059 1207 2151 1241 κακά’

1415 1259 1652 1303 ἧλευθέρωσας
1668 1261 1784 1295 πᾶσαν
1800 1259 1957 1306 Ἀργείαν
1973 1261 2087 1299 πόλιν,
2108 1258 2112 1261 ’

1414 1306 1508 1342 δυοῖν
1525 1309 1721 1354 δρακόντοιν
1739 1311 1885 1348 εὐπετῶς
1902 1312 2010 1357 τεμὼν
2027 1314 2122 1357 κάρα.

1414 1358 1458 1393 ἀᾶ
1477 1360 1584 1406 δμωαὶ
1601 1362 1767 1407 γυναῖκες,
1787 1359 1859 1396 αἵδε
1877 1364 2054 1409 Γοργόνων
2071 1362 2166 1408 δίκην

1413 1412 1639 1459 φαιοχίτωνες
1657 1415 1711 1448 καὶ
1723 1412 2036 1460 πεπλεκτανημέναι

1412 1467 1550 1502 πυκνοῖς
1568 1467 1762 1512 δράκουσιν·
1793 1471 1835 1503 οὔ
1852 1468 1916 1503 κετ’
1936 1469 1977 1503 ἂν
1993 1468 2136 1514 μείναιμ’
2155 1469 2235 1517 ἐγώ.

1412 1518 1499 1555 τίνες
1519 1519 1560 1554 σὲ
1579 1520 1687 1563 δόξαι,
1707 1520 1847 1566 φίλτατ’
1867 1521 2052 1568 ἀνθρώπων
2067 1522 2183 1569 πατρὶ,

1415 1573 1649 1618 στροβοῦσιν;
1679 1570 1774 1619 ἵσχε,
1792 1573 1838 1619 μὴ
1857 1575 1975 1620 φόβου
1993 1578 2072 1610 νικῶ
2089 1573 2195 1610 πολύ.

1418 1624 1478 1658 οὐκ
1496 1624 1565 1660 εἶσὶ
1584 1625 1680 1669 δόξαι
1697 1626 1803 1661 τῶνδε
1819 1628 1981 1672 πημάτων
1998 1628 2087 1673 ἐμοί

1417 1678 1539 1724 σαφῶς
1555 1678 1622 1725 γὰρ
1641 1676 1712 1713 αιδε
1710 1680 1855 1744 μητρὸς
1872 1680 2006 1727 ἔγκοτοι
2024 1679 2132 1717 κύνες.

1412 1729 1586 1766 ποταίνιον
1602 1731 1669 1778 γὰρ
1687 1727 1769 1776 αἷμά
1787 1746 1845 1767 σοι
1862 1734 1980 1779 χεροῖν
1997 1733 2059 1767 ετι·

1414 1780 1450 1814 ἐκ
1467 1780 1574 1815 τῶνδέ
1588 1795 1641 1815 τοι
1659 1781 1865 1827 ταραγμὸς’
1847 1796 1881 1817 ες
1899 1781 2027 1828 φρένας
2043 1780 2163 1818 πίτνει.

1419 1832 1503 1876 ἅναξ
1512 1831 1705 1874 *Απολλον,
1725 1832 1797 1868 αἵδε
1814 1832 2008 1878 πληθύουσι
2028 1834 2080 1878 δὴ,

1415 1885 1477 1929 κάξ
1496 1885 1653 1930 ὀμμάτων
1672 1886 1857 1929 στάζουσιν
1875 1883 1956 1931 αἷμα
1974 1886 2156 1932 δυσφιλές.

1415 1937 1503 1972 εἰσὶν
1522 1937 1697 1985 καθαρμοί.
1727 1938 1851 1982 Λοξίας
1871 1939 1907 1974 δὲ
1924 1938 2122 1986 προσθιγὼν

1414 1989 1594 2037 ἐλεύθερόν
1612 2005 1654 2025 σε
1672 1991 1775 2026 τῶνδε
1792 1992 1952 2036 πημάτων
1970 1992 2091 2027 κτίσει.

1413 2043 1506 2088 ὑμεῖς
1522 2043 1583 2088 μὲν
1601 2043 1665 2089 οὐχ
1684 2045 1783 2088 ὁρᾶτε
1801 2043 1912 2084 τάσδ’,
1933 2044 1999 2091 ἐγὼ
2018 2043 2045 2079 δ’
2066 2046 2144 2091 ὁρῶ·

1417 2094 1598 2141 ἐλαύνομαι
1617 2097 1665 2136 δέ,
1686 2096 1765 2130 κούκ
1783 2095 1828 2130 ἔτ’
1849 2096 1889 2131 ἂν
1906 2096 2048 2142 μείναιμ’
2063 2097 2142 2143 ἐγώ.

1414 2146 1493 2183 ἀλλ’
1511 2149 1696 2194 εὐτυχοίης,
1718 2148 1773 2183 καί
1790 2148 1823 2183 σ’
1844 2148 2036 2184 ἐποπτεύων
2053 2150 2218 2196 πρόφρων

1418 2201 1492 2236 θεὸς
1511 2202 1694 2247 φυλάσσοι
1712 2201 1874 2248 καιρίοισι
1893 2203 2100 2249 συμφοραῖς.

1418 2253 1474 2288 ὅδε
1488 2268 1540 2288 τοι
1558 2253 1740 2301 μελάθροις
1758 2257 1828 2291 τοῖς
1844 2255 2037 2298 βασιλείοις

1417 2306 1530 2352 τρίτος
1547 2306 1589 2341 αὖ
1606 2307 1732 2352 χειμὼν

1419 2358 1567 2396 πνεύσας
1584 2359 1699 2406 γονίας
1718 2359 1894 2405 ἐτελέσθη.

1419 2412 1620 2459 παιδόβοροι
1637 2413 1698 2457 μὲν
1715 2417 1849 2460 πρῶτον
1866 2412 2017 2460 ὑπῆρξαν

1419 2464 1543 2510 μόχθοι
1561 2465 1701 2501 τάλανές
1718 2479 1755 2500 τε
1774 2466 1942 2501 Θυέστου·

1420 2515 1575 2563 δεύτερον
1593 2517 1712 2564 ἀνδρὸς
1729 2518 1893 2560 βασίλεια
1910 2519 2013 2563 πάθη·

1418 2570 1678 2615 λουτροδάῖκτος
1697 2569 1725 2605 δ’
1745 2570 1841 2606 ὤλετ’
1859 2571 2006 2618 Ἀχαιῶν

1422 2622 1677 2666 πολέμαρχος’
1657 2621 1753 2667 ανὴρ.

1422 2686 1478 2705 νυν
1497 2671 1525 2705 δ’
1545 2670 1586 2705 αὖ
1604 2672 1716 2718 τρίτος
1733 2671 1819 2716 ἦλθέ
1834 2673 1939 2709 ποθεν
1958 2676 2083 2722 σωτὴρ,

1420 2721 1438 2766 ἢ
1457 2724 1562 2768 μόρον
1581 2721 1675 2759 εἴπω.

1419 2776 1479 2809 ποῖ
1496 2775 1578 2819 δῆτα
1596 2779 1717 2822 κρανεῖ,
1738 2779 1799 2812 ποῖ
1815 2777 1995 2824 καταλήξει

1419 2828 1676 2873 μετακοιμισθὲν
1693 2830 1792 2875 μένος
1809 2830 1888 2876 ἅτης
1900 2845 1911 2872 ;

2268 435 2349 468 ¹03⁰

2269 696 2348 732 10³⁵

2269 962 2350 994 ¹040

2272 1219 2350 1252 ¹043

2276 1481 2356 1515 1050

2269 1995 2355 2028 1060

2281 2531 2362 2567 '07⁰

2276 2793 2360 2830 1015

2278 2244 2355 2301 1065
2395 2299 2398 2303 ⁴
