2488 3860
266 270 316 317 74

263 484 334 516 Ae.

259 1532 330 1564 XO.

1174 264 1468 307 ΑΙΣΧΥΛΟΥ

367 371 412 409 σύ
430 370 459 408 τ’
477 371 507 408 εἶ
525 370 657 408 δικαίως
675 367 741 406 εἴτε
757 368 802 415 μὴ
821 371 932 417 κρῖνον
949 368 1054 413 δίκην·
1319 364 1324 401 Ι

365 427 495 472 πράξας
510 425 577 471 γὰρ
595 424 631 459 ἐν
649 424 707 459 σοὶ
723 423 874 469 πανταχῆ
891 421 963 457 τάδ’
982 421 1117 457 αἰνέσω.

363 481 402 514 τὸ
419 480 557 525 πρᾶγμα
574 477 687 520 μεῖζον
703 477 726 521 ἥ
742 489 792 511 τις
809 473 913 510 οἴεται
930 475 1008 509 τόδε
1237 484 1300 518 470

1447 370 1500 406 καὶ
1517 366 1723 406 πολύευκτος
1740 365 1859 409 δ’λβος.

1447 424 1481 460 ἐς
1498 424 1537 457 τὸ
1555 423 1622 457 πᾶν
1640 419 1677 454 δέ
1688 433 1745 455 σοι
1763 418 1867 466 λέγω,

1446 475 1563 519 βωμὸν
1581 471 1714 508 αἴδεσαι
1732 471 1836 507 δίκας·
1865 501 1868 504 .

2244 417 2316 454 ἆντ.
2335 413 2382 466 γ’.

363 532 489 579 βροτὸς
506 530 660 572 δικάζειν·
689 527 767 563 οὐδὲ
784 527 849 572 μὴν
866 527 940 572 ἐμοὶ
958 526 1051 571 θέμις
1445 526 1530 573 μηδέ
1546 540 1596 561 νιν
1613 524 1729 572 κέρδος
1747 523 1826 559 ἰδὼν
1843 523 1930 572 ἀθέῳ
1947 524 2026 560 ποδὶ
2043 523 2112 568 λὰξ
2129 522 2200 560 ἀτί-
2320 536 2381 569 540

366 585 475 630 φόνου
494 583 632 628 διαιρεῖν
648 580 848 625 ὀξυμηνίτου
866 579 972 615 δίκας.
1447 587 1522 624 σῃς·
1543 577 1643 614 ποινὰ
1659 577 1726 624 γὰρ
1745 575 1895 616 ἐπέσται,

365 636 480 672 ἄλλως
497 649 534 669 τε
552 634 605 669 καὶ
623 633 669 668 σὺ
686 633 747 678 μὲν
765 632 973 678 κατηρτυκὼς
991 629 1081 675 ὅμως
1395 643 1398 646 ’
1447 631 1559 678 κύριον
1576 630 1666 675 μένει
1683 628 1795 666 τέλος.

366 688 473 733 ἱκέτης
489 685 685 734 προσῆλθες
702 684 845 731 καθαρὸς
861 683 1020 727 ἀβλαβής
1037 683 1162 727 δόμοις.
1446 685 1531 731 πρὸς
1548 683 1628 718 τάδε
1645 696 1696 719 τις
1713 681 1836 716 τοκέων
1855 681 1961 724 σέβας
1978 680 2015 718 εὖ
2031 682 2191 729 προτίων,
2320 694 2379 727 545

365 741 454 786 ὅμως
471 739 500 775 δ’
518 739 678 785 ἄμομφον
696 737 776 772 ὅντα
793 735 826 772 σ’
846 737 1001 783 αἱροῦμαι
1018 737 1129 770 πόλει.
1237 747 1295 780 475
1448 736 1501 771 Καὶ
1519 734 1712 780 ξενθτῖμθυθ

364 793 460 828 αὗται
478 792 507 827 δ’
526 793 647 837 ἔχουσι
664 792 784 836 μοῖραν
801 789 861 824 οὐκ
879 788 1100 832 εὐπέμπελον,
1447 788 1660 834 ἐπιστροφὰς
1677 787 1837 831 δωμάτων

367 846 420 881 καὶ
437 844 481 890 μὴ
500 846 666 889 τυχοῦσαι
683 843 878 889 πράγματος
895 841 1090 886 νικηφόρου,
1447 841 1619 883 αἰδόμενός
1637 853 1687 875 τις
1705 839 1807 874 ἔστω.

363 899 458 944 χώρᾳ
474 895 631 942 μεταῦθις
649 895 698 931 ἰὸς
714 894 751 929 ἐκ
769 894 993 939 φρονημάτων
1447 894 1528 928 ἑκὼν
1546 892 1574 928 δ’
1594 893 1736 937 ἀνάγκας
1754 891 1832 939 ἄτερ
2123 906 2202 938 στρ.
2222 890 2278 927 δ’.-
2320 906 2382 938 550
2402 903 2406 908 ·

359 948 457 984 πέδοι
474 948 589 984 πεσὼν
606 947 754 994 ἄφερτος
771 945 883 990 αἰανὴς
901 946 1012 980 νόσος.
1448 946 1573 980 δίκαιος
1591 944 1636 978 ὢν
1653 944 1713 978 οὐκ
1731 943 1879 987 ἄνολβος
1896 944 2006 980 ἔσται·

359 1004 496 1037 τοιαῦτα
513 1001 574 1042 μὲν
590 1000 661 1036 τάδ’
682 1000 787 1036 ἐστίν·
807 999 984 1044 ἀμφότερα
1006 997 1083 1042 μένε
1235 1001 1298 1039 480
1446 996 1660 1043 πανώλεθρος
1678 995 1707 1031 δ’
1726 997 1767 1031 οὔ
1783 995 1857 1032 ποτ’
1876 996 1916 1031 ἂν
1932 997 2076 1044 γένοιτο.

360 1053 505 1098 πέμπειν
521 1065 559 1086 τε
578 1049 784 1094 δυσπήμαντ’
803 1049 980 1094 ἀμηχάνως
998 1048 1084 1091 ε’μοί.
1446 1051 1504 1085 τὸν
1521 1049 1722 1094 ἀντίτολμον
1740 1048 1778 1083 δέ
1794 1049 1883 1095 φαμι
1899 1051 2076 1096 παρβάταν

364 1106 436 1141 ἐπεὶ
454 1105 490 1140 δὲ
508 1105 646 1150 πρᾶγμα
664 1101 752 1149 δεῦρ’
773 1101 968 1146 ἐπέσκηψεν
985 1100 1074 1139 τόδε,
1446 1103 1487 1137 τὰ
1504 1102 1620 1138 πολλὰ
1637 1101 1844 1148 παντόφυρτ’
1863 1102 1941 1137 ἄνευ
1959 1102 2049 1146 δίκης

366 1159 480 1204 φόνων
498 1155 659 1192 δικαστὰς
677 1155 797 1201 ὁρκίων
814 1153 1029 1200 αἱρουμένους
1414 1191 1417 1194 Δ
1445 1155 1564 1197 βιαίως
1582 1153 1643 1198 ξὺν
1660 1156 1772 1202 χρόνῳ
1790 1154 1962 1200 καθήσειν,
2318 1168 2378 1202 555

363 1211 490 1255 θεσμὸν
507 1210 565 1244 τὸν
583 1207 630 1244 εἰς
647 1206 763 1242 ἅπαντ’
779 1206 845 1251 ἐγὼ
864 1204 959 1250 θήσω
975 1205 1111 1251 χρόνον·
1318 1230 1321 1247 1
1445 1208 1573 1253 λαῖφος
1590 1206 1669 1241 ὅταν
1685 1207 1778 1251 λάβῃ
1795 1209 1898 1244 πόνος
1915 1207 2118 1254 θραυομένας
2137 1209 2294 1255 κεραίας..

362 1264 455 1308 ὑμεῖς
472 1262 509 1297 δὲ
525 1259 690 1307 μαρτύριά
706 1274 743 1293 ⁷⁶
762 1259 815 1293 καὶ
832 1256 990 1304 Τεκμήρια
1237 1261 1296 1302 485
1446 1262 1542 1295 καλεῖ
1557 1259 1585 1294 δ’
1605 1257 1785 1296 ἀκούοντας
1802 1260 1858 1294 οὐ·
2244 1262 2316 1296 ἀντ,
2335 1261 2378 1298 δ’.

363 1314 518 1351 καλεῖσθ’
539 1313 654 1360 ἀρωγὰ
670 1313 729 1356 τῆς
747 1312 838 1355 δίκης
856 1311 1043 1357 ὁρκώματα.
1446 1313 1501 1347 δὲν
1519 1312 1554 1348 ἐν
1571 1312 1660 1357 μέσᾳ
1678 1312 1847 1348 δυσπαλεῖ
1863 1327 1900 1348 τε
1918 1313 2002 1359 δίνᾳ·

358 1368 503 1415 κρίνασα
521 1365 549 1401 δ’
569 1366 683 1400 ἀστῶν
700 1368 766 1398 τῶν
785 1364 871 1408 ἐμῶν
889 1363 930 1397 τὰ
947 1362 1101 1404 βέλτατα
1445 1367 1530 1411 γελᾷ
1548 1365 1584 1400 δὲ
1603 1364 1729 1409 δαίμων
1747 1365 1798 1400 ἐπ’
1816 1365 1911 1412 ἀνδρὶ
1930 1365 2052 1414 θερμῷ,
2318 1371 2380 1414 560

361 1421 444 1466 ἥξω,
462 1420 600 1465 διαιρεῖν
617 1419 716 1452 τοῦτο
734 1414 860 1463 πρᾶγμ’
880 1413 1059 1459 ἐτητύμως,
1445 1418 1503 1452 τὸν
1521 1416 1635 1453 οὔποτ’
1655 1417 1809 1462 αὐχοῦντ’
1830 1418 1908 1453 ἰδὼν
1926 1419 2108 1464 ἀμηχάνοις

364 1473 463 1520 ὅρκον
478 1474 648 1518 περῶντας
665 1470 767 1514 μηδὲν
785 1468 914 1502 ἔκδικον
932 1466 1073 1513 φρεσίν.
1445 1469 1537 1506 δύαις
1552 1469 1734 1512 λαπαδνὸν,
1752 1470 1820 1506 οὐδ’
1841 1471 2031 1518 ὑπερθέοντ’
2050 1472 2166 1519 ἔκραν’

361 1528 418 1561 νῦν
436 1523 670 1570 καταστροφαὶ
688 1521 769 1556 νέων
1039 1533 1117 1564 στρ
1138 1517 1180 1554 α’-
1235 1532 1298 1564 490
1446 1521 1486 1557 δι’
1506 1522 1624 1558 αἰῶνος
1642 1523 1678 1557 δὲ
1695 1524 1754 1557 τὸν
1770 1524 1850 1571 πρὶν
1867 1523 1979 1570 ὄλβον

363 1578 522 1623 θεσμίων,
542 1575 571 1611 εῖ
590 1573 748 1622 κρατήσει
767 1573 842 1609 δίκα
859 1587 896 1608 τε
915 1571 968 1607 καὶ
985 1572 1105 1614 βλάβα
1445 1574 1560 1621 ἕρματι
1578 1576 1789 1621 προσβαλὼν
1807 1577 1899 1613 δίκας
1917 1575 2012 1612 ὤλετ’
2025 1577 2229 1619 ἄκλαυστος,
2249 1577 2377 1616 αἶστος.

363 1631 461 1666 τοῦδε
477 1629 718 1675 μητροκτόνου.
1342 1631 1413 1670 ΑΘ.
1442 1626 1605 1674 κήρυσσε,
1625 1627 1740 1675 κῆρυξ,
1761 1630 1814 1664 καὶ
1833 1631 1979 1676 στρατὸν
1996 1631 2226 1677 κατειργαθοῦ.
2317 1631 2389 1679 566

361 1684 486 1721 πάντας
528 1682 590 1727 ἤδη
634 1678 703 1716 τόδ’
751 1680 850 1726 ἔργον
894 1677 1046 1725 εὐχερείᾳ
1091 1679 1294 1725 συναρμόσει
1445 1679 1467 1725 ἥ
1483 1679 1511 1714 τ’
1531 1679 1590 1715 οὖν
1607 1689 1627 1709 t
1652 1690 1671 1709 ὲ
1696 1690 1715 1710 *
1738 1682 1892 1729 διάτορος
1909 1684 2097 1730 Τυρσηνικὴ

412 1733 570 1783 βροτούς.
1232 1742 1294 1777 495
1445 1733 1609 1779 σάλπιγξ,
1629 1734 1787 1781 βροτείου
1804 1734 1992 1780 πνεύματος
2007 1737 2233 1783 πληρουμένη,

361 1789 476 1825 πολλὰ
494 1788 524 1824 δ’
541 1788 644 1832 ἔτυμα
660 1786 872 1832 παιδότρωτα
1443 1785 1624 1832 ὑπέρτονον
1641 1786 1773 1834 γήρυμα
1791 1788 1938 1834 φαινέτω
1957 1792 2105 1838 στρατῷ.

361 1841 469 1878 πάθεα
486 1840 670 1888 προσμένει
688 1841 803 1874 τοκεῦ·
1402 1855 1406 1859 ·
1441 1838 1673 1904 πληρουμένου
1690 1841 1756 1886 γὰρ
1774 1842 1872 1876 τοῦδε
1889 1843 2134 1889 βουλευτηρίου
2317 1855 2379 1890 570

363 1909 430 1934 σιν,
449 1895 532 1939 μετά
550 1892 577 1928 τ’
597 1891 727 1928 αυθις’
710 1906 744 1926 εν
761 1892 886 1938 χρόνῳ.
1442 1892 1544 1937 σιγᾶν
1561 1891 1678 1938 ἀρήγει
1696 1894 1750 1927 καὶ
1766 1893 1884 1938 μαθεῖν
1901 1893 2084 1939 θεσμοὺς’
2066 1895 2165 1938 εμοὺς

360 1949 437 1982 οὔτε
453 1947 519 1992 γὰρ
536 1946 781 1990 βροτοσκόπων
1156 1939 1228 1975 ἀντ·
1247 1936 1290 1975 α’·
1440 1945 1541 1978 πόλιν
1558 1958 1595 1978 τε
1612 1946 1726 1979 πᾶσαν
1741 1947 1775 1981 ἐς
1792 1946 1850 1979 τὸν
1867 1943 1961 1986 αἰανῆ
1979 1949 2100 1989 χρόνον

360 1994 527 2041 μαινάδων
543 1991 637 2027 τῶνδ’
657 1991 806 2038 ε’φερψει
825 1991 921 2025 κότος
938 2003 988 2026 τις
1006 1988 1190 2035 ἐργμάτων·
1233 1999 1294 2031 500
1443 1992 1497 2026 καὶ
1513 1992 1615 2032 τόνδ’,
1635 1993 1725 2030 ὅπως
1743 1994 1783 2028 ἂν
1801 2009 1837 2028 ευ
1855 1993 2075 2060 καταγνωσθῇ
2093 1994 2180 2038 δίκη.

360 2045 454 2082 πάντ’
474 2044 595 2092 ἐφήσω
612 2046 728 2091 μόρον.
1342 2049 1412 2079 ΧΟ.
1442 2043 1525 2088 ἅναξ
1535 2038 1726 2084 *Απολλον,
1747 2046 1829 2080 ὼν
1810 2061 1899 2092 εχεις
1915 2047 2015 2082 αὐτὸς
2033 2047 2158 2092 κράτει.

359 2097 520 2134 πεύσεται
551 2097 579 2133 δ’
608 2098 715 2133 ἄλλος
743 2095 901 2134 ἵίλλοθεν,
931 2094 1121 2141 προφωνῶν
1155 2093 1196 2128 τὰ
1229 2095 1297 2129 τῶν
1443 2096 1477 2130 τί
1493 2098 1591 2132 τοῦδε
1610 2098 1668 2132 σοὶ
1685 2098 1822 2143 μέτεστι
1839 2099 2035 2146 πράγματος
2051 2099 2146 2145 λέγε.
2316 2109 2355 2144 57
2360 2111 2376 2144 5

411 2151 522 2187 πέλας
541 2151 623 2186 κακὰ
1341 2154 1417 2184 An.
1444 2150 1497 2184 καὶ
1513 2149 1737 2197 μαρτυρήσων
1753 2149 1872 2194 ἦλθον·
1901 2152 1977 2186 ἔστι
1993 2152 2060 2198 γὰρ
2078 2152 2189 2196 δόμων

359 2204 459 2248 λῆξιν
476 2203 641 2239 ὑπόδοσίν
658 2216 695 2237 τε
711 2200 849 2247 μόχθων
1234 2210 1291 2242 505
1445 2201 1552 2245 ίκέτης
1570 2201 1618 2237 ὅδ’
1638 2203 1719 2249 ἁνὴρ
1738 2204 1791 2238 καὶ
1809 2204 1920 2248 δόμων
1938 2204 2099 2250 ἐφέστιος

360 2257 439 2291 ε’ίκεά
456 2256 484 2290 τ’
505 2256 545 2290 01'·
562 2256 697 2297 βέβαια·
726 2255 806 2290 τλά·
1445 2254 1543 2298 ἐμῶν·
1572 2256 1681 2299 φόνου
1699 2256 1736 2290 δέ
1753 2255 1843 2290 τοῦδ’
1864 2257 1929 2303 ἐγὼ
1947 2256 2140 2303 καθάρσιος,

358 2322 430 2351 μων
448 2308 484 2342 δὲ
502 2308 609 2352 μάταν
626 2307 822 2353 παρηγορεῖ.
1444 2306 1498 2341 καὶ
1516 2306 1724 2352 ξυνδικήσων
1741 2308 1851 2344 αὐτός·
1881 2308 1989 2344 αἰτίαν
2007 2309 2034 2344 δ’
2054 2310 2122 2354 ἔχω

358 2360 443 2404 μηδέ
459 2374 510 2396 τις
527 2359 734 2404 κικλησκέτω
1148 2370 1224 2402 στρ.
1245 2355 1278 2397 β’
1443 2359 1502 2403 τῆς
1519 2360 1617 2394 τοῦδε
1634 2362 1758 2407 μητρὸς
1775 2363 1836 2395 τοῦ
1852 2362 1974 2406 φόνου.
2004 2362 2050 2397 σὺ
2067 2361 2096 2396 δ’
2115 2359 2232 2409 εἴσαγε
2318 2367 2380 2407 580

359 2412 519 2459 ξυμφορᾷ
535 2412 746 2457 τετυμμένος,
1441 2409 1532 2447 ὅπως
1548 2412 1576 2446 τ’
1596 2413 1716 2458 ἐπίστᾳ
1733 2413 1830 2458 τήνδε
1848 2414 2001 2456 κύρωσον
2018 2414 2121 2459 δίκην.

358 2464 448 2499 τοῦτ’
468 2466 547 2500 ἔπος
566 2463 778 2511 θροούμενος,
1234 2474 1294 2505 510
1340 2467 1413 2497 Ae.
1442 2463 1533 2507 ὑμῶν
1551 2465 1570 2498 ὁ
1587 2464 1704 2508 μῦθος,
1724 2464 1852 2511 εἰσάγω
1870 2466 1907 2500 δέ
1925 2466 1986 2510 τὴν
2003 2466 2108 2510 δίκην.

360 2517 386 2551 ὦ
404 2517 490 2557 δίκα,
511 2517 537 2551 ὦ
556 2517 668 2563 θρόνοι
687 2516 715 2551 τ’
733 2514 905 2562 Ἐρινύων.
1441 2517 1462 2563 ῥ
1479 2516 1545 2562 γὰρ
1564 2516 1690 2551 διώκων
1707 2519 1870 2564 πρότερος
1887 2518 1963 2562 ἐξ’
1943 2520 2050 2565 αρχῆς
2066 2519 2177 2567 λέγων

358 2570 462 2605 ταῦτά
479 2584 531 2606 τις
548 2569 623 2615 τάχ’
643 2570 682 2604 ἂν
700 2569 810 2615 πατὴρ
1442 2567 1563 2614 γένοιτ’
1582 2568 1623 2603 ἂν
1642 2565 1750 2615 ὀρθῶς
1767 2571 1962 2617 πράγματος
1980 2572 2196 2608 διδάσκαλος.

359 2622 379 2667 ἢ
398 2624 543 2657 τεκοῦσα
561 2621 723 2666 νεοπαθὴς
1340 2623 1412 2653 ΧΟ.
1441 2621 1570 2656 πολλαὶ
1587 2621 1648 2666 μέν
1666 2622 1780 2667 ἐσμεν,
1800 2623 1944 2668 λέξομεν
1962 2623 1998 2658 δε
2018 2625 2205 2669 συντόμως.
2317 2629 2377 2669 585
2396 2627 2407 2640 Χ

358 2672 470 2710 οἶκτον
487 2674 675 2714 οἰκτίσαιτ’,
697 2674 784 2709 ἐπει·
1235 2685 1292 2716 515
1443 2673 1523 2708 ἔπος
1541 2672 1569 2707 δ’
1589 2674 1732 2718 ἀμείβου
1749 2676 1834 2720 πρὸς
1847 2676 1927 2712 ἔπος
1945 2676 1980 2711 ἐν
1997 2677 2089 2723 μέρει
2107 2676 2221 2714 τιθείς.

359 2727 399 2772 δὴ
416 2727 523 2762 πίτνει
541 2728 643 2771 δόμος
661 2727 764 2762 δίκας.
1443 2724 1502 2769 τὴν
1518 2725 1630 2772 μητέρ’
1650 2726 1722 2761 εἰπὲ
1739 2730 1874 2774 πρῶτον
1891 2728 1920 2762 εἰ
1939 2729 2146 2765 κατέκτονας.

357 2780 435 2815 ἔσθ’
456 2779 541 2815 ὅπου
559 2781 597 2814 τὸ
616 2780 722 2814 δεινὸν
740 2777 776 2813 εὗ
1153 2791 1224 2812 αντ.
1244 2777 1292 2820 β’.
1340 2780 1406 2811 OP·
1440 2777 1579 2812 ἔκτεινα·
1609 2777 1730 2813 τούτου
1749 2780 1778 2814 δ’
1796 2781 1886 2816 οὔτις
1904 2780 2043 2827 ἄρνησις
2060 2781 2171 2816 πέλει.

361 2834 414 2868 καὶ
431 2833 566 2878 φρενῶν
584 2831 770 2867 ἐπίσκοπον
1339 2833 1412 2863 XO·
1442 2827 1477 2863 ἓν
1490 2830 1554 2874 μὲν
1570 2830 1639 2865 τόδ’
1657 2832 1719 2875 ἤδη
1738 2835 1804 2866 τῶν
1821 2836 1922 2878 τριῶν
1939 2835 2194 2879 παλαισμάτων.

355 2888 411 2923 δεῖ
424 2886 537 2930 μένειν
554 2883 748 2928 καθήμενον.
1340 2885 1407 2915 ΟΡ.
1437 2881 1477 2915 οὗ
1496 2883 1631 2930 κειμένῳ
1649 2898 1702 2918 πω
1721 2885 1816 2918 τόνδε
1835 2887 2012 2930 κομπάζεις
2029 2888 2145 2933 λόγον.
2317 2900 2379 2932 590

359 2937 525 2984 ξυμφέρει
544 2937 738 2982 σωφρονεῖν
755 2935 820 2971 ὑπὸ
839 2934 961 2970 στένει.
1235 2948 1296 2980 520
1341 2937 1413 2967 ΧΟ.
1441 2933 1545 2968 εἰπεῖν
1562 2949 1602 2981 γε
1619 2935 1732 2980 μέντοι
1751 2937 1802 2971 δεῖ
1819 2936 1853 2971 σ’
1872 2937 1963 2974 ὅπως
1981 2938 2184 2975 κατέκτανες.

359 2989 411 3026 τίς
429 2990 466 3024 δὲ
482 2990 585 3034 μηδὲν
603 2989 637 3024 ἐν
655 2989 736 3035 φάει
1341 2990 1407 3019 ΟΡ·
1438 2985 1542 3029 λέξω.
1572 2987 1748 3036 ξιφουλκῷ
1765 2990 1855 3035 χειρὶ
1871 2991 1957 3036 πρὸς
1974 2991 2073 3037 δέρην
2089 2993 2209 3036 τεμών.

361 3042 495 3089 καρδίας
513 3041 710 3088 ἀνατρέφων
1339 3041 1412 3073 ΧΟ.
1440 3039 1525 3084 πρὸς
1542 3042 1602 3073 τοῦ
1621 3039 1649 3074 δ’
1669 3040 1828 3085 ἐπείσθης
1846 3042 1899 3076 καὶ
1917 3043 2007 3079 τίνος
2023 3042 2237 3088 βουλεύμασι
2253 3057 2261 3083 ;

358 3094 379 3139 ἢ
397 3096 497 3131 πόλις
513 3095 639 3140 βροτός
657 3093 690 3128 θ’
710 3093 801 3138 ὁμοί·
1341 3094 1406 3124 ΟΡ.
1439 3092 1509 3126 τοῖς
1526 3092 1624 3126 τοῦδε
1643 3092 1865 3138 θεσφάτοισι·
1894 3097 2056 3142 μαρτυρεῖ
2071 3095 2110 3131 δέ
2124 3109 2194 3140 μοι.

359 3162 404 3183 ως
421 3146 467 3181 ἔτ’
487 3146 527 3181 ἂν
545 3146 646 3188 σέβοι
664 3146 779 3185 δίκαν;
1234 3157 1272 3190 52
1277 3157 1293 3190 5
1339 3147 1410 3177 XO·
1439 3144 1458 3177 ὁ
1475 3143 1591 3187 μάντις
1609 3144 1763 3191 ἐξηγεῖτό
1781 3160 1838 3180 σοι
1855 3149 2113 3193 μητροκτονεῖν·
2103 3174 2113 3188 ,
2317 3159 2387 3193 595·

359 3198 434 3245 μήτ·
453 3199 615 3245 ἄναρκτον
631 3198 709 3240 βίον
1150 3212 1231 3244 στρ,
1248 3198 1293 3245 γ’,
1341 3199 1407 3229 ΟΡ.
1439 3195 1494 3229 καὶ
1511 3195 1608 3241 δεῦρό
1625 3195 1657 3242 γ’
1676 3197 1727 3231 ἀεὶ
1745 3197 1805 3241 τὴν
1822 3197 1928 3244 τύχην
1945 3200 1984 3234 οὐ
2002 3199 2190 3246 μέμφομαι.

358 3251 442 3297 μήτε
460 3249 729 3296 δεσποτούμενον
1174 3252 1178 3254 ’
1339 3251 1413 3282 XO.
1441 3247 1519 3282 ἀλλ’
1540 3246 1573 3282 εἴ
1588 3262 1630 3282 σε
1647 3249 1778 3295 μάρψει
1796 3250 1930 3296 ψῆφος,
1950 3250 2028 3286 ἄλλ’
2046 3253 2132 3300 ἐρεῖς
2148 3254 2248 3299 τάχα.

360 3304 507 3348 αἰνέσῃς.
536 3303 636 3339 παντὶ
653 3303 748 3350 μέσῳ
766 3303 804 3337 τὸ
823 3302 942 3348 κράτος
960 3301 1035 3338 θεὸς
1054 3299 1198 3339 ὤπασεν.
1341 3305 1407 3334 ΟΡ·
1439 3299 1575 3335 πέποιθ’
1579 3326 1589 3340 ,
1609 3301 1741 3347 ἀρωγὰς
1759 3301 1788 3336 δ’
1808 3303 1843 3336 ἐκ
1861 3304 1974 3349 τάφου
1991 3304 2115 3349 πέμπει
2131 3304 2254 3352 πατήρ.

360 3353 440 3391 ἄλλ’
458 3356 549 3391 ἅλλα
567 3355 595 3390 δ’
616 3354 784 3402 ἐφορεύει.
1233 3370 1249 3401 5
1255 3369 1295 3400 30
1339 3356 1411 3387 XO.
1441 3352 1591 3398 νεκροῖσί
1609 3367 1666 3387 νυν
1683 3353 1842 3389 πέπεισθι
1859 3356 1984 3402 μητέρα
2003 3358 2142 3392 κτανών.

361 3407 550 3455 ξύμμετρον
567 3407 596 3443 δ’
615 3408 695 3443 ἔπος
712 3407 816 3454 λέγω,
1340 3409 1406 3438 ΟΡ.
1439 3403 1532 3439 δυοῖν
1548 3405 1614 3451 γὰρ
1633 3402 1704 3450 εἶχε
1721 3408 1925 3451 προσβολὰς
1941 3412 2157 3454 μιασμάτοιν.
2316 3413 2378 3446 600
2409 3438 2412 3440 -

361 3460 550 3502 δυσσεβίας
566 3460 628 3504 μὲν
643 3457 743 3506 ὕβρις
761 3459 856 3496 τέκος
874 3460 918 3496 ὣς
936 3458 1076 3505 ἐτύμως·
1340 3461 1412 3491 XO·
1439 3459 1511 3492 πῶς
1528 3455 1590 3501 δῆἱ
1620 3457 1756 3501 δίδαξον
1772 3458 1850 3494 τοὺς
1868 3459 2059 3503 δικάζοντας
2076 3462 2167 3497 τάδε.

362 3513 399 3548 ἐκ
417 3511 446 3548 δ’
465 3512 591 3555 ὑγιείας
1235 3525 1293 3558 535
1341 3514 1407 3543 ΟΡ.
1439 3509 1708 3555 ἀνδροκτονοῦσα
1725 3510 1839 3556 πατέρ’
1859 3511 1938 3555 ε’μὸν
1956 3513 2143 3549 κατέκτανε.

361 3566 495 3612 φρενῶν
512 3567 531 3600 ὁ
547 3566 653 3601 πᾶσιν
669 3563 774 3610 φίλος
1340 3566 1412 3597 ΧΟ.
1440 3561 1558 3608 τοιγὰρ
1577 3560 1622 3596 σὺ
1639 3562 1700 3606 μὲν
1718 3563 1786 3606 ζῇς,
1806 3562 1826 3606 ἡ
1845 3562 1874 3598 δ’
1893 3563 2054 3608 ἐλευθέρα
2072 3568 2195 3611 φόνου.
