2488 3860
1205 280 1286 323 455

197 368 309 422 ’Δέρα,
320 372 463 422 προσέτι
479 374 516 411 δὲ
533 375 586 411 καὶ
599 375 722 423 Αἰθέρα
739 376 792 413 καὶ
805 376 966 424 Νεφέλας
983 377 1223 412 κατακαλεῖται.

199 427 284 474 πρὸς
309 427 346 462 δὲ
374 427 435 472 τὴν
459 427 560 473 εὐχὴν
589 428 799 476 είσέρχονται
824 430 983 476 Νεφέλαι
1012 429 1048 464 ἐν
1077 427 1225 475 σχῆματι

197 480 304 524 χοροῦ
327 478 380 513 καὶ
403 479 721 525 φυσιολογὴσαντος
744 482 803 516 οὐκ
826 481 990 517 ἀπιθάνως
1010 483 1072 516 τοῦ
1089 481 1223 526 Σωκρά-

198 540 278 561 τους
303 529 581 562 αποκαταστᾶσαι
607 530 691 574 πρὸς
716 530 794 566 τοὺς
820 530 939 566 θεατὰς
962 531 1039 576 περὶ
1064 532 1228 566 πλειόνων

199 577 418 624 διαλέγονται.
446 579 529 625 μετὰ
546 580 583 615 δέ
603 583 706 615 ταῦτα
729 583 748 616 ὁ
770 582 831 627 μέν
853 582 1046 629 πρεσβύτης
1068 582 1226 618 διδασκό-

197 643 296 674 μενος
319 629 354 667 ἐν
370 631 416 679 τῷ
439 631 575 680 φανερῷ
597 632 670 666 τινὰ
691 635 757 667 τῶν
779 633 979 681 μαθημάτων
993 634 1223 681 γελωτοποιεῖ“

198 681 252 716 καὶ
269 680 380 725 ἐπειδὴ
398 682 453 717 διὰ
469 682 528 727 τὴν
540 683 681 729 ἆμαθίαν
695 685 730 719 ἐκ
747 688 807 720 τοῦ
824 685 1085 737 φροντιστηρίου
1102 685 1224 730 ἐκβόλ-

197 733 293 768 λεται
309 732 400 780 ἄγων
416 735 500 782 πρὸς
515 735 595 777 βίαν
611 737 670 771 τὸν
686 737 757 771 υἱὸν
781 736 962 781 συνίστησι
983 738 1031 789 τῷ
1047 737 1222 785 Σωκράτει.

197 783 318 820 τούτου
341 785 378 821 δὲ
402 786 622 833 ἐξαγαγόντος
644 787 732 836 αὐτῷ
759 788 795 823 ἐν
817 792 864 838 τῷ
886 789 965 824 θεάτ
986 803 1013 837 φ
1035 789 1093 824 τὸν
1111 787 1225 829 ἄδικον

199 836 252 872 καὶ
274 838 333 872 τὸν
355 837 480 874 δίκαιον
501 840 618 887 λόγον,
637 839 865 888 διαγωνισθεὶς
889 843 908 876 ὁ
930 840 952 876 ὅ
973 853 1041 887 utos
1061 840 1146 887 πρὸς
1167 841 1222 879 τὸν

1115 1163 1256 1206 ΑΛΛ

1271 377 1395 413 δίκαιον
1419 378 1534 425 λόγον,
1562 378 1615 414 καὶ
1644 379 1848 426 παραλαβὼν
1875 378 1977 416 αὐτὸν
2007 380 2027 416 ὁ
2052 378 2163 417 ἄδικος
2191 380 2295 428 λόγος

1271 429 1469 465 ἐκδιδάσκει.
1507 431 1726 475 κομισάμενος
1751 432 1787 466 δὲ
1813 432 1912 467 αὐτὸν
1936 434 1955 467 ὁ
1980 432 2088 479 πατὴρ
2114 433 2294 478 ἐκπεπονη-

1269 481 1368 525 μένον
1397 482 1567 528 ἐπηρεάζει
1595 484 1666 518 τοῖς
1692 481 1867 528 χρήσταις,
1898 484 1951 518 καὶ
1987 485 2031 520 ὡς
2061 484 2294 532 κατωρθωκὼς,

1271 533 1392 578 εὐωχεῖ
1425 535 1642 580 παραλαβών.
1681 535 1856 580 γενομένης
1892 536 1928 570 δὲ
1958 537 2034 581 περὶ
2064 535 2124 580 τὴν
2155 537 2296 582 εὐωχίαν

1270 584 1471 632 ἀντιλογίας,
1489 586 1622 632 πληγὰς
1637 586 1754 628 λαβὼν
1770 586 1835 621 ὑπὸ
1856 589 1915 621 τοῦ
1931 588 2048 623 παιδὸς
2064 587 2150 632 βοὴν
2165 586 2294 633 ἵστησι,

1271 637 1324 675 καὶ
1349 636 1728 684 προσκαταλαλοὺμενος
1758 637 1823 674 ὑπὸ
1853 641 1913 673 τοῦ
1942 639 2059 675 παιδὸς
2089 639 2141 674 ὅτι
2171 640 2296 676 δίκαιον

1271 687 1349 726 τοὺς
1370 689 1514 735 πατέρας
1536 689 1601 724 ὑπὸ
1624 692 1690 726 τῶν
1712 689 1791 724 υἱῶν
1811 687 2078 730 ἀντιτύπτεσθαι,
2100 691 2295 739 ὑπεραλγῶν

1270 739 1325 776 διὰ
1341 740 1402 785 τὴν
1417 741 1501 787 πρὸς
1517 742 1576 776 τὸν
1592 742 1664 776 υἱὸν
1681 739 1887 788 σύγκρουσιν
1904 743 1923 776 ὁ
1939 741 2057 788 γέρων,
2072 744 2294 779 κατασκάπτει

1270 791 1324 827 καὶ
1341 792 1525 839 ἐμπίπρησι
1545 794 1584 828 τὸ
1607 791 1868 839 φροντιστήριον
1890 795 1955 829 τῶν
1972 797 2221 841 Σωκρατιστὸν.
2257 796 2294 830 τὸ

1268 842 1307 881 δὲ
1324 843 1433 890 δρᾶμα
1448 848 1514 882 τῶν
1529 845 1616 884 πάνυ
1632 845 1776 883 δυνατῶς
1792 844 2027 892 πεποιημένων·

1274 1166 1377 1207 ΩΣ.

820 1277 936 1323 Πατὴρ
953 1277 1011 1313 τὸν
1027 1276 1098 1311 υἱὸν
1115 1274 1329 1321 σωκρατίζειν
1345 1271 1517 1315 βούλεται·

823 1331 876 1364 καὶ
893 1332 952 1374 τῆς
968 1330 1045 1376 περὶ
1061 1328 1161 1363 αὐτὸν
1176 1325 1415 1374 ψυχρολογίας
1432 1322 1584 1370 διατριβὴ

821 1382 924 1426 ἱκανὴ,
942 1383 1055 1428 λόγων
1071 1381 1209 1415 ἀπόνοια
1225 1378 1309 1424 πρὸς
1325 1377 1524 1412 τούναντίον.

819 1435 924 1480 χορὸν
940 1434 977 1468 δὲ
994 1434 1159 1478 Νεφελῶν
1176 1432 1220 1467 ὣς
1237 1430 1397 1475 ἐπωφελῆ
1414 1428 1535 1475 λέγων,

821 1486 874 1520 καὶ
891 1485 951 1530 τὴν
967 1485 1126 1526 ἀσέβειαν
1142 1483 1334 1529 Σωκράτους
1352 1481 1492 1524 διεξιών·

819 1538 922 1572 ἄλλαι
940 1537 974 1571 θ’
992 1535 1047 1571 ὑπ’
1065 1536 1184 1583 ἀνδρὸς
1203 1561 1212 1570 .
1235 1561 1244 1570 .
1264 1533 1454 1579 κατηγορίαι
1470 1531 1595 1577 πικραὶ,

819 1590 873 1624 καὶ
889 1592 954 1623 τῶν
970 1588 1123 1634 μαθητῶν
1140 1584 1187 1624 εἷς
1202 1585 1407 1632 πατραλοίας
1424 1585 1583 1619 ἐκτόπως.

817 1638 875 1677 εἶτ’
895 1641 1103 1686 ἐμπυρισμὸς
1118 1641 1177 1684 τῆς
1195 1640 1328 1684 σχολῆς
1344 1639 1404 1672 τοῦ
1421 1636 1625 1683 Σωκράτους.

246 1701 292 1736 Τὸ
318 1698 355 1734 δὲ
381 1697 489 1745 δρᾶμα
518 1697 618 1732 τοῦτο
647 1696 707 1740 τῆς
735 1693 817 1738 ὅλης
845 1691 1012 1737 ποιήσεως
1041 1692 1226 1726 κάλλιστον
1245 1697 1250 1729 1

195 1746 282 1787 εἶναι’
297 1754 386 1795 φησι
404 1750 457 1785 καὶ
474 1750 724 1796 τεχνικώτατον.

247 1800 288 1832 Αἱ
305 1802 432 1844 πρῶται
450 1799 604 1844 Νεφέλαι
625 1800 660 1833 ἐν
676 1799 772 1833 ἄστει
790 1798 1013 1844 ἐδιδάχθησαν
1030 1799 1085 1834 ἐπὶ
1101 1799 1224 1846 ἄρχον-

196 1858 254 1886 τος
268 1849 441 1896 Ἰσάρχου,
460 1850 516 1884 ὅτε
534 1853 694 1896 Κρατῖνος
708 1851 769 1895 μὲν
786 1850 874 1885 ἐνίκα
890 1851 1028 1895 Πυτίνῃ,
1045 1850 1224 1897 Ἀμειψίας

196 1902 232 1936 δὲ
251 1903 374 1948 Κόννῳ.
402 1902 517 1948 διόπερ
533 1900 781 1948 Ἀριστοφάνης
798 1902 1006 1949 διαρριφθεὶς
1024 1904 1224 1949 παραλόγως

196 1953 286 2001 ᾠήθη
313 1954 381 1988 δεῖν
406 1954 603 1997 άναδιδάξας
631 1954 690 1990 τὰς
716 1953 870 1999 δευτέρας
899 1954 1158 1999 ἀπομέμφεσθαι
1184 1955 1223 1989 τὸ

195 2005 344 2051 θέατρον.
373 2005 549 2051 ἀποτυχὼν
569 2006 606 2040 δὲ
625 2005 716 2041 πολὺ
737 2007 869 2050 μᾶλλον
890 2006 942 2040 καὶ
964 2007 999 2040 ἐν
1015 2009 1086 2042 τοῖς
1108 2007 1220 2041 ἔπειτα

195 2057 303 2091 οὐκέτι
319 2057 379 2101 τὴν
391 2057 567 2102 διασκευὴν
583 2057 772 2105 εἷσῆγαγεν.
797 2058 831 2092 αἱ
848 2058 884 2093 δὲ
903 2057 1050 2104 δεύτεραι
1065 2058 1223 2103 Νεφέλαι

195 2109 250 2145 ἐπὶ
266 2109 431 2153 Ἀμεινίου
447 2109 621 2155 ἄρχοντος.

244 2163 350 2197 Τοῦτο
368 2163 487 2196 ταυτόν
507 2162 580 2196 ἐστι
598 2165 645 2209 τῷ
658 2162 822 2210 προτέρῳ.
851 2160 1084 2197 διεσκεύασται
1105 2162 1141 2196 δὲ
1165 2162 1221 2197 ἐπὶ

193 2214 313 2260 μέρους
331 2215 374 2250 ὡς
391 2213 432 2248 ἂν
452 2213 491 2257 δὴ
509 2214 699 2257 άναδιδάξαι
719 2214 780 2258 μὲν
796 2215 876 2248 αὐτὸ
900 2217 959 2249 τοῦ
976 2216 1116 2258 ποιητοῦ
1135 2228 1221 2260 προ-

194 2266 403 2311 θυμηθέντος,
423 2265 531 2301 οὐκέτι
548 2266 584 2300 δὲ
602 2268 701 2300 τοῦτο
719 2265 761 2300 δι’
780 2266 820 2310 ἥν
839 2281 921 2301 ποτε
938 2266 1044 2301 αἰτίαν
1060 2264 1221 2310 ποιῆσαν-

194 2332 261 2354 τος.
282 2318 426 2353 καθόλου
438 2319 499 2363 μὲν
516 2316 573 2354 οὖν
587 2319 712 2363 σχεδὸν
728 2319 817 2361 παρὰ
830 2320 896 2354 πᾶν
913 2319 1012 2361 μέρος
1023 2318 1221 2363 γεγενημένη

1268 1689 1459 1736 διόρθωσις.
1489 1689 1530 1723 τὰ
1546 1689 1606 1733 μὲν
1621 1689 1687 1735 γὰρ
1703 1684 1907 1735 περιῄρηται,
1921 1687 1964 1722 τὰ
1980 1685 2019 1723 δὲ
2033 1685 2227 1727 πέπλεκται,
2242 1685 2295 1723 καὶ

1269 1742 1304 1777 ἐν
1320 1745 1361 1787 τῇ
1377 1741 1469 1785 τάξει
1487 1741 1540 1775 καὶ
1558 1741 1592 1776 ἐν
1608 1743 1648 1785 τῇ
1661 1743 1727 1775 τῶν
1742 1740 1933 1787 προσώπων
1950 1739 2116 1786 διαλλαγῇ
2127 1753 2293 1784 μετεσχη-

1267 1794 1437 1839 μάτισται.
1466 1792 1488 1827 ἂ
1513 1793 1550 1827 δὲ
1576 1794 1746 1839 ὁλοσχερῆ
1772 1793 1831 1837 τῆς
1857 1792 2032 1836 διασκευῆς
2057 1793 2192 1826 τοιαῦτα
2217 1790 2295 1825 ὄντα

1268 1844 1457 1891 τετύχηκεν,
1476 1845 1591 1880 αὐτίκα
1607 1843 1627 1889 ἦ
1647 1845 1839 1891 παράβασις
1855 1846 1915 1878 τοῦ
1935 1845 2041 1890 χοροῦ
2058 1845 2223 1887 ἤμειπται,
2242 1843 2296 1877 καὶ

1268 1897 1352 1932 ὅπου
1370 1900 1388 1932 ὁ
1406 1898 1529 1933 δίκαιος
1548 1898 1653 1944 λόγος
1668 1897 1752 1942 πρὸς
1768 1897 1826 1930 τὸν
1846 1895 1958 1930 ἄδικον
1974 1896 2084 1935 λαλεῖ,
2104 1894 2157 1929 καὶ
2178 1896 2291 1930 τελευ-

1267 1951 1360 1984 ταῖον
1377 1948 1461 1984 ὅπου
1479 1949 1602 1983 καίεται
1619 1948 1639 1992 ἡ
1658 1948 1809 1994 διατριβὴ
1828 1948 2030 1993 Σωκράτους.

1318 2001 1385 2045 Τὴν
1397 2002 1457 2046 μὲν
1470 2001 1640 2048 κωμῳδίαν
1654 1999 1771 2043 καθῆκε
1784 2000 1865 2034 κατὰ
1882 2000 2084 2043 Σωκράτους,
2100 1999 2144 2034 ὡς
2160 2001 2294 2033 τοιαῦτα

1268 2054 1466 2098 νομίζοντος,
1474 2054 1526 2087 καὶ
1536 2052 1694 2097 Νεφέλας
1703 2052 1756 2085 καὶ
1765 2051 1864 2097 Ἀέρα
1875 2052 1927 2085 καὶ
1937 2051 1971 2085 τί
1982 2051 2047 2096 γὰρ
2060 2048 2137 2085 ἀλλ’
2148 2049 2167 2094 ἦ
2181 2051 2295 2093 ξένους

1268 2105 1462 2151 εἰσάγοντος
1480 2106 1645 2149 δαίμονας.
1674 2106 1766 2150 χορῷ
1784 2104 1820 2138 δὲ
1838 2101 2006 2149 ἐχρήσατο
2025 2103 2190 2148 Νεφελῶν
2210 2104 2293 2147 πρὸς

1266 2157 1326 2202 τὴν
1351 2159 1411 2191 τοῦ
1437 2157 1555 2202 ἀνδρὸς
1581 2155 1787 2202 κατηγορίαν,
1813 2156 1866 2189 καὶ
1892 2155 1945 2189 διὰ
1969 2157 2067 2189 τοῦτο
2091 2153 2194 2189 οὕτως
2218 2155 2292 2188 ἐπε-

1266 2210 1392 2256 γράφη.
1421 2209 1527 2243 διτταὶ
1553 2209 1588 2243 δὲ
1612 2208 1771 2253 φέρονται
1798 2207 1962 2251 Νεφέλαι.
1991 2207 2023 2241 οἱ
2050 2206 2086 2241 δέ
2112 2204 2291 2252 κατηγορῆ-

1267 2275 1387 2297 σαντες
1404 2261 1596 2309 Σωκράτους
1611 2261 1765 2305 Μέλητος
1782 2258 1834 2294 καὶ
1845 2258 1998 2297 ''Anu-ros.

780 2748 996 2790 ΘΩΜΑ
1051 2748 1195 2788 ΤΟΎ
1252 2745 1711 2787 ΜΑΓῙΣΤΡΟὙ.

251 2882 392 2916 Ἀνυτος
404 2881 456 2915 καὶ
468 2880 622 2926 Μέλητος
633 2884 794 2929 Σωκράτει
805 2886 851 2932 τῷ
857 2883 1096 2931 Σωφρονίσκου
1105 2884 1235 2930 βασκή-

207 2947 320 2969 ναντες
343 2933 396 2967 καὶ
413 2933 513 2968 αὐτὸν
533 2934 578 2977 μὴ
601 2934 772 2978 δυνάμενοι
794 2936 931 2982 βλάψαι
949 2935 1106 2983 ἀργύριον
1128 2939 1236 2973 ἱκανὸν

206 2983 444 3029 Ἀριστοφάνει
462 2985 656 3025 δεδώκασιν,
671 2984 724 3020 ἵνα
737 2987 845 3030 δρᾶμα
862 2987 930 3022 κατ’
945 2989 1045 3023 αὐτοῦ
1059 2988 1234 3034 συστήση-

207 3049 271 3068 ται.
292 3033 345 3069 καὶ
358 3033 396 3070 ὃς
410 3035 562 3071 πεισθεὶς
573 3035 713 3081 γέροντά
725 3050 797 3069 τινα
809 3036 1018 3082 Στρεψιάδην
1034 3037 1238 3082 καλούμενον

207 3086 380 3121 ἐπλάσατο
397 3086 462 3123 ὑπὸ
474 3089 583 3132 χρεῶν
594 3087 797 3130 πιεζόμενον,
812 3086 833 3121 ἃ
850 3088 889 3131 δὴ
908 3088 1066 3131 ἀνηλώκει
1083 3091 1160 3135 περὶ
1177 3091 1237 3135 τὴν

206 3140 267 3172 τοῦ
287 3139 405 3173 παιδὸς
435 3138 651 3173 Φειδιππίδου
675 3139 912 3184 ἱπποτροφίαν.
940 3137 1027 3174 οὕτω
1050 3141 1087 3175 δὲ
1110 3140 1236 3176 τούτων

208 3189 363 3234 ἐχόντων,
378 3190 422 3234 μὴ
441 3191 528 3235 ἔχων
545 3191 564 3224 ὁ
581 3190 790 3235 Στρεψιάδης
802 3190 836 3224 τί
846 3189 980 3235 ποιήσει
992 3193 1068 3238 περὶ
1081 3193 1122 3226 τὰ
1138 3194 1232 3239 χρέα,

206 3240 404 3283 βουλεύεται
422 3243 651 3287 προσαγαγεῖν
667 3242 714 3289 τῷ
730 3243 893 3287 Σωκράτει
910 3243 968 3277 τὸν
985 3244 1102 3278 ἑαυτοῦ
1118 3245 1232 3283 παῖδα,

207 3290 260 3327 ἴνα
282 3292 359 3338 παρ’
384 3293 485 3327 αὐτοῦ
507 3293 566 3327 τὸν
588 3293 700 3327 ἄδικον
722 3292 809 3337 μάθῃ
833 3295 948 3340 λόγον,
971 3295 1024 3329 καὶ
1047 3293 1133 3330 οὕτω
1157 3296 1237 3331 τοὺς

208 3344 384 3380 δανειστὰς
404 3342 664 3390 άποκροῦσηται.
719 3345 932 3389 Φειδιππίδης
953 3346 1014 3391 μὲν
1032 3345 1102 3386 οὖν,
1121 3349 1235 3382 πολλὰ

207 3395 379 3439 δεηθέντος
404 3398 464 3430 τοῦ
490 3396 624 3442 πατρὸς,
651 3396 855 3441 προσελθεῖν
880 3397 939 3431 οὐκ
969 3398 1120 3442 ἐπείσθη.
1149 3399 1232 3434 ἀπο-

207 3447 319 3492 τυχὼν
336 3448 372 3482 δὲ
394 3449 413 3482 ὁ
434 3447 627 3494 πρεσβύτης
643 3449 702 3491 τῆς
725 3447 776 3482 ἐπ’
799 3448 923 3483 ἐκείνου
944 3449 1084 3486 ἐλπίδος
1106 3451 1158 3484 καὶ
1176 3450 1237 3486 οὐκ

207 3498 296 3543 ἔχων
312 3498 408 3535 ὅστις
430 3500 484 3534 καὶ
499 3499 644 3546 γένηται,
663 3499 710 3535 εἷς
731 3497 884 3545 δεύτερον
905 3497 972 3535 elac
993 3503 1112 3536 πλοῦν.
1140 3496 1253 3545 οὐδὲνΙ

203 3550 271 3598 γὰρ
304 3551 363 3595 τῆς
391 3549 520 3595 ἡλικίας
549 3551 738 3598 φροντίσας,
765 3550 835 3586 οὐδ’
866 3551 1054 3597 ἐνθυμηθεὶς
1084 3551 1116 3589 εἴ
1143 3547 1252 3589 τισινΙ

1273 2883 1395 2919 ἄτοπος
1412 2882 1537 2926 δόξειεν
1554 2879 1635 2926 ἀνὴρ
1653 2879 1707 2914 ἐπὶ
1723 2877 1846 2925 γήραος
1863 2877 1950 2926 οὐδῷ
1962 2876 2135 2923 μανθάνειν
2153 2874 2299 2921 καθάπερ

1273 2937 1388 2981 κομιδῆ
1419 2934 1492 2969 νέος
1517 2933 1711 2979 ἀρχόμενος,
1734 2929 1811 2965 ἀλλ’
1839 2929 1886 2966 εἷς
1912 2929 1947 2964 ἐν
1971 2929 2172 2976 άφεωρακὼς
2198 2930 2300 2973 μόνον

1274 2988 1387 3026 ἐκεῖνο,
1407 2987 1463 3020 ἐὰν
1483 2984 1547 3031 ἄρα
1568 2981 1638 3019 οἶός
1654 2997 1691 3017 τε
1706 2984 1838 3028 γένηται
1859 2981 1936 3018 τοὺς
1953 2981 2125 3016 δανειστὰς
2148 2981 2202 3015 διὰ
2224 2993 2299 3014 πει-

1273 3039 1351 3075 θοῦς
1374 3038 1601 3083 ἀποστερῆσαι
1621 3036 1664 3070 τὰ
1684 3033 1848 3081 χρήματα,
1868 3034 1966 3069 αὐτὸς
1987 3035 2147 3078 πρόσεισι
2165 3034 2211 3079 τῷ
2229 3037 2301 3065 Σω-

1273 3092 1394 3137 κράτει.
1423 3089 1482 3123 οὗκ
1508 3089 1595 3133 ἔχων
1617 3088 1654 3122 δὲ
1680 3087 1902 3132 ὑπηρετοῦντα
1924 3087 1965 3130 τῇ
1991 3083 2104 3128 νοήσει
2127 3085 2185 3118 τὸν
2211 3085 2300 3122 νοῦν,

1273 3143 1363 3177 ἀλλὰ
1379 3143 1529 3176 τοιοῦτος
1546 3139 1591 3173 ὧν
1612 3136 1662 3175 οἷς
1680 3138 1866 3182 ἐμάνθανεν,
1886 3134 1956 3172 οἷος
1979 3137 2031 3170 καὶ
2048 3136 2126 3181 πρὶν
2144 3137 2202 3179 τῆς
2222 3148 2299 3169 παι-

1273 3194 1361 3229 δείας
1378 3191 1542 3238 ἐφῆφθαι,
1556 3191 1663 3226 αὐτὸς
1679 3190 1740 3234 μὲν
1756 3190 1887 3235 ἀπέγνω
1904 3186 2131 3226 παιδεύεσθαι,
2149 3188 2299 3232 προσελ-

1274 3246 1340 3280 θὼν
1358 3245 1394 3279 δὲ
1407 3245 1454 3292 τῷ
1466 3244 1559 3279 παιδὶ
1573 3243 1626 3277 καὶ
1642 3241 1736 3278 αὖθις
1747 3243 1892 3277 πολλαῖς
1908 3240 2042 3275 πέπεικε
2055 3241 2125 3274 ταῖς
2143 3237 2301 3282 δεήσεσιν

1274 3297 1329 3332 ἕνα
1346 3300 1412 3331 τῶν
1429 3296 1621 3341 Σωκράτους
1641 3295 1806 3338 ὁμιλητῶν
1822 3292 1991 3338 γενέσθαι.
2019 3293 2038 3325 ὁ
2056 3291 2092 3325 δὲ
2114 3290 2167 3324 καὶ
2183 3289 2301 3336 γέγονε

1273 3349 1326 3383 καὶ
1346 3347 1523 3392 μεμάθηκε.
1553 3346 1750 3381 συνίσταται
1768 3345 1804 3380 δὲ
1821 3346 1859 3379 τὸ
1881 3345 1989 3390 δρᾶμα
2006 3343 2042 3376 ἐκ
2061 3343 2167 3387 χοροῦ
2185 3341 2298 3385 Νεφε-

1272 3403 1354 3435 λῶν.
1383 3400 1454 3444 ἔχει
1471 3399 1507 3433 δὲ
1525 3397 1722 3443 κατηγορίαν
1738 3399 1797 3431 τοῦ
1815 3396 2017 3442 Σωκράτους,
2032 3393 2083 3428 ὅτι
2100 3392 2179 3428 τοὺς
2196 3390 2301 3435 συνῆ-

1273 3452 1341 3487 θεις
1371 3451 1466 3486 θεοὺς
1499 3450 1598 3495 ἀφεὶς
1631 3449 1725 3483 καινὰ
1759 3449 1884 3493 ἐνόμιζε
1920 3447 2081 3490 δαιμόνια,
2112 3443 2213 3490 Ἀέρα
2247 3443 2299 3480 καὶ

1276 3502 1434 3549 Νεφέλας
1451 3502 1504 3537 καὶ
1520 3502 1562 3536 τὰ
1578 3503 1720 3536 τοιαῦτα.
