2488 3860
223 280 310 336 534

327 380 556 423 ἐκσκάλευσον
572 384 665 429 αὐτὸ,
685 381 766 435 κᾷτα
783 386 893 434 δεῖξον
909 387 1090 436 ἀφελοῦσά
1105 398 1177 435 μοι·

327 440 371 475 ὡς
389 441 448 475 τὸν
465 440 644 486 ὀφθαλμόν
660 442 700 488 γέ
716 456 782 486 μου
800 442 837 486 νὴ
856 444 914 478 τὸν
933 442 997 478 Δία
1009 445 1114 478 πάλαι
1132 444 1254 478 δάκνει.
1307 447 1362 476 ΛΑ

224 496 294 526 XO.
315 497 381 527 ΓΥ.
412 493 503 527 ἀλλὰ
537 494 652 540 δράσω
681 496 794 529 ταῦτα·
833 495 939 530 καίτοι
974 494 1142 531 δύσκολος
1172 495 1256 540 ἔφυς

377 543 471 590 ἀνήρ.
1175 560 1256 590 1030
1307 551 1362 580 XO

326 594 346 639 ἦ
365 595 450 643 μέγ’,
470 596 496 631 ὦ
514 599 588 637 Ζεῦ,
607 597 707 644 χρῆμ’
727 598 808 634 ἰδεῖν
824 600 883 643 τῆς
900 599 1038 644 ἐμπίδος
1055 599 1167 634 ἔνεστί
1186 613 1254 633 σοι.

328 648 391 694 οὐχ
411 650 512 695 ὁρᾷς;
541 649 601 684 οὐκ
619 650 715 695 ἐμπίς
732 651 826 686 ἐστιν
843 651 901 696 ἥδε
918 652 1142 698 Τρικορυσία;

226 705 296 735 XO.
312 705 378 735 ΓΕ.
399 700 436 745 νὴ
449 702 506 736 Δί’
517 701 647 745 ὤνησάς
659 702 700 749 γέ
710 702 757 748 μ’,
771 703 814 740 ὣς
824 705 929 739 πάλαι
939 704 979 750 γέ
991 703 1023 748 μ’
1038 701 1256 750 ἐφρεωρύχει,

329 752 410 787 ὥστ’
430 752 542 798 ἐπειδὴ
560 753 707 801 ’ξῃρέθη,
725 754 778 801 ῥεῖ
793 769 857 799 μου
875 756 914 790 τὸ
932 756 1074 802 δάκρυον
1091 754 1194 791 πολύ.
1306 759 1375 788 ΑΘ.

226 810 298 840 XO·
317 810 381 840 ΓΥ.
410 805 488 840 ἀλλ’
502 805 676 853 ἀποψήσω
691 806 724 842 σ’
739 807 817 852 ἐγὼ,
833 808 938 842 καίτοι
955 809 1041 843 πάνυ
1053 808 1196 853 πονηρὸς
1216 803 1256 846 εἶ,

329 858 382 892 καὶ
402 856 555 903 φιλήσω.
610 864 682 894 XO.
703 865 769 894 ΓΕ.
797 859 842 905 μὴ
860 859 1025 905 φιλήσῃς.
1182 862 1262 902 1036
1307 863 1364 891 XO

227 914 299 944 XO.
319 914 384 944 ΓΥ.
803 914 843 956 ἥν
860 927 896 946 τε
913 911 1023 956 βούλῃ
1041 909 1073 958 γ’
1091 913 1131 957 ἤν
1147 926 1184 946 τε
1201 910 1256 956 μή.

228 967 299 998 ΧΟ.
320 967 384 997 ΓΕ.
413 962 504 997 ἀλλὰ
537 963 581 1008 μὴ
618 962 721 1010 ὥρασ’
751 962 890 998 ἵκοισθ’·
930 965 974 1000 ὡς
1009 964 1087 998 ἐστὲ
1123 964 1263 999 θωπικαὶ
1307 967 1365 996 ΑΘ

381 1012 499 1060 φύσει,

332 1066 426 1101 κᾶστ’
446 1068 549 1103 ἐκεῖνο
567 1070 689 1104 τοῦπος
707 1067 814 1114 ὀρθῶς
831 1069 890 1103 κού
908 1071 1012 1104 κακῶς
1031 1068 1210 1114 εἰρημένον,

331 1121 409 1154 οὔτε
427 1119 491 1155 σὺν
507 1120 774 1167 πανωλέθροισιν
791 1120 860 1155 οὔτ’
877 1121 955 1155 ἄνευ
972 1120 1208 1166 πανωλέθρων.
1307 1123 1364 1153 XO

334 1171 425 1206 ἀλλὰ
438 1172 508 1207 νυνὶ
522 1173 706 1217 σπένδομαί
721 1187 788 1213 σοι,
801 1174 855 1207 καὶ
868 1174 906 1207 τὸ
919 1174 1041 1208 λοιπὸν
1054 1172 1163 1207 οὐκέτι
1185 1186 1264 1215 1040

911 1223 1090 1239 uuuuu

334 1225 410 1258 οὔτε
438 1224 553 1271 δράσω
582 1226 737 1272 φλαῦρον
767 1225 863 1260 οὐδὲν
888 1225 949 1259 ουθ
990 1226 1039 1270 υφ
1075 1228 1164 1269 υμῶν
1192 1226 1264 1260 πεί·
1307 1228 1379 1257 ΑΘ.

386 1290 502 1321 σομαι.
1307 1281 1377 1310 ΛΑ.

333 1328 424 1363 ἀλλὰ
442 1330 534 1374 κοινῇ
553 1329 779 1366 συσταλέντες
798 1331 857 1364 τοῦ
875 1329 1003 1375 μέλους
1021 1329 1210 1377 ἀρξώμεθα.

1366 467 1374 476 .
1408 442 1532 487 ἶίφατα.
1563 442 1595 476 τί
1612 456 1651 476 κα
1668 441 1762 489 λε’γοι
1779 456 1849 483 τιςς
1878 443 1954 479 ἀλλ’
1973 443 2040 480 ὅπα
2058 443 2151 480 σέλει

1369 987 1376 994 .
1404 962 1450 1006 μὰ
1468 961 1537 1001 Δί’,
1556 962 1647 996 ἀλλὰ
1663 964 1757 998 ταυτὶ
1774 964 1915 1009 δρῶντες
1932 963 2197 1010 ἐπιτετρίμμεθα.

1046 290 1506 335 ΑΡΙΣΤΟΦΑΝΟὙΣ

1410 391 1533 425 δεινῶς·
1563 386 1793 435 τεθερμῶσθαί
1808 405 1850 436 γε
1866 389 1980 437 χεῖρον
1995 389 2161 436 φαίνεται.

1407 496 1513 528 παντᾶ
1530 508 1579 530 τις
1597 495 1713 529 ἐλσὼν
1730 496 1806 539 ἁμὶν
1823 495 1953 542 εἰράναν
1971 497 2069 531 σέτω.

1369 571 1377 580 .
1397 551 1462 580 ΓΕ.
1492 547 1544 580 καὶ
1561 546 1625 590 μὴν
1642 548 1708 593 ὁρῶ
1725 562 1765 594 γε
1783 546 1905 582 τούσδε
1922 547 1999 584 τοὺς
2016 546 2221 593 αὐτόχθονας

1408 598 1523 644 ὥσπερ
1540 599 1730 635 παλαιστὰς
1747 599 1866 645 ἄνδρας
1883 600 1948 635 ἀπὸ
1965 603 2030 634 τῶν
2046 599 2221 646 γαστέρων

1409 649 1549 694 θαίμάτι’
1568 650 1852 688 ἀποστέλλοντας·
1881 652 1970 686 ὥστε
1985 651 2140 697 φαίνεται

1408 701 1586 745 ἀσκητικὸν
1602 704 1640 737 τὸ
1659 704 1771 749 χρῆμα
1787 706 1847 738 τοῦ
1865 703 2064 749 νοσήματος.

1406 753 1456 789 τίς
1474 754 1514 788 ἂν
1530 754 1675 799 φράσειε
1691 757 1757 790 ποῦ
1774 755 1863 790 ’στιν
1879 755 1899 800 ἡ
1917 757 2132 802 Λυσιστράτη
2146 768 2154 793 ;

1409 806 1453 841 ὡς
1471 805 1585 851 ἄνδρες
1602 806 1693 850 ἡμεῖς
1711 807 1815 842 οὑτοιὶ
1832 808 2000 843 τοιουτοιί.

1370 884 1377 891 .
1398 862 1465 892 ΓΕ.
1493 859 1598 903 χαῦτη
1617 858 1748 904 ξυνᾴδει
1765 860 1890 906 χάτέρα
1906 859 2007 904 ταύτῃ
2025 861 2137 896 νόσος.

1408 907 1428 953 ἦ
1447 924 1512 945 που
1528 911 1613 956 πρὸς
1630 909 1751 957 ὄρθρον
1769 912 1927 956 σπασμὸς
1944 911 2027 956 ὖμᾶς
2042 911 2206 957 λαμβάνει
2221 923 2229 952 ;

2258 706 2335 748 1085

2255 976 2335 1009 1090

1410 1013 1490 1048 ὥστ’
1509 1012 1541 1048 εἴ
1555 1028 1605 1050 τις
1621 1014 1705 1060 ἡμᾶς
1722 1014 1766 1060 μή
1784 1016 1959 1059 διαλλάξει
1975 1016 2073 1061 ταχὺ,

1410 1066 1468 1100 οὐκ
1486 1065 1563 1101 ἔσθ’
1581 1065 1671 1102 ὅπως
1688 1067 1727 1101 οὔ
1746 1066 1931 1112 Κλεισθένη
1947 1067 2143 1112 βινήσομεν.
2231 1106 2234 1108 ,

1370 1144 1378 1153 .
1398 1123 1464 1153 ΓΕ.
1494 1118 1523 1152 εἶ
1541 1119 1761 1165 σωφρονεῖτε,
1781 1119 1935 1164 θαίμάτια
1950 1118 2126 1166 λῆψεσθ’,
2146 1120 2234 1156 ὅπως

1409 1174 1474 1205 τῶν
1491 1171 1716 1216 ἑρμοκοπιδῶν
1732 1170 1776 1216 μή
1794 1186 1844 1208 τις
1857 1171 1940 1216 ὑμᾶς
1957 1171 2092 1218 ὄψεται.

1409 1222 1446 1267 νὴ
1465 1224 1523 1257 τὸν
1540 1222 1595 1257 Δί’
1615 1222 1652 1258 εὖ
1668 1223 1780 1268 μέντοι
1797 1223 1920 1270 λέγεις.

1946 1276 1998 1311 ναὶ
2014 1276 2061 1310 τὼ
2079 1277 2143 1311 σιὼ

1409 1328 1515 1362 παντᾶ
1535 1341 1589 1374 γα.
1613 1327 1697 1374 φέρε
1714 1329 1752 1363 rb
1770 1327 1871 1364 ἔσθος
1888 1328 2128 1373 ἀμβαλώμεθα.

2259 1235 2335 1270 ¹096

233 1385 304 1417 XO.
326 1386 390 1416 ΓΥ.
418 1381 458 1416 οὔ
474 1382 817 1428 παρασκευαζόμεσθα
1186 1397 1260 1428 στρ.
1307 1384 1378 1414 ΑΘ.
1407 1379 1432 1413 ὣ
1450 1379 1588 1424 χαίρετ’,
1609 1379 1634 1414 ὦ
1652 1382 1814 1416 Λάκωνες’
1841 1380 1970 1426 αἰσχρά
1985 1379 2016 1426 γ’
2035 1380 2212 1425 ἐπάθομεν.

334 1436 399 1469 τῶν
415 1435 564 1469 πολιτῶν
581 1433 699 1477 οὐδέν’,
707 1433 839 1481 ὦνδρες,
1307 1438 1376 1466 ΛΑ.
1410 1431 1436 1465 ὦ
1453 1431 1693 1476 πουλυχαρίδα,
1713 1431 1803 1466 δεινά
1819 1431 1880 1466 τᾶν
1896 1431 2126 1477 έπεπόνθεμες.

334 1487 489 1532 φλαῦρον
506 1485 609 1521 εἰπεῖν
626 1486 750 1521 οὖδεέν·
1408 1481 1444 1517 αἴ
1459 1481 1486 1516 κ’
1506 1480 1593 1517 εἶδον
1610 1483 1671 1527 ἀμέ
1690 1482 1830 1529 τῶνδρες
1846 1483 2166 1529 ἀναπεφλασμένως.

334 1538 426 1573 ἀλλὰ
442 1538 531 1574 πολὺ
549 1540 736 1583 τοῦμπαλιν
1188 1552 1262 1582 ¹045
1308 1540 1378 1570 Ae.
1406 1535 1467 1581 ἄγε
1484 1535 1536 1579 δὴ,
1556 1535 1716 1574 Λάκωνες,
1735 1534 1810 1569 αὔθ’
1831 1535 1954 1570 ἕκαστα
1970 1535 2036 1581 χρὴ
2054 1535 2178 1583 λέγειν.
2258 1548 2337 1572 noe

334 1590 428 1626 πάντ’
447 1590 556 1638 ἀγαθὰ
573 1591 627 1625 καὶ
643 1591 755 1634 λέγειν
1410 1587 1463 1622 ἐπὶ
1481 1588 1515 1622 τί
1530 1588 1678 1632 πάρεστε
1695 1588 1814 1633 δεῦρο;

336 1644 389 1678 καὶ
406 1643 498 1689 δρᾶν·
529 1643 622 1679 ἱκανὰ
637 1643 703 1690 γὰρ
721 1643 761 1677 τὰ
775 1643 856 1677 κακὰ
1308 1645 1377 1675 AA.
1852 1640 1929 1686 περὶ
1945 1639 2132 1686 διαλλαγᾶν

337 1696 390 1730 καὶ
406 1696 448 1730 τὰ
464 1695 695 1742 παρακείμενα.
1409 1692 1581 1738 πρέσβεις.

336 1747 413 1782 ἀλλ’
434 1747 670 1794 ἐπαγγελλέτω
1308 1749 1379 1779 ΑΘ.
1604 1746 1712 1780 καλῶς
1729 1743 1769 1789 δὴ
1786 1744 1915 1791 λέγετε·
1943 1741 2061 1790 χήμεῖς
2077 1745 2224 1789 τουτογί.

336 1802 402 1836 πᾶς
418 1799 500 1846 ἀνὴρ
517 1800 571 1834 καὶ
586 1800 681 1846 γυνὴ,
1191 1813 1270 1845 ¹050
1410 1796 1443 1830 τί
1458 1796 1498 1830 οὗ
1517 1798 1680 1841 καλοῦμεν
1697 1797 1779 1840 δῆτα
1795 1796 1855 1841 τὴν
1872 1798 2117 1843 Λυσιστράτην,

338 1850 370 1886 εἴ
384 1867 434 1888 τις
451 1851 643 1899 ἀργυρίδων
659 1853 725 1887 δεῖ·
1410 1847 1493 1894 ἥπερ
1511 1849 1721 1892 διαλλάξειεν
1737 1847 1822 1893 ἡμᾶς
1838 1848 1879 1883 ἂν
1895 1850 1977 1893 μόνη
1991 1862 1999 1889 ;

338 1918 392 1939 ται
409 1906 540 1947 λαβεῖν,
560 1906 642 1949 μνᾶς
659 1903 678 1949 ἢ
698 1903 737 1939 δι’]
771 1903 789 1949 ἢ
808 1906 906 1950 τρεῖς,
1308 1907 1377 1935 ΛΑ.
1411 1901 1463 1935 ναὶ
1480 1901 1525 1934 τὼ
1544 1901 1620 1941 σιὼ,
1640 1901 1699 1935 κᾶν
1715 1902 1808 1945 λῆτε,
1827 1902 1885 1936 τὸν
1902 1902 2148 1948 Λυσίστρατον.
2258 1913 2335 1948 1105

339 1956 440 1991 πόλλ’
459 1957 528 1991 ἔσω
546 1956 616 1991 ’στὶ
1306 1958 1375 1987 ΑΘ.
1414 1951 1489 1986 ἀλλ’
1509 1953 1604 1987 οὐδὲν
1619 1952 1714 1997 ἡμᾶς,
1733 1952 1778 1988 ὣς
1794 1952 1892 1991 ἔοικε,
1911 1951 1964 1986 δεῖ
1979 1954 2102 1987 καλεῖν·

338 2003 482 2053 κᾶχομεν
498 2007 697 2048 βαλλάντια.
1410 2005 1491 2049 αὐτὴ
1509 2005 1587 2051 γὰρ,
1607 2004 1651 2040 ὣς
1668 2005 1822 2049 ἤκουσεν,
1842 2002 1892 2047 ἥδ’
1912 2002 2094 2048 ἐξέρχεται.

339 2059 397 2094 κᾶν
413 2058 487 2094 ποτ’
507 2058 615 2105 εῖρὴνη
633 2059 735 2104 φανῇ,
1191 2068 1267 2099 1055
1308 2061 1379 2093 XO.
1410 2056 1512 2103 χαῖρ’,
1539 2055 1565 2090 ὦ
1590 2060 1710 2092 πασῶν
1733 2055 1956 2102 ἀνδρειοτάτη·
1985 2055 2037 2089 δεῖ
2063 2054 2103 2098 δὴ
2131 2052 2201 2088 νυνί
2223 2067 2265 2088 σε
2290 2066 2347 2096 γε·

340 2111 435 2147 ὅστις
453 2111 493 2146 ἂν
509 2111 580 2146 νυνὶ
596 2110 749 2154 δανείση-
1463 2108 1580 2144 νέσθαι

338 2178 392 2198 ται
409 2162 486 2210 παρ’
504 2162 606 2208 ἡμῶν,
1416 2161 1536 2206 δεινὴν,
1576 2160 1713 2207 ἀγαθὴν,
1751 2158 1897 2206 φαύλην,
1940 2159 2075 2204 σεμνὴν,
2112 2157 2246 2205 ἀγανὴν,
2284 2164 2303 2184 G
2327 2161 2348 2182 ⁶

339 2214 380 2251 ἂν
395 2217 487 2259 λάβῃ
504 2214 614 2260 μηκέτ’
633 2214 758 2262 ἀποδῷ.
1465 2211 1684 2259 πολύπειρον·
2287 2256 2290 2257 ⁷

341 2269 456 2303 ἑστιᾶν
474 2267 511 2302 δὲ
526 2267 697 2312 μέλλομεν
715 2266 768 2310 ξέ-
1418 2266 1463 2301 ὣς
1477 2266 1508 2299 οἶ
1521 2268 1648 2311 πρῶτοι
1667 2267 1732 2299 τῶν
1748 2263 1919 2308 Ἑλλήνων
1937 2264 1977 2308 τῇ
1996 2266 2040 2308 σῇ
2059 2262 2247 2308 ληφθέντες
2258 2258 2350 2306 {iim

341 2334 416 2355 νους
434 2320 524 2355 τινὰς
541 2318 762 2365 Καρυστίους,
781 2317 837 2353 ἄν·
1417 2318 1658 2364 συνεχώρησάν
1693 2331 1750 2351 σοι
1786 2317 1838 2351 καὶ
1877 2319 1967 2360 κοινῇ
2001 2314 2218 2362 τάγκλήματα
2254 2310 2348 2348 πάντ’

341 2373 420 2418 δρας
438 2370 560 2408 καλούς
577 2386 613 2405 τε
632 2369 806 2414 κάγαθούς.
1312 2407 1318 2411 ,
1466 2370 1667 2415 ἐπέτρεψαν.
2273 2378 2326 2400 111
2337 2378 2349 2400 ι

341 2424 458 2459 κᾶστιν
475 2423 520 2459 ἔτ’
539 2424 633 2459 ἔτνος
650 2438 694 2466 τι,
714 2424 766 2457 καὶ
1190 2424 1270 2456 1060
1315 2428 1379 2457 ΛΥ.
1412 2422 1489 2457 ἀλλ’
1509 2421 1586 2467 οὐχὶ
1603 2422 1754 2467 χαλεπὸν
1771 2422 1923 2466 τοῦργον,
1944 2420 1972 2455 εἷ
1989 2421 2093 2459 λάβοι
2109 2418 2150 2466 γε’
2168 2433 2218 2454 τις

342 2477 525 2521 δελφάκιον
540 2473 581 2518 ἦν
597 2474 631 2508 τί
646 2488 716 2519 μοι,
1416 2474 1583 2521 ὀργῶντας
1601 2472 1760 2518 ἀλλήλων
1777 2488 1813 2507 τε
1830 2474 1874 2517 μὴ
1891 2473 2157 2518 ’κπειρωμένους.

344 2528 396 2562 καὶ
414 2530 512 2562 τοῦτο
530 2526 654 2573 τέθυχ’,
675 2527 763 2561 ὥστε
782 2524 851 2572 κρέ’
870 2525 902 2560 ἕ·
1417 2527 1503 2572 τάχα
1522 2525 1550 2560 δ’
1571 2524 1703 2570 εἵσομαι
1720 2523 1791 2572 ’γὼ.
1819 2527 1886 2560 ποῦ
1903 2525 1992 2559 ’στιν
2008 2524 2028 2568 ἡ
2049 2521 2244 2569 Διαλλαγὴς

342 2579 441 2614 δεσθ“
460 2580 574 2615 ἁπαλὰ
591 2581 644 2614 καὶ
661 2580 759 2613 καλά.
1416 2581 1568 2625 πρόσαγε
1585 2579 1745 2620 λαβοῦσα
1762 2580 1877 2623 πρῶτα
1895 2577 1972 2613 τοὺς
1990 2575 2207 2618 Λακωνικοὺς,
2274 2588 2350 2620 1115

342 2631 427 2676 ἥκετ’
447 2630 506 2666 οὖν
523 2631 569 2668 εἷς
586 2631 667 2677 ἐμοῦ
1418 2632 1471 2665 καὶ
1488 2631 1532 2675 μὴ
1550 2631 1682 2675 χαλεπῇ
1702 2632 1742 2674 τῇ
1759 2630 1848 2675 χειρὶ
1866 2630 1941 2674 μηδ’
1958 2628 2130 2672 αὐθαδικῇ.

343 2683 494 2730 τήμερον·
522 2683 597 2731 πρῲ
613 2685 650 2719 δὲ
668 2683 733 2729 χρὴ
1195 2685 1270 2726 1065
1417 2683 1492 2727 μηδ’
1510 2683 1625 2727 ὥσπερ
1643 2681 1735 2726 ἡμῶν
1751 2682 1866 2727 ἄνδρες
1884 2681 2018 2726 ἀμαθῶς
2034 2679 2123 2715 τοῦτ’
2142 2679 2258 2725 ἔδρων,

343 2738 441 2770 τοῦτο
460 2736 541 2782 δρᾶν
556 2736 791 2781 λελουμένους,
810 2735 868 2770 αὖ·
1418 2734 1495 2769 ἀλλ’
1516 2735 1559 2770 ὣς
1576 2736 1732 2780 γυναῖκας
1749 2733 1847 2773 εἰκὸς,
1868 2733 1994 2769 οἰκείως
2010 2734 2109 2769 πάνυ.

343 2786 421 2823 τούς
437 2802 473 2822 τε
491 2788 545 2822 καὶ
563 2788 603 2822 τὰ
619 2787 740 2829 παιδί’,
760 2785 816 2822 εἶτ’
836 2785 882 2822 εἴ·
1418 2786 1458 2830 ἣν
1474 2788 1518 2832 μὴ
1537 2787 1617 2834 διδῷ
1633 2786 1693 2830 τὴν
1709 2788 1818 2832 χεῖρα,
1836 2787 1895 2829 τῆς
1912 2785 2019 2829 σάθης
2034 2785 2108 2829 ἂγε.

345 2853 396 2874 σω
413 2839 572 2882 βαδίζειν,
1418 2837 1466 2873 ἰ’θι
1485 2840 1537 2873 καὶ
1556 2838 1600 2873 σὺ
1618 2837 1757 2874 τούτους
1774 2838 1851 2873 τοὺς
1867 2837 2060 2881 Ἀθηναίους
2075 2836 2148 2883 ὅγε·
2276 2847 2354 2871 1120

344 2890 418 2936 μηδ’
437 2891 572 2938 ἐρέσθαι
589 2892 722 2936 μηδένα,
1423 2891 1462 2925 οὗ
1481 2891 1509 2926 δ’
1529 2890 1569 2925 ἂν
1586 2891 1718 2930 διδῶσι,
1738 2892 1891 2937 πρόσαγε
1909 2888 2047 2924 τούτους
2063 2887 2245 2932 λαβομένη-

345 2943 435 2978 ἀλλὰ
451 2946 572 2988 χωρεῖν
589 2943 750 2990 ἄντικρυς,
1421 2944 1536 2990 ἄνδρες
1555 2944 1715 2981 Λάκωνες,
1737 2943 1839 2986 στῆτε
1856 2941 1933 2988 παρ’
1951 2942 2010 2986 ἐμὲ
2026 2940 2186 2984 πλησίον,

343 2995 462 3041 ὥσπερ
479 2993 582 3030 οἴκαδ’
601 2995 648 3032 εἷς
665 2998 799 3035 ἑαυτῶν,
1194 3005 1274 3039 1070
1423 2995 1551 3030 ἐνθένδε
1570 2994 1603 3029 θ’
1623 2995 1725 3039 ὑμεῖς,
1745 2995 1798 3028 καὶ
1815 2995 1929 3041 λόγων
1945 2991 2122 3028 ἀκούσατε.

344 3050 510 3093 γεννικῶς,
529 3047 573 3083 ὣς
1426 3048 1490 3094 ἐγὼ
1507 3047 1589 3091 γυνὴ
1607 3048 1667 3091 μὲν
1686 3047 1762 3091 εἶμι,
1782 3049 1858 3082 νοῦς
1875 3046 1904 3081 δ’
1922 3045 2036 3080 ἔνεστί
2050 3052 2121 3090 μοι·

344 3098 366 3142 ἡ
385 3097 469 3145 θῦρα
487 3099 705 3134 κεκλείσεται.
1422 3100 1502 3143 αὐτὴ
1522 3098 1550 3133 δ’
1572 3100 1711 3143 ἐμαυτῆς
1729 3098 1768 3132 οὐ
1787 3101 1891 3133 κακῶς
1907 3099 2040 3144 γνώμης
2054 3097 2136 3142 ἔχω·
2278 3108 2353 3139 ¹¹25

245 3155 315 3187 XO.
335 3155 402 3187 ΓΕ.
430 3151 484 3186 καὶ
499 3150 564 3195 μὴν
575 3151 641 3186 ἀπὸ
659 3153 717 3196 τῆς
735 3152 884 3198 Σπάρτης
896 3152 963 3187 οἱδὶ
979 3152 1141 3198 πρέσβεις
1153 3150 1272 3186 ἕλκον·
1423 3151 1500 3187 τοὺς
1518 3151 1546 3186 δ’
1567 3152 1602 3185 ἐκ
1619 3152 1744 3196 πατρός
1762 3165 1798 3184 τε
1817 3151 1870 3184 καὶ
1885 3150 2086 3197 γεραιτέρων
2100 3149 2225 3193 λόγους

397 3215 452 3239 τες
469 3201 592 3246 ὑπὴνας
1273 3206 1275 3208 ’
1423 3203 1575 3239 πολλοὺς
1595 3202 1758 3237 ἀκούσασ’
1779 3203 1818 3236 οὐ
1835 3200 2052 3246 μεμούσωμαι
2069 3203 2186 3236 κακῶς.

342 3253 508 3301 χωροῦσ’,
535 3255 651 3300 ὥσπερ
678 3258 906 3301 χοιροκομεῖον
929 3258 1005 3301 περὶ
1025 3258 1095 3293 τοῖς
1118 3256 1274 3302 μηροῖσιν
1297 3262 1299 3268 '
1424 3257 1581 3297 λαβοῦσα
1600 3254 1628 3289 δ’
1648 3255 1731 3299 ὑμᾶς
1747 3254 1946 3299 λοιδορῆσαι
1963 3251 2132 3297 βούλομαι

398 3306 547 3351 ἔχοντες.
1427 3311 1517 3352 κοινῇ
1534 3307 1676 3346 δικαίως,
1697 3304 1729 3340 οἳ
1745 3307 1820 3351 μιᾶς
1837 3305 1875 3340 ἐκ
1894 3305 2051 3352 χέρνιβος

247 3362 317 3394 XO.
338 3355 457 3401 ἇνδρες
475 3358 625 3393 Λάκωνες
641 3361 758 3403 πρῶτα
775 3356 835 3402 μέν
849 3372 908 3402 μοι
924 3358 1069 3404 χαίρετε,
1425 3359 1559 3403 βωμοὺς
1576 3359 1851 3405 περιρραίνοντες,
1870 3358 1986 3403 ὥσπερ
2004 3357 2183 3403 ξυγγενεῖς.
2279 3368 2357 3399 1130

349 3408 406 3445 εἶτ’
426 3408 536 3445 εἴπαθ’
555 3409 632 3454 ἡμῖν
648 3412 718 3445 πῶς
735 3411 867 3454 ἔχοντες
885 3411 990 3453 ἥκετε.
1198 3422 1252 3454 107
1257 3423 1273 3454 5
1426 3411 1664 3456 Ὀλυμπίασιν,
1684 3411 1719 3445 ἐν
1736 3409 1877 3450 Πύλαις,
1896 3409 2191 3444 Πυθοῖ-πόσους

249 3467 318 3499 ΛΑ.
344 3462 379 3497 τί
393 3462 448 3497 δεῖ
462 3461 543 3497 ποθ’
559 3462 620 3507 ὑμὲ
637 3461 752 3497 πολλὰ
767 3461 943 3504 μυσίδδειν
957 3463 1019 3506 ἔπη
1035 3473 1045 3503 3
1429 3461 1548 3507 εἴποιμ’
1568 3463 1607 3497 ἂν
1625 3463 1762 3502 ἄλλους,
1783 3460 1814 3496 εἴ
1828 3477 1869 3507 με
1886 3460 2038 3506 μηκύνειν
2054 3459 2123 3495 δόσι
2133 3471 2200 3502 ;-

347 3514 432 3560 ὁρῆν
447 3514 513 3560 γὰρ
529 3512 646 3558 ἔξεσθ’
664 3512 711 3548 ὣς
725 3513 859 3558 ἔχοντες
873 3511 993 3557 ἵκομες.
1429 3514 1558 3561 ἐχθρῶν
1574 3516 1746 3560 παρόντων
1761 3515 1950 3560 βαρβάροις
1960 3509 2208 3559 στρατεύμασιν

247 3571 320 3606 XO.
339 3570 406 3603 m.
434 3565 552 3608 βαβαί·
583 3563 774 3612 νενεύρωται
790 3565 851 3610 μὲν
867 3564 925 3610 ἥδε
943 3566 1104 3613 συμφορὰ
1297 3563 1305 3601 Ι
1424 3566 1593 3612 ’Έλληνας
1610 3566 1730 3612 ἄνδρας
1747 3567 1801 3601 καὶ
1817 3567 1934 3602 πόλεις
1949 3565 2131 3601 ἀπόλλυτε.

2255 439 2336 479 1010
