2488 3860
154 1102 220 1132 BA..

145 1936 220 1967 AN.

144 2142 213 2171 BA.

145 2244 218 2275 AN.

145 2297 213 2326 BA.

147 2401 217 2431 ΔΝ.

146 2454 213 2483 ΒΛ.

145 2608 219 2638 ΑΝ.

146 2869 214 2899 ΒΛ.

145 3076 220 3107 ΑΝ.

145 3181 214 3211 BA.

147 3440 214 3470 BA.

938 261 1476 303 ΕΚΚΑΗΣΙΑΖΟὙΣΑῙ.

1231 365 1300 395 ΒΛ.

259 366 339 405 ἀλλ’
355 366 444 413 οὗχὶ,
462 363 657 412 Μυρωνίδης

260 420 308 456 ὅτ’
325 418 428 467 ἦρχεν
445 421 464 454 6
479 417 648 463 γεννάδας,

260 473 367 508 οὐδεὶς
383 471 424 506 ἂν
441 471 565 515 ἐτόλμα

258 526 300 560 τὰ
316 525 375 569 τῆς
390 524 521 559 πόλεως
538 522 620 556 διοι-

261 579 329 612 κεῖν
345 574 502 622 ἀργύριον
518 574 648 615 λαβών·

259 628 337 664 ἀλλ’
355 627 432 673 ἧκεν
449 626 590 661 ἕκαστος

260 681 296 716 ἐν
312 679 453 727 ἀσκιδίῳ
470 677 585 724 φέρων

257 734 345 768 πιεῖν
361 732 428 775 ἅμα
443 730 472 765 τ’
491 730 592 774 ἄρτον
608 728 647 762 ἂν

259 786 312 820 καὶ
329 784 414 830 πρὸς
431 781 492 818 δύο
506 783 661 829 κρομμύω

259 837 313 871 καὶ
329 837 418 883 τρεῖς
435 835 476 870 ἂν
493 834 608 869 ἐλάας.

257 889 327 924 νυνὶ
344 888 381 923 δὲ
398 887 588 932 τριώβολον

258 941 395 984 ζητοῦσι
411 940 532 980 λαβεῖν
548 936 628 971 ὅταν

255 992 431 1037 πράττωσί
446 1005 478 1025 τι
497 991 605 1024 κοινὸν
622 988 690 1023 ὥσ-

255 1059 319 1091 περ
335 1044 622 1089 πηλοφοροῦντες.
1124 1048 1187 1078 310

252 1097 287 1132 τί
303 1098 342 1131 τὸ
358 1098 516 1143 πρᾶγμα;
553 1095 614 1129 ποῖ
627 1091 708 1128 ποθ’
727 1090 746 1136 ἦ
764 1089 846 1137 γυνὴ
864 1087 996 1136 φρούδη
1013 1086 1084 1122 ’στί
1105 1101 1183 1132 μοι;

258 1149 330 1184 ἐπεὶ
346 1149 431 1194 πρὸς
448 1147 491 1182 ἕω
509 1149 567 1181 νῦν
582 1145 615 1190 γ’
634 1146 739 1184 ἔστιν,
759 1143 778 1187 ἡ
797 1142 825 1178 δ’
845 1142 884 1176 οὐ
902 1141 1068 1187 φαίνεται.

255 1202 322 1243 ἐγὼ
339 1201 376 1235 δὲ
394 1201 583 1243 κατάκειμαι
600 1199 706 1232 πάλαι
722 1196 894 1242 χεζητιῶν,

255 1255 314 1289 τὰς
331 1253 478 1297 ἐμβάδας
495 1253 599 1295 ζητῶν
616 1251 735 1291 λαβεῖν
753 1248 788 1281 ἐν
804 1249 851 1294 τῷ
870 1246 980 1292 σκότῳ

256 1307 308 1340 καὶ
327 1304 511 1349 θοίμάτιον·
539 1302 595 1337 ὅτε
613 1302 652 1346 δὴ
671 1301 699 1335 δ’
719 1300 822 1334 ἐκεῖνο
839 1298 1015 1345 ψηλαφῶν

253 1359 313 1393 οὐκ
331 1357 491 1400 ἐδυνάμην
508 1355 626 1400 εὑρεῖν,
645 1356 664 1388 6
683 1352 711 1388 δ’
730 1352 791 1396 ἤδη
810 1350 870 1395 τὴν
887 1349 989 1395 θύραν

255 1411 369 1455 ἐπεῖχε
386 1407 513 1455 κρούων
530 1409 548 1442 6
568 1407 752 1451 κοπρεαῖος,
770 1403 933 1447 λαμβάνω

255 1462 349 1498 τουτὶ
365 1462 404 1495 τὸ
422 1462 480 1504 τῆς
495 1460 649 1507 γυναικὸς
666 1455 922 1501 ἡμιδιπλοίδιον,

254 1515 307 1549 καὶ
324 1514 383 1548 τὰς
401 1512 523 1555 ἐκείνης
539 1510 710 1556 Περσικὰς
726 1507 927 1553 ὑφέλκομαι.

251 1565 329 1601 ἀλλ’
349 1565 384 1600 ἐν
401 1564 533 1612 καθαρῷ
548 1565 614 1599 ποῦ
631 1564 698 1597 ποῦ
714 1575 765 1596 τις
783 1560 823 1594 ἂν
839 1559 947 1604 χέσας
964 1555 1059 1603 τύχοι
1073 1569 1083 1593 2
1119 1569 1182 1600 320

251 1617 272 1663 ἦ
290 1619 462 1660 πανταχοῦ
479 1630 531 1651 τοι
549 1616 664 1650 νυκτός
681 1614 776 1648 ἐστιν
794 1612 830 1646 ἐν
847 1613 961 1658 καλῷς

251 1670 291 1705 οὗ
308 1671 373 1715 γάρ
390 1683 432 1714 με
449 1671 507 1703 νῦν
523 1668 663 1714 χέζοντά
679 1665 711 1712 γ’
730 1664 839 1700 οὐδεὶς
856 1662 991 1709 ὄψεται.

250 1720 340 1767 οἶμοι
357 1720 575 1765 κακοδαίμων,
594 1719 646 1754 ὅτι
661 1719 770 1765 γέρων
787 1716 832 1751 ὣν
849 1713 975 1760 ἧγόμην

1125 528 1185 559 305

1125 1309 1184 1340 3¹5

237 1773 395 1821 >γυναῖχ’·
423 1772 508 1809 ὅσας
525 1769 588 1817 εἶμ’
605 1771 699 1815 ἄξιος
715 1769 849 1814 πληγὰς
864 1767 996 1809 λαβεῖν.

251 1827 291 1861 οὗ
307 1827 373 1873 γάρ
388 1824 469 1860 ποθ’
489 1825 580 1871 ὑγιὲς
595 1824 693 1858 οὐδὲν
710 1820 913 1866 ἐξελήλυθεν

251 1877 429 1925 δράσουσ’.
458 1876 547 1921 ὅμως
564 1875 593 1911 δ’
612 1874 671 1910 οὖν
688 1876 782 1910 ἐστιν
799 1871 1040 1915 ἀποπατητέον.

247 1930 298 1967 τίς
315 1930 430 1969 ε’στιν;
458 1929 498 1963 οὗ
516 1927 622 1973 δήπου
640 1927 812 1972 Βλέπυρος
829 1927 848 1960 6
865 1927 1015 1971 γειτνιῶν

247 1979 285 2023 νὴ
302 1979 361 2013 τὸν
378 1978 434 2013 Δί’
451 1978 550 2013 αὐτὸς
567 1974 637 2022 δῆτ’
655 1976 788 2011 ἐκεῖνος.
817 1973 890 2008 εἶπέ
905 1986 975 2016 μοι,

247 2031 281 2065 τί
296 2031 396 2065 τοῦτό
413 2043 471 2064 σοι
487 2031 526 2064 τὸ
543 2029 670 2074 πυρρόν
687 2027 802 2066 ἐστιν;
830 2027 871 2059 οὔ
887 2024 921 2059 τί
936 2036 1002 2059 που

246 2082 406 2127 Κινησίας
424 2096 489 2116 σου
507 2078 758 2123 κατατετίληκέν
773 2077 900 2117 ποθεν;

246 2134 318 2173 οὒκ,
337 2134 428 2168 ἀλλὰ
444 2134 502 2177 τῆς
517 2133 671 2180 γυναικὸς
690 2129 878 2175 ἐξελήλυθα

245 2187 284 2220 τὸ
303 2185 516 2231 κροκωτίδιον
532 2185 794 2229 ἀμπισχόμενος,
814 2180 997 2216 οὑνδύεται.

246 2239 285 2273 τὸ
303 2237 332 2273 δ’
351 2238 479 2283 ἱμάτιόν
497 2251 562 2272 σου
578 2238 645 2272 ποῦ
661 2235 774 2275 ’στιν;

779 2286 839 2321 οὐκ
856 2286 924 2331 ἔχω
942 2285 1087 2330 φράσαι.

249 2343 353 2386 ζητῶν
368 2342 435 2388 γᾶρ
451 2339 522 2376 αὕτ’
540 2341 605 2386 οὐχ
622 2339 720 2386 εὗρον
736 2339 773 2374 ἐν
788 2340 859 2374 τοῖς
877 2338 1085 2383 στρώμασιν.

245 2392 303 2429 εἶτ’
321 2394 398 2428 οὐδὲ
415 2393 475 2438 τὴν
489 2392 615 2440 γυναῖκ’
634 2391 814 2427 ἐκέλευσάς
832 2404 890 2425 σοι
907 2389 1040 2434 φράσαι
1054 2399 1063 2427 ;

244 2447 292 2492 μὰ
307 2447 367 2480 τὸν
384 2445 455 2480 Δί’·
483 2445 523 2480 οὗ
539 2445 605 2492 γὰρ
622 2445 717 2479 ἔνδον
733 2442 822 2478 οὖσα
837 2442 1006 2488 τυγχάνει,

245 2497 325 2533 ἀλλ’
344 2496 579 2545 ἐκτετρύπηκεν
594 2496 750 2531 λαθοῦσά
766 2495 800 2540 μ’
819 2493 964 2529 ἔνδοθεν·

247 2550 266 2585 ὃ
284 2551 338 2584 καὶ
355 2550 486 2584 δέδοικα
502 2547 547 2594 μή
565 2563 598 2583 τι
616 2549 679 2595 δρᾷ
695 2549 867 2594 νεώτερον.

247 2603 286 2647 νὴ
304 2603 362 2636 τὸν
378 2602 547 2644 Ποσειδῶ,
566 2601 670 2635 ταύτὰ
686 2600 797 2634 τοίνυν
813 2598 964 2644 ἄντικρυς

247 2654 321 2699 ἐμοὶ
337 2653 517 2690 πέπονθας.
545 2653 598 2687 καὶ
615 2653 680 2699 γὰρ
697 2649 720 2697 ᾖ
737 2650 860 2695 ξύνειμ’
879 2650 945 2697 ἐγὼ

247 2704 379 2753 φρούδη
396 2704 475 2745 ’στ’,
495 2707 624 2751 ἔχουσα
641 2704 811 2748 θοίμάτιον
828 2703 918 2749 οὑγὼ
933 2701 1087 2748 ’φόρουν.

247 2758 307 2793 κοῦ
324 2760 423 2792 τοῦτο
440 2759 542 2792 λυπεῖ
556 2756 603 2802 μ’,
622 2757 714 2791 ἀλλὰ
731 2755 785 2790 καὶ
801 2755 861 2790 τὰς
879 2754 1038 2799 ἐμβάδας.

247 2812 366 2845 οὔκουν
382 2811 501 2851 λαβεῖν
517 2808 549 2856 γ’
568 2809 668 2844 αὐτὰς
686 2808 847 2852 ἐδυνάμην
863 2806 1023 2851 ούδαμοῦ.

245 2863 292 2908 μὰ
308 2862 367 2896 τὸν
384 2863 560 2900 Διόνυσον,
580 2860 649 2895 οὐδ’
668 2860 734 2907 ἐγὼ
750 2860 816 2906 γὰρ
833 2859 892 2894 τὰς
909 2858 989 2903 ἐμὰς

248 2914 447 2954 Λακωνικὰς,
466 2912 544 2948 ἀλλ’
563 2914 608 2948 ὣς
624 2913 744 2957 ἔτυχον
759 2912 930 2957 χεζητιῶν,

246 2967 281 3003 ἐς
298 2966 346 3000 τὼ
363 2965 510 3012 κοθόρνω
527 2966 574 2999 τὼ
590 2964 665 2999 πόδ’
684 2963 788 2999 ἐνθεὶς
804 2961 904 3008 ἵεμαι,

246 3017 300 3053 ἵνα
315 3018 360 3063 μὴ
378 3016 546 3064 ’γχέσαιμ’
565 3017 599 3053 ἐς
615 3016 676 3061 τὴν
694 3014 850 3062 σισύραν·
880 3014 970 3060 φανὴ
987 3015 1052 3061 γὰρ
1069 3012 1122 3058 ἦν.

247 3071 282 3105 τί
298 3069 366 3114 δῆτ’
386 3070 426 3104 ἂν
444 3067 492 3113 εἴη
507 3082 516 3109 ;
545 3073 615 3113 μῶν
632 3068 682 3104 ἐπ’
701 3067 841 3114 ἄριστον
856 3067 938 3114 γυνὴ

248 3123 404 3166 κέκληκεν
420 3121 521 3166 αὐτὴν
537 3125 603 3155 τῶν
620 3121 754 3166 φίλων;

781 3173 914 3218 γνώμην
929 3170 962 3218 γ’
981 3169 1073 3216 ἐμήν·

248 3228 368 3262 οὔκουν
383 3225 511 3272 πονηρά
527 3224 559 3271 γ’
579 3224 672 3259 ἐστὶν
689 3222 709 3258 ὅ
726 3238 758 3258 τι
776 3223 849 3268 κᾶμ’
868 3223 1000 3258 εἰδέναι.

248 3279 340 3314 ἀλλὰ
358 3278 403 3313 σὺ
419 3278 480 3322 μὲν
498 3277 625 3322 ἱμονιάν
640 3275 700 3311 τιν’
719 3276 910 3311 ἀποπατεῖς·
941 3276 1013 3320 ἐμοὶ
1030 3274 1059 3310 δ’

249 3331 320 3377 ὥρα
336 3331 485 3373 βαδίζειν
503 3329 597 3363 ἐστὶν
614 3328 661 3364 εἷς
679 3328 869 3372 ἐκκλησίαν,

247 3384 350 3429 ἤνπερ
367 3383 465 3424 λάβω
483 3381 664 3425 θοίμάτιον,
682 3379 764 3426 ὅπερ
781 3378 821 3423 ἦν
837 3394 894 3423 μοι
910 3381 1024 3423 μόνον.

247 3433 382 3481 κᾶγωγ’,
402 3433 534 3469 ἐπειδὰν
550 3431 770 3476 ἀποπατήσω·
798 3433 856 3466 νῦν
873 3432 911 3466 δέ
925 3446 990 3476 μου

249 3485 356 3532 ἀχράς
372 3499 423 3521 τις
440 3483 635 3531 ἐγκλείσασ’
653 3484 725 3529 ἔχει
742 3484 784 3518 τὰ
803 3483 905 3518 σιτία.

1122 1832 1183 1865 325

1118 2085 1181 2116 330

1117 2398 1177 2430 335

1116 2662 1179 2692 340

1116 2923 1176 2954 345

1116 3236 1179 3267 350

150 3542 225 3574 AN.
250 3540 322 3582 μῶν
338 3535 378 3583 ἣν
395 3537 643 3583 Θρασύβουλος
659 3532 731 3572 εἷπε
748 3537 818 3572 τοῖς
837 3537 1034 3571 Λακωνικοῖς
1049 3550 1058 3576 ;

1228 1145 1295 1175 XP.

1229 1199 1295 1227 BA.

1227 1301 1294 1331 XP.

1228 1354 1296 1383 BA.

1228 1666 1295 1697 BA.

1227 1719 1293 1749 XP.

1227 1876 1294 1906 BA.

1227 1928 1294 1958 XP.

1204 2213 1207 2226 Δ
1222 2237 1288 2266 BA.

1222 2289 1287 2318 XP.

1220 2445 1287 2475 BA.

1218 2706 1284 2735 XP.

1215 3225 1281 3256 BA.

2185 261 2270 301 569

1332 359 1370 403 νὴ
1388 360 1447 394 τὸν
1464 359 1641 398 Διόνυσον,
1661 358 1807 404 ἐνέχεται
1823 360 1907 406 γοῦν
1921 372 1980 404 μοι
1997 357 2150 405 σφόδρα.

1333 411 1418 457 ἀτὰρ
1434 411 1469 445 τί
1485 411 1601 456 δράσω
1616 423 1626 451 ;
1655 412 1709 446 καὶ
1724 411 1790 457 γὰρ
1808 411 1884 446 οὐδὲ
1902 413 2002 446 τοῦτό
2018 426 2062 456 με

1332 465 1434 508 μόνον
1450 464 1489 497 τὸ
1506 464 1637 497 λυποῦν
1654 463 1759 502 ἐστιν,
1778 463 1858 498 ἀλλ’
1875 462 1954 498 ὅταν
1971 464 2085 509 φάγω,

1332 514 1411 550 ὅποι
1426 515 1593 557 βαδιεῖταί
1608 529 1665 559 μοι
1682 516 1721 550 τὸ
1738 517 1858 551 λοιπὸν
1875 516 1895 560 ἡ
1913 517 2047 562 κόπρος.

1334 569 1391 601 νῦν
1406 567 1468 611 μὲν
1483 567 1550 613 γὰρ
1568 565 1665 602 οὗτος
1681 569 1900 609 βεβαλάνωκε
1916 567 1975 613 τὴν
1993 566 2107 613 θύραν,

1333 619 1428 654 ὅστις
1443 618 1517 664 ποτ’
1537 617 1608 653 ἔστ’
1626 618 1810 665 ἅνθρωπος,
1830 618 2067 666 ἁχραδούσιος.

1332 671 1382 706 τίς
1399 671 1440 705 ἂν
1457 669 1516 704 οὖν
1534 670 1646 716 ἶατρόν
1662 685 1719 715 μοι
1735 672 1896 716 μετέλθοι
1915 673 1967 706 καὶ
1984 671 2056 706 τίνα
2071 685 2080 711 ;

1333 723 1384 759 τίς
1400 726 1466 756 τῶν
1484 724 1725 768 καταπρώκτων
1743 724 1848 759 δεινός
1866 724 1940 758 ἐστι
1958 723 2018 767 τὴν
2034 725 2177 769 τέχνην;

1331 773 1383 821 ἆρ’
1402 771 1463 809 οἷδ’
1481 773 1632 819 Ἀμύνων
1646 787 1656 815 ;
1684 775 1763 809 ἀλλ’
1781 774 1866 811 ἴσως
1883 775 2074 822 ἀρνήσεται.

1332 825 1527 871 Ἀντισθένη
1545 841 1595 862 τις
1613 828 1789 862 καλεσάτω
1806 829 1900 872 πάσῃ
1919 829 2032 873 τέχνῃ.

1332 877 1431 915 οὗτος
1446 879 1512 926 γὰρ
1529 879 1612 925 ἁνὴρ
1631 878 1724 914 ἕνεκά
1740 895 1780 926 γε
1799 881 2035 926 στεναγμάτων

1332 927 1422 966 οἶδεν
1437 932 1472 966 τί
1487 932 1640 976 πρωκτὸς
1656 930 1818 974 βούλεται
1834 933 2006 977 χεζητιῶν.

1331 982 1358 1017 ὦ
1375 982 1479 1018 πότνι’
1498 982 1681 1023 Εἶλείθυια,
1699 983 1744 1028 μή
1762 999 1805 1028 με
1821 985 1971 1030 περιίδῃς

1332 1035 1550 1083 διαρραγέντα
1566 1036 1649 1080 μηδὲ
1666 1037 1960 1081 βεβαλανωμένον,

1329 1085 1383 1122 ἵνα
1398 1087 1443 1133 μὴ
1460 1087 1605 1134 γένωμαι
1623 1089 1793 1135 σκωραμὶς
1810 1087 1995 1137 κωμῳδική.

1327 1139 1436 1180 οὗτος,
1455 1140 1490 1175 τί
1504 1142 1609 1176 ποιεῖς
1623 1153 1633 1180 ;
1662 1142 1703 1175 οὔ
1719 1141 1754 1176 τί
1769 1156 1835 1176 που
1851 1142 1960 1187 χέζεις
1975 1155 1984 1182 ;

2019 1194 2109 1239 ‘'ss-'²³

1328 1244 1368 1279 οὔ
1386 1243 1455 1289 δῆτ’
1472 1245 1523 1279 ἔτι
1538 1259 1578 1291 γε
1595 1245 1642 1290 μὰ
1658 1246 1717 1280 τὸν
1735 1245 1805 1285 Δί’,
1824 1244 1902 1280 ἀλλ’
1921 1245 2099 1289 ἀνίσταμαι
2113 1258 2123 1286 ;

1328 1297 1367 1331 τὸ
1384 1298 1443 1341 τῆς
1458 1298 1612 1344 γυναικὸς
1630 1295 1659 1332 δ’
1676 1298 1819 1344 ἀμπέχει
1835 1299 1991 1343 χιτώνιον
2004 1312 2014 1339 ;

1329 1350 1365 1384 ἐν
1381 1352 1428 1397 τῷ
1447 1351 1558 1397 σκότῳ
1575 1349 1641 1396 γὰρ
1658 1348 1749 1384 τοῦτ’
1768 1351 1890 1396 ἔτυχον
1906 1351 2002 1386 ἔνδον
2018 1351 2147 1392 λαβών.

1329 1401 1413 1447 ἀτὰρ
1429 1401 1533 1436 πόθεν
1549 1402 1638 1446 ἥκεις
1656 1402 1771 1443 ἐτεόν;
1824 1408 1893 1438 XP.
1922 1403 1960 1447 ἐξ
1978 1403 2170 1447 ἐκκλησίας.

2203 518 2266 557 360

2203 779 2263 820 365

2202 1365 2261 1397 375

1287 1478 1297 1487 .
1329 1454 1392 1498 ἤδη
1409 1454 1548 1489 λέλυται
1565 1455 1652 1500 γάρ;

1665 1506 1703 1551 νὴ
1722 1506 1791 1548 Δί’,
1810 1506 1946 1553 ὄρθριον
1961 1510 2022 1552 μὲν
2039 1506 2110 1543 οὖν.

1330 1558 1384 1593 καὶ
1401 1558 1484 1603 δῆτα
1499 1558 1608 1594 πολὺν
1625 1558 1645 1603 ἦ
1662 1559 1793 1604 μίλτος,
1813 1559 1840 1594 ὦ
1857 1563 1920 1594 Ζεῦ
1938 1560 2096 1606 φίλτατε,

1329 1610 1440 1656 γέλων
1455 1611 1639 1657 παρέσχεν,
1659 1610 1698 1656 ἣν
1714 1613 1959 1658 προσέρραινον
1977 1611 2099 1661 κύκλῳ.

1328 1663 1367 1697 τὸ
1384 1664 1573 1709 τριώβολον
1591 1662 1660 1708 δῆτ’
1679 1664 1824 1706 ἔλαβες;

1834 1716 1864 1751 εἶ
1880 1717 1946 1763 γὰρ
1964 1716 2111 1763 ὤφελον.

1332 1766 1412 1801 ἀλλ’
1430 1765 1573 1813 ὕστερος
1590 1770 1648 1803 νῦν
1664 1766 1782 1811 ἦλθον,
1802 1768 1883 1803 ὥστ’
1902 1769 2115 1815 αἰσχύνομαι,

1328 1819 1375 1863 μὰ
1392 1820 1450 1854 τὸν
1466 1819 1523 1854 Δί’
1541 1820 1638 1854 οὐδὲν
1654 1821 1741 1855 ἄλλο
1758 1820 1791 1867 γ’
1809 1820 1829 1865 ἢ
1847 1823 1905 1856 τὸν
1923 1820 2079 1858 θύλακον.

1326 1871 1365 1905 τὸ
1383 1870 1412 1906 δ’
1430 1869 1535 1907 αἴτιον
1552 1872 1586 1906 τί
1598 1885 1609 1912 ;

1621 1926 1785 1961 πλεῖστος
1802 1925 1983 1972 ἀνθρώπων
2001 1926 2118 1972 ὄχλος,

1326 1971 1408 2008 ὅσος
1426 1973 1630 2009 οὐδεπώποτ’
1650 1973 1730 2017 ἦλθ’
1749 1975 1870 2021 ἀθρόος
1888 1976 1922 2011 ἐς
1939 1977 1998 2020 τὴν
2014 1976 2132 2012 πύκνα.

1325 2024 1378 2058 καὶ
1396 2025 1480 2069 δῆτα
1496 2027 1622 2062 πάντας
1641 2029 1860 2071 σκυτοτόμοις
1876 2025 2038 2072 ᾐκάζομεν

1323 2077 1466 2122 ὁρῶντες
1483 2077 1617 2114 αὐτούς.
1646 2079 1685 2112 οὐ
1702 2079 1767 2124 γὰρ
1785 2079 1864 2113 ἀλλ’
1883 2080 2063 2126 ὑπερφυῶς

1325 2128 1369 2163 ὣς
1386 2129 1620 2174 λευκοπληθὴς
1636 2129 1677 2174 ἦν
1695 2130 1776 2165 ἷδεῖν
1792 2130 1971 2175 ἡκκλησία·

1324 2180 1405 2214 ὥστ’
1425 2181 1484 2215 οὐκ
1502 2183 1635 2224 ἔλαβον
1652 2182 1720 2216 οὔτ’
1739 2183 1837 2219 αὐτὸς
1855 2183 1923 2218 οὔτ’
1942 2185 2044 2219 ἄλλοι
2063 2186 2195 2231 συχνοί.

1322 2232 1391 2267 οὐδ’
1409 2232 1461 2279 ἄρ’
1480 2234 1521 2268 ἂν
1538 2234 1604 2281 ἐγὼ
1621 2235 1762 2279 λάβοιμι
1780 2237 1837 2270 νῦν
1856 2236 1874 2270 ἐ
1878 2235 1991 2277 λθών;

2026 2289 2129 2324 πόθεν
2143 2302 2153 2330 ;

1322 2336 1392 2371 οὐδ’
1411 2337 1441 2371 εἷ
1457 2338 1504 2382 μὰ
1522 2338 1586 2372 Δία
1603 2337 1672 2372 τότ’
1690 2337 1804 2381 ἦλθες,
1824 2338 1881 2374 ὅτε
1897 2340 1938 2375 τὸ
1957 2339 2111 2387 δεύτερον

1322 2390 1514 2435 ἁλεκτρυὼν
1531 2389 1722 2437 ἐφθέγγετ’.

1739 2441 1828 2487 οἴμοι
1846 2444 2002 2481 δείλαιος.

1321 2491 1503 2539 Ἀντίλοχ’,
1523 2494 1715 2539 ἀποίμωξόν
1731 2510 1774 2540 με
1791 2498 1851 2530 τοῦ
1870 2499 2062 2543 τριωβόλου

1321 2546 1380 2579 τὸν
1397 2546 1504 2588 ζῶντα
1521 2548 1665 2590 μᾶλλον.
1694 2547 1782 2591 τάμὰ
1798 2549 1864 2594 γὰρ
1884 2550 2057 2594 διοίχεται.

1320 2597 1403 2643 ἀτὰρ
1421 2597 1455 2632 τί
1471 2599 1510 2632 τὸ
1527 2598 1652 2645 πρᾶγμ’
1670 2597 1722 2642 ἦν,
1742 2598 1794 2633 ὅτι
1810 2603 1976 2636 τοσοῦτον
1992 2602 2092 2648 χρῆμ’
2112 2602 2219 2648 ὄχλου

1321 2647 1427 2685 οὕτως
1444 2650 1479 2685 ἐν
1497 2651 1567 2695 ὥρᾳ
1584 2651 1745 2697 ξυνελέγη
1761 2664 1771 2692 ;
2190 2670 2230 2699 39
2234 2669 2250 2701 5

1796 2703 1830 2738 τί
1847 2702 1878 2739 δ’
1897 2705 1986 2740 ἄλλο
2003 2705 2035 2753 γ’
2054 2705 2073 2751 ἢ

1322 2753 1419 2797 ἔδοξε
1436 2756 1506 2790 τοῖς
1522 2755 1706 2800 πρυτάνεσι
1722 2755 1799 2802 περὶ
1817 2758 1983 2802 σωτηρίας

1318 2807 1451 2851 γνώμας
1468 2806 1612 2841 καθεῖναι
1629 2808 1688 2852 τῆς
1704 2809 1856 2849 πόλεως;
1886 2806 1954 2855 κᾷτ’
1973 2810 2094 2846 εὐθέως

1318 2861 1450 2903 πρῶτος
1467 2859 1670 2903 Νεοκλείδης
1687 2861 1705 2893 6
1722 2862 1861 2905 γλάμων
1877 2863 2116 2908 παρείρπυσεν.

1319 2909 1449 2944 κᾶπειθ’
1469 2912 1488 2944 ὁ
1506 2911 1609 2955 δῆμος
1626 2911 1754 2957 ἀναβοᾷ
1770 2914 1881 2948 πόσον
1898 2914 2016 2955 δοκεῖς,

1318 2961 1357 2995 οὐ
1376 2961 1466 2996 δεινὰ
1483 2964 1611 3007 τολμᾶν
1628 2965 1759 2998 τουτονὶ
1777 2964 1987 3012 δημηγορεῖν,

1317 3013 1371 3047 καὶ
1388 3017 1492 3048 ταῦτα
1508 3015 1585 3061 περὶ
1603 3016 1770 3061 σωτηρίας
1786 3017 2015 3062 προκειμένου,

1317 3063 1355 3100 ὃς
1372 3065 1470 3100 αὐτὸς
1487 3066 1575 3114 αὑτῷ
1590 3067 1774 3114 βλεφαρίδ’
1793 3069 1852 3102 οὐκ
1871 3070 2025 3105 ἐσώσατο
2039 3083 2048 3110 ;

1317 3118 1336 3150 6
1355 3115 1384 3151 δ’
1402 3116 1594 3159 ἀναβοήσας
1611 3119 1665 3154 καὶ
1681 3121 1895 3167 περιβλέψας
1913 3122 1991 3167 ἔφη·

1316 3168 1351 3203 τί
1367 3169 1422 3204 δαί
1436 3167 1470 3214 μ’
1489 3168 1590 3215 ἐχρῆν
1607 3171 1710 3217 δρᾶν;
1774 3196 1786 3202 2

1747 3224 1881 3271 σκόροδ’
1900 3228 1984 3270 ὁμοῦ
2001 3226 2156 3272 τρίψαντ’
2174 3227 2245 3275 ὀπῷ

1316 3270 1524 3317 τιθύμαλλον
1541 3274 1731 3319 ἐμβαλόντα
1747 3279 1807 3311 τοῦ
1825 3280 2013 3312 Λακωνικοῦ
2183 3294 2242 3324 405

1317 3327 1443 3359 σαυτοῦ
1460 3328 1683 3373 παραλείφειν
1699 3329 1741 3362 τὰ
1757 3329 1919 3374 βλέφαρα
1936 3331 1994 3373 τῆς
2011 3329 2168 3376 ἑσπέρας,

1315 3375 1413 3422 ἔγωγ’
1433 3377 1473 3411 ἂν
1490 3375 1594 3418 εἷπον,
1614 3379 1644 3413 εἷ
1660 3381 1775 3425 παρὼν
1792 3379 1985 3426 ἐτύγχανον.

2203 1671 2263 1702 ²80

2200 1700 2216 1710 ι.

2199 2035 2259 2074 385

2195 2355 2258 2386 390

2186 2983 2248 3011 400

1194 3424 1198 3455 1
1215 3433 1279 3462 XP.
1307 3428 1390 3471 μετὰ
1407 3431 1526 3463 τοῦτον
1543 3430 1672 3465 Εὐαίων
1690 3434 1709 3465 ὁ
1727 3432 1924 3475 δεξιώτατος

1118 3497 1176 3526 335
1196 3516 1198 3521 =

1195 3549 1198 3562 Ι

1163 3590 1227 3622 41>

1044 3676 1054 3690 Ι

1314 3479 1466 3523 παρῆλθε
1481 3483 1617 3526 γυμνὸς,
1637 3483 1682 3526 ὡς
1699 3483 1804 3517 ἐδόκει
1821 3485 1890 3519 τοῖς
1906 3483 2074 3520 πλείοσιν·

1316 3531 1413 3567 αὐτός
1428 3546 1469 3578 γε
1485 3532 1738 3580 μέντοῦφασκεν
1756 3535 1883 3580 ἱμάτιον
1900 3535 1999 3580 ἔχειν,
2181 3551 2242 3580 410
