2488 3860
973 289 1467 333 ΑΠΟΣΠΑΣΜΑΤΙΑ.

224 382 310 421 718.
331 382 443 434 (232.)
462 384 677 423 Eustathius
694 398 731 436 p.
754 385 839 431 725,
859 388 921 424 32.
940 386 1005 424 ubi
1029 387 1075 424 de
1092 398 1200 424 voca-

173 433 265 473 bulis
282 448 368 474 cum
385 439 458 486 τρὶς
476 439 688 488 compositis
705 440 796 489 agit,
816 441 913 489 Φέρει
931 441 968 477 δὲ
986 442 1039 478 καὶ
1053 439 1137 487 (τῶν
1153 456 1204 477 τις

170 491 337 536 παλαιῶν)
370 492 436 528 ἀπὸ
466 492 623 539 χρήσεως
651 496 712 529 τοῦ
740 498 885 540 κωμικοῦ
913 493 953 529 τὸ
987 495 1205 540 παλίμβολος

169 544 348 590 τρίπρατος
358 546 412 580 καὶ
422 546 589 583 πολλάκις
599 547 890 594 ἀπημπολημένος.
903 545 1010 583 Conf.
1023 545 1206 595 Hesychii

169 593 390 643 interpretes
408 596 482 634 vol.
503 596 557 641 11,
575 610 614 646 p.
635 597 724 635 843.

222 657 311 696 719.
337 654 451 706 (233.)
474 656 683 707 Stephanus
707 659 865 709 Byzant.
886 663 1076 710 Βρέττοςε
1105 668 1208 702 πόλις

169 715 355 758 Τυρρηνῶν,
381 713 447 747 ἀπὸ
473 714 619 759 Βρέπου
644 716 704 749 τοῦ
727 713 936 762 Ἡρακλέους
960 717 1014 751 καὶ
1042 720 1210 764 Βαλητίας

169 765 227 808 τῆς
242 763 408 808 Βαλῆτου.
437 766 470 799 οἶ
483 766 650 803 οἷκοῦντες
663 767 825 814 Βρέττιοι.
859 769 914 804 καὶ
927 768 947 814 ἦ
959 771 1056 816 χώρα
1070 773 1209 818 Βρεττία

170 817 225 852 καὶ
243 816 263 862 ἦ
281 818 441 863 γλῶσσα.
460 816 710 865 Ἀριστοφάνης

272 870 429 905 Μέλαινα
447 870 536 915 δεινὴ
553 872 702 918 γλῶσσα
720 874 861 920 Βρεττία
877 876 997 922 παρῆν.

222 928 309 967 720.
349 930 462 978 (234.)
501 929 663 968 Galenus
704 933 777 970 vol.
820 933 912 976 XII,
949 947 985 983 p.
1034 935 1100 972 161
1148 936 1207 973 ed.

169 980 342 1019 Charter.

270 1038 382 1084 Χωρεῖ
399 1034 450 1072 ’πὶ
466 1038 621 1084 γραμμὴν
637 1039 763 1086 λορδὸς
781 1040 826 1077 ὥς
843 1041 891 1078 εἷς
909 1042 1071 1087 ἐμβολήν.

222 1098 309 1134 721.
331 1097 444 1146 (235.)
464 1097 685 1135 Eustathius
703 1111 740 1148 p.
767 1102 855 1141 911,
876 1101 938 1138 63.
968 1105 1032 1139 Καὶ
1058 1104 1148 1142 ἰτέας
1171 1105 1212 1140 δέ

168 1164 260 1187 τινας
291 1151 439 1187 ἀσπίδας
468 1151 590 1189 Αἴλιος
621 1152 800 1191 Διονύσιος
835 1156 973 1202 ἱστορεῖ,
1008 1156 1124 1204 φέρων
1154 1159 1208 1193 καὶ

168 1205 296 1251 χρῆσιν
314 1203 353 1247 ἐξ
372 1202 642 1251 Ἀριστοφάνους
658 1205 780 1251 ταύτην

271 1256 376 1304 Ἀνὴρ
393 1256 537 1302 πεδήτης
555 1258 644 1293 ἰτέαν
662 1259 851 1305 ἐνημμένος.

223 1313 312 1354 722.
341 1316 450 1364 (236.)
475 1317 692 1355 Eustathius
716 1332 753 1368 p.
784 1320 894 1365 1291,
921 1325 985 1360 45.
1023 1322 1204 1371 Ἀρίσταρ-

166 1386 227 1418 χος
258 1371 295 1406 δὲ
326 1370 437 1415 ὄξύνει
469 1370 527 1420 (τὸ
559 1370 699 1421 δοχμὴ),
733 1374 779 1410 ὣς
809 1375 909 1420 δηλοῖ
935 1378 988 1412 καὶ
1016 1378 1035 1411 ὁ
1063 1379 1205 1423 κωμικός

167 1438 203 1459 εν
220 1439 267 1459 τω

247 1460 258 1473 ⁴
272 1475 374 1512 Οὗτοι
392 1476 421 1512 δ’
441 1476 659 1524 ἀφεστηκασι
675 1481 776 1515 πλεῖν
793 1479 813 1525 ἢ
833 1479 892 1516 δύο
911 1482 1033 1527 δοχμά.

167 1528 373 1577 Oxytonon
399 1528 510 1565 etiam
537 1529 575 1566 in
600 1530 726 1579 Equit.
755 1538 813 1568 est
841 1545 875 1569 v.
907 1533 996 1569 318.
1025 1537 1138 1581 μεῖζον
1163 1534 1204 1580 ἦν

166 1584 261 1619 δυοῖν
279 1583 432 1628 δοχμαῖν.

216 1641 305 1680 723.
323 1641 434 1691 (237.)
451 1642 721 1683 Grammaticus
736 1645 772 1683 in
788 1646 870 1684 cod.
889 1646 1038 1686 Veneto
1051 1647 1200 1698 Harpo-

167 1695 340 1733 erationis
358 1696 456 1745 apud
475 1697 639 1735 Bekker.
660 1700 706 1736 ad
723 1712 760 1748 p.
783 1702 844 1742 36,
867 1703 927 1737 14.
953 1702 1075 1751 Ἀργὸς
1093 1704 1149 1740 ἐπί
1165 1718 1202 1739 τε

165 1751 341 1798 ἀρσενικοῦ
360 1751 414 1786 καὶ
431 1751 578 1794 θηλυκοῦ
596 1753 764 1791 Ἀττικῶς·
792 1756 845 1790 καὶ
863 1756 882 1789 ὁ
901 1758 1042 1801 κωμικὸς

262 1803 382 1850 Ἀργοὶ
401 1804 559 1849 κάθηνταί
575 1820 633 1851 μοι
649 1809 803 1853 γυναῖκες
820 1807 986 1855 τέτταρες.

215 1862 301 1900 724.
341 1862 454 1912 (238.)
491 1863 758 1915 Moschopulus
799 1867 896 1916 apud
939 1867 1115 1905 Ritschel.
1154 1868 1201 1905 ad

162 1914 342 1952 Thomam
361 1915 415 1953 M.
435 1929 472 1965 p.
493 1916 581 1960 274,
604 1922 664 1956 16.
694 1921 960 1957 Πόθεν-ποτὲ
985 1923 1021 1958 δὲ
1047 1923 1200 1970 σημαίνει

162 1972 201 2006 τὸ
219 1971 382 2015 οὐδαμῶς,
403 1972 447 2007 ὣς
465 1972 504 2005 τὸ
524 1967 805 2019 Ἀριστοφάνους,

265 2024 311 2058 Σὺ
329 2022 358 2058 δ’
378 2023 534 2069 ὁμέστιος
552 2024 640 2062 θεοῖς
656 2026 782 2067 πόθεν,·

215 2073 300 2111 725.
318 2072 429 2122 (239.)
450 2073 626 2113 Priscian.
654 2076 805 2123 XVIII,
824 2091 860 2127 p.
891 2080 1001 2115 1190.
1023 2077 1111 2127 (vol.
1138 2077 1197 2124 II,

162 2139 197 2175 p.
218 2124 325 2175 222.)
344 2126 462 2163 Attici
479 2128 555 2173 μεθ’
574 2130 698 2177 ἡμέραν
714 2136 857 2179 ponunt
873 2143 940 2180 per
958 2144 998 2168 se
1016 2138 1054 2168 et
1072 2132 1198 2181 νύκτωρ

162 2182 215 2216 καὶ
233 2180 367 2227 ἡμέραν.
394 2180 644 2228 Ἀριστοφάνης

471 2236 557 2270 Οὔτε
574 2235 701 2284 νύκτωρ
717 2236 857 2274 παύεται

265 2285 336 2320 οὔθ’
355 2284 490 2334 ἡμέραν.

218 2336 302 2372 126.
323 2336 435 2387 (240.)
451 2337 723 2378 Grammaticus
736 2342 775 2378 in
788 2343 870 2379 cod.
883 2342 1029 2380 Veneto
1048 2343 1195 2391 Harpo-

162 2388 336 2425 crationis
354 2390 451 2438 apud
469 2390 627 2428 Bekker.
647 2394 695 2430 ad
712 2407 749 2443 p.
771 2397 833 2438 35,
854 2397 915 2432 21.
943 2396 1108 2439 Ἀναβιὼν
1126 2398 1198 2432 ἀντὶ

162 2446 222 2478 τοῦ
253 2442 456 2485 ἀναβιώσας.
499 2446 646 2481 Πλάτων
681 2451 815 2486 Σκευαῖς
847 2453 871 2467 “
886 2451 1034 2492 ἀναβιὼν
1070 2451 1106 2485 ἐκ
1140 2451 1199 2495 τῆς

162 2493 302 2531 νόσου.”
329 2498 384 2532 καὶ
400 2497 661 2544 Ἀριστοφάνης.

216 2546 301 2584 727.
315 2546 427 2596 (241.)
442 2548 576 2586 Pollux
588 2550 645 2593 II,
661 2553 749 2588 200.
770 2556 1011 2598 Διαβιβᾶτεται
1022 2554 1197 2601 Δημοσθέ-

163 2615 229 2646 νης.
258 2603 312 2636 καὶ
330 2603 523 2648 διαβάτην
537 2603 797 2652 Ἀριστοφάνης.
826 2605 939 2646 Quod
955 2618 1030 2642 non
1042 2618 1110 2654 pro
1128 2609 1198 2643 δια-

162 2652 270 2699 βήτην
297 2652 436 2690 dictum
455 2666 548 2698 esse,
574 2656 639 2692 sed
663 2658 886 2705 trajectorem
910 2658 1115 2707 significare
1141 2671 1199 2695 os·

162 2705 265 2741 tendi
283 2706 332 2742 ad
350 2705 402 2742 H.
425 2705 604 2756 Stephani
620 2709 730 2747 Thes.
750 2722 779 2746 s.
799 2723 834 2747 v.
856 2714 1034 2758 Διαβάτ-ης.

215 2755 303 2794 728.
338 2756 449 2809 (242.)
482 2759 644 2809 Etymol.
678 2761 732 2798 M.
765 2776 802 2811 p.
836 2764 924 2805 250,
958 2763 994 2800 8.
1029 2765 1202 2800 Δαυλίαν
1220 2769 1223 2784 ’

164 2812 348 2859 κορώνην,
367 2813 440 2848 ἀντὶ
454 2816 514 2848 τοῦ
531 2815 664 2860 ἀηδόνα,
679 2815 929 2863 Ἀριστοφάνης
942 2818 998 2853 διὰ
1010 2819 1070 2853 τὸν
1082 2818 1198 2863 μῦθον.

164 2865 244 2899 ἔνιοι
261 2866 321 2912 τὴν
338 2865 485 2901 δασεῖαν.

218 2914 303 2952 729.
335 2916 445 2966 (243.)
473 2917 628 2968 Regulae
654 2920 801 2968 prosod.
830 2933 888 2969 ap.
917 2920 1124 2958 Hermann.
1156 2921 1201 2957 de

168 2979 239 3004 em.
254 2975 323 3005 rat.
340 2982 396 3018 gr.
411 2970 478 3006 Gr.
495 2983 532 3019 p.
547 2974 635 3009 436.
663 2975 712 3009 Τὰ
726 2975 773 3011 εἷς
786 2975 842 3022 αψ
858 2974 1006 3021 λήγοντα
1023 2975 1107 3023 ὑπὲρ
1125 2975 1204 3021 μίαν

169 3022 349 3067 συλλαβὴν
365 3025 478 3070 φαμὲν
501 3026 711 3062 συστέλλειν
727 3029 766 3062 τὸ
790 3043 824 3068 α,
843 3028 990 3074 λαῖλαψ.
1020 3028 1056 3063 ἐν
1079 3029 1115 3064 δέ
1132 3029 1203 3064 τοῖς

167 3077 442 3119 μονοσυλλάβοις
459 3079 499 3113 τὸ
518 3079 628 3126 δράψ
647 3079 823 3115 ἐκτείνεται
842 3079 992 3124 κείμενον
1014 3080 1092 3127 παρ’
1110 3079 1200 3126 Ἀρι-

170 3127 344 3172 στοφάνει,
364 3130 418 3164 καὶ
435 3128 474 3164 τὸ
490 3132 571 3178 λάψ
587 3132 679 3178 παρὰ
696 3132 917 3180 Ταραντίνοις.
947 3132 967 3177 ἡ
981 3133 1018 3168 δὲ
1035 3133 1136 3180 γράψ
1150 3133 1203 3168 καὶ

172 3178 256 3225 φάψ
273 3179 406 3230 θηλυκῷ
422 3183 513 3229 γένει
529 3184 772 3220 συστέλλεται.

2207 290 2286 334 745

1502 406 1832 446 FRAGMENTA
1859 409 2038 448 DUBIA.

1307 543 1393 581 731.
1415 542 1485 595 (ι.)
1503 544 1753 583 ATHENAEUS
1771 546 1859 594 XV,
1878 562 1914 597 p.
1938 548 2012 586 700
2030 561 2062 586 c.
2083 552 2288 598 Φερεκράτης

1254 599 1283 634 δ’
1304 599 1340 633 ἐν
1359 601 1594 646 Κραπατάλοις
1611 601 1671 645 τὴν
1687 603 1745 636 νῦν
1756 604 1898 648 λυχνίαν
1911 603 2116 649 καλουμένην
2131 605 2288 650 λυχνεῖον

1255 653 1404 696 κέκληκε,
1415 651 1726 700 -Ἀριστοφάνης
1744 655 1773 690 δ’
1792 655 1947 691 Ἱππεῦσι

1645 710 1717 741 Τῶν
1734 707 1765 743 δ’
1785 709 1944 744 ἀκοντίων

1360 758 1558 794 συνδοῦντες
1576 758 1660 805 ὀρθὰ
1677 760 1753 806 τρία
1770 762 1915 810 λυχνείῳ
1932 762 2101 809 χρώμεθα.

1256 808 1395 844 Eadem
1432 820 1480 845 ex
1521 809 1693 857 epitome,
1737 812 1875 848 omisso
1916 813 2090 849 dramatis
2129 813 2287 856 nomine,

1255 861 1368 897 tradit
1381 861 1598 898 Eustathius
1613 875 1649 912 p.
1674 862 1784 906 1571,
1806 862 1867 902 17.
1912 864 2001 902 Non
2017 866 2191 914 leguntur
2208 866 2288 903 haee

1256 913 1295 950 in
1327 913 1535 962 Equitibus.
1577 914 1694 952 Recte
1725 916 1838 965 igitur
1869 917 2058 954 Porsonus
2088 920 2288 966 Ἀντιφάνης

1256 967 1440 1016 corrigere
1451 966 1606 1009 videtur,
1620 969 1723 1017 cujus
1734 969 1805 1006 hoc
1815 971 1964 1007 nomine
1974 971 2134 1008 fabulam
2148 983 2287 1008 memo-

1254 1025 1312 1056 rat
1329 1019 1534 1056 Athenaeus
1550 1018 1620 1066 XI,
1640 1034 1676 1070 p.
1698 1023 1774 1060 503
1792 1023 1828 1059 b.

1309 1071 1395 1110 732.
1430 1071 1499 1121 (2.)
1534 1071 1737 1123 Gregorius
1773 1075 1939 1113 Corinth.
1973 1089 2008 1125 p.
2048 1079 2109 1121 69,
2142 1075 2192 1114 71
2229 1078 2285 1113 ed.

1256 1123 1429 1161 Schaefer.
1469 1128 1511 1162 Οἱ
1539 1126 1684 1164 Ἀττικοὶ
1719 1131 1759 1166 τὸ
1790 1129 1899 1166 ἀνῦειν
1933 1131 2062 1166 ἀνύτειν
2092 1132 2211 1177 φασὶν,
2244 1133 2288 1168 ὣς

1253 1179 1503 1226 Ἀριστοφάνης
1547 1180 1583 1215 έν
1618 1180 1757 1228 Ὀρνισι
1803 1186 1824 1201 “
1839 1185 1956 1228 Μάτην
2000 1184 2063 1231 ἄρα
2106 1182 2166 1229 τὴν
2209 1184 2287 1219 ὁδὸν

1253 1232 1450 1278 ἀνὺτομεν.”
1490 1230 1586 1271 Quae
1610 1245 1657 1269 ex
1680 1233 1818 1270 Avium
1840 1235 2004 1271 versibus
2029 1237 2064 1277 3,
2085 1238 2123 1277 4,
2143 1235 2287 1271 detorta

1252 1284 1433 1325 videntur,
1453 1287 1494 1320 Τί
1511 1286 1576 1321 ἅνω
1596 1288 1683 1322 κάτω
1701 1287 1951 1334 πλανύττομεν,·
1975 1286 1980 1337 Ι
2005 1287 2210 1335 ἀπολούμεθ’
2225 1291 2287 1324 ἅλ-

1251 1340 1322 1376 λως
1339 1339 1399 1383 τὴν
1424 1339 1503 1373 ὁδὸν
1528 1339 1830 1387 προφορουμένω.”
1858 1347 1900 1377 ut
1925 1341 2023 1377 idem
2049 1340 2134 1377 huic
2161 1352 2285 1389 gram·

1251 1390 1386 1426 matico
1428 1389 1603 1427 acciderit
1644 1392 1742 1439 quod
1784 1392 1991 1431 scholiastae
2026 1392 2211 1429 Theocriti
2248 1393 2286 1429 in

1251 1441 1417 1479 Nubium
1435 1441 1519 1479 loco
1538 1443 1709 1491 quodam,
1728 1445 1774 1481 de
1793 1458 1866 1494 quo
1884 1459 1994 1495 supra
2012 1445 2087 1482 dixi
2105 1458 2142 1494 p.
2165 1447 2226 1481 20.

1306 1495 1391 1533 733.
1414 1493 1482 1545 (3.)
1509 1494 1668 1533 Photius
1691 1510 1728 1546 p.
1756 1500 1843 1540 342,
1871 1501 1905 1536 8.
1933 1500 2216 1546 Ὀπλίττομαιτ
2246 1500 2286 1534 οὐ

1250 1551 1418 1596 πείθομαι.
1458 1550 1511 1585 καὶ
1535 1553 1634 1585 τοῦτο
1661 1554 1831 1588 Βοιώτιον.
1866 1551 2116 1598 Ἀριστοφάνης
2141 1551 2282 1596 Ἐκκλη-

1251 1603 1460 1648 σιαζούσαις.
1514 1601 1618 1638 Nihil
1656 1603 1811 1640 Boeotici
1846 1604 1884 1640 in
1917 1603 2179 1641 Ecclesiazusis
2214 1609 2283 1641 est.

1252 1655 1474 1704 Hesychius,
1500 1656 1540 1691 'O
1567 1657 1778 1703 πίττομαι,·
1805 1660 1844 1693 οὐ
1871 1658 2038 1704 πείθομαι.
2068 1657 2216 1693 Βοιωτοί.
2245 1667 2281 1692 V.

1249 1708 1410 1745 Ahrens.
1432 1708 1478 1744 de
1498 1708 1583 1744 diaJ.
1604 1709 1704 1745 AEol.
1725 1722 1761 1758 p.
1786 1709 1870 1746 176.

1304 1760 1389 1798 734.
1429 1759 1498 1810 (4.)
1534 1761 1748 1811 Etymolog.
1786 1761 1841 1798 M.
1879 1775 1915 1811 p.
1956 1761 2041 1807 783,
2082 1761 2141 1799 17.
2169 1763 2234 1799 ‘Yvr
2250 1765 2286 1799 ό-

1250 1816 1393 1860 ξυλος;
1425 1817 1443 1850 ὁ
1475 1816 1646 1860 κίβδηλος,
1675 1817 1718 1853 ὥς
1749 1817 1951 1862 ὑπόχαλκος.
1989 1814 2093 1852 οὕτως
2124 1816 2281 1863 Ἀριστο-

1248 1871 1367 1915 φάνης.
1426 1867 1579 1916 Corrige
1605 1869 1795 1916 Μένανδρος
1818 1880 1865 1903 ex
1889 1867 2024 1904 Photio
2041 1880 2078 1916 p.
2108 1868 2195 1908 629,
2219 1869 2279 1904 23.

1248 1919 1446 1957 Menandri
1473 1932 1521 1957 ex
1547 1920 1737 1956 Perinthia
1759 1932 1918 1962 versum,
1947 1932 2057 1968 quem
2084 1919 2282 1956 scholiasta

1248 1972 1499 2020 Hermogenis
1513 1973 1682 2014 servavit,
1695 1973 1778 2009 vide
1792 1972 1889 2021 apud
1901 1972 2127 2009 Meinekium
2138 1985 2174 2020 p.
2189 1973 2277 2009 142.

1247 2025 1481 2063 Vocabulum
1497 2027 1666 2071 ὑπόξυλος
1683 2025 1729 2062 ab
1748 2025 1898 2062 Polluce
1917 2024 1989 2067 ῙῙῙ,
2010 2027 2071 2061 56.
2101 2028 2173 2063 τοῖς
2195 2027 2280 2063 νέοις

1247 2083 1401 2126 κωμικοῖς
1419 2078 1601 2115 tribuitur.

1301 2131 1385 2168 735.
1408 2128 1477 2180 (3.)
1497 2131 1710 2180 Etymolog.
1736 2130 1790 2166 M.
1811 2143 1847 2179 p.
1875 2132 1962 2172 539,
1983 2132 2044 2166 38.
2075 2131 2276 2178 Κροαίνω;

1245 2188 1284 2221 τὸ
1304 2190 1416 2222 κτυπῶ
1435 2186 1488 2221 καὶ
1506 2185 1591 2231 ἦχῶ.
1621 2186 1871 2233 Ἀριστοφάνης
1888 2185 1927 2219 τὸ
1945 2187 2014 2221 τοῖς
2030 2185 2115 2220 ποσὶ
2139 2187 2280 2232 σκιρτᾶν

1246 2239 1299 2274 καὶ
1335 2240 1475 2285 κροτεῖν.
1521 2236 1687 2273 Verbum
1730 2235 1970 2272 Homericum
2005 2241 2063 2272 est
2103 2239 2277 2286 κροαίνειν.

1245 2289 1534 2338 Aristophanem
1553 2289 1674 2326 dicere
1691 2289 1836 2326 videtur
1853 2288 2146 2337 grammaticum.

1298 2341 1383 2379 736.
1423 2339 1492 2390 (6.)
1528 2341 1751 2390 Hesychius,
1790 2343 1843 2379 Οὔ
1877 2343 2022 2379 παντὸς
2052 2342 2192 2390 ἀνδρὸς
2223 2342 2280 2380 εἷς

1248 2396 1443 2443 Κόρινθόν
1479 2393 1562 2432 ἐσθ’
1596 2399 1615 2431 ὁ
1649 2398 1799 2432 πλοῦςῑ
1843 2393 2104 2442 Ἀριστοφάνης.
2134 2393 2279 2434 Quibus

1245 2447 1435 2496 subjungit
1452 2447 1737 2496 explicationem
1754 2446 1952 2496 proverbii.
2006 2446 2097 2482 Non
2111 2446 2199 2483 satis
2213 2459 2278 2495 ap-

1244 2505 1349 2548 paret
1382 2505 1506 2537 utrum
1546 2500 1727 2537 comicum
1769 2499 1867 2536 dicat
1908 2511 1955 2534 an
1996 2499 2278 2547 grammaticum

1244 2552 1541 2601 Aristophanem.

1300 2604 1386 2642 737.
1409 2603 1477 2653 (7.)
1497 2605 1710 2654 Etymolog.
1731 2605 1786 2641 M.
1807 2617 1842 2653 p.
1866 2604 1953 2644 214,
1967 2604 2028 2639 44.
2049 2605 2275 2651 Βρόταχοςε

1245 2659 1304 2695 τὸν
1319 2661 1494 2706 βάτραχον
1502 2659 1627 2700 Ἴωνες,
1647 2661 1700 2694 καὶ
1719 2658 1978 2706 Ἀριστοφάνης,
1998 2658 2052 2692 καὶ
2068 2658 2160 2703 παρὰ
2177 2662 2278 2694 Ξενο-

1246 2714 1358 2758 φάνει.
1390 2713 1574 2759 Βάτραχος,
1594 2713 1648 2746 καὶ
1666 2712 1738 2747 καθ’
1756 2710 2018 2758 ὖπερβιβασμὺν
2034 2711 2207 2756 βρατάχος
2224 2710 2279 2745 καὶ

1245 2767 1426 2812 βρόταχος.
1446 2763 1535 2800 Dixi
1552 2763 1598 2799 de
1615 2763 1672 2799 his
1690 2762 1818 2799 formis
1834 2762 1872 2798 in
1884 2761 2073 2797 Thesauro
2088 2759 2278 2808 Stephani,

1245 2815 1316 2853 vol.
1336 2814 1395 2861 II,
1414 2828 1451 2864 p.
1476 2818 1561 2852 194.
1607 2815 1721 2864 Apud
1738 2815 1863 2863 Etym.
1885 2812 2118 2850 scribendum
2134 2813 2279 2849 videtur

1247 2871 1292 2907 ὥς
1307 2871 1399 2917 παρὰ
1416 2871 1613 2916 Ξενοφάνει,
1628 2868 1757 2905 deletis
1776 2870 1830 2904 καὶ
1844 2867 2105 2915 Ἀριστοφάνης,
2120 2877 2278 2914 quorum

1246 2927 1437 2969 poetarum
1454 2921 1604 2958 nomina
1621 2919 1732 2957 etiam
1750 2920 1835 2956 alibi
1853 2924 1938 2955 sunt
1957 2924 2175 2966 permutata.

1299 2971 1387 3011 738.
1411 2973 1479 3022 (8.)
1505 2973 1662 3010 Photius
1688 2986 1725 3022 p.
1754 2974 1842 3016 255,
1867 2976 1904 3009 5.
1934 2973 2189 3008 Μελαναίωνε
2218 2974 2279 3007 τοῦ

1246 3027 1369 3062 πλοίου
1404 3029 1443 3063 τὸ
1478 3027 1736 3072 πεπιττωμένον,
1772 3027 1811 3061 τὸ
1847 3027 1975 3061 ἔναλον.
2015 3024 2276 3071 Ἀριστοφάνης.

1247 3077 1442 3120 Dobraeus,
1461 3081 1485 3098 ‘⁶
1499 3078 1596 3115 Vide
1614 3091 1661 3115 an
1674 3077 1870 3127 legendum
1883 3078 2071 3123 μελαινάων
2083 3080 2189 3121 νηῶν;
2212 3079 2280 3112 τῶν

1245 3133 1375 3167 πλοίων
1390 3136 1457 3168 τῶν
1472 3132 1738 3177 πεπιττωμένων,
1757 3134 1799 3166 ut
1817 3130 1863 3166 Sit
1881 3127 2139 3176 Aristophanis
2157 3139 2279 3175 gram-

1221 3182 1225 3205 ῑ
1246 3182 1369 3220 matici
1388 3183 1568 3232 expositio
1586 3183 1760 3231 phraseos
1782 3181 2030 3219 Homericae.”

1198 3566 1258 3601 5c
