2488 3860
209 236 292 284 310

207 355 285 385 HA.
314 346 467 394 ἐπίσχες·
495 347 699 396 ἐμβάλωμεν
717 349 765 387 εἷς
780 350 894 388 αλλον
910 353 1025 400 λόγον.

206 408 275 438 ΟΡ.
312 401 346 437 τί
363 398 419 436 δ’·
407 417 419 443 ,-
446 401 483 437 ἔκ
502 407 668 448 Μυκηνῶν
683 407 755 451 μῶν
771 398 1019 453 βοηδρόμουςε
1002 406 1103 454 ορᾲς·
1091 432 1102 447 ,

204 461 282 491 HA.
309 455 380 496 οὒκ,
400 453 493 490 ἀλλὰ
509 454 569 501 τὴν
586 459 763 502 τεκοῦσαν,
784 457 808 503 ἥ
822 458 856 505 μ’
877 459 1038 526 ἐγείνατο.

206 514 273 544 ΟΡ.
311 507 461 544 καλῶς’
438 505 493 555 αρ’
509 509 613 557 ἄρκυν
632 510 666 547 ἐς
683 511 791 557 μέσην
804 513 993 560 πορεύεται,

205 567 281 597 HA.
312 562 365 596 καὶ
383 559 448 607 μὴν
466 560 560 608 ὅχοις
574 578 613 611 γε
631 565 685 600 καὶ
703 567 814 610 στολῇ
832 566 1076 612 λαμπρύνεται.

205 621 272 650 ΟΡ.
309 613 343 649 τί
361 615 444 659 δῆτα
462 615 614 662 δρῶμεν,·
642 618 758 665 μητέρ’
777 633 797 684 η
817 618 1054 666 φονεύσομεν·
1043 647 1053 661 ,

204 673 281 703 HA.
310 671 383 713 μῶν
399 666 436 703 σ’
456 664 567 706 οἶκτος
584 667 670 715 εἷλε,
690 671 817 719 μητρὸς
835 673 879 710 ὣς
897 669 984 709 εἶδες
1002 672 1125 719 δέμαςῐ

205 727 272 757 ΟΡ.
311 721 393 767 φεῦ.

307 778 379 811 πῶς
394 773 462 823 γὰρ
479 777 588 812 κτάνω
606 792 666 820 νιν,
686 777 709 824 ἥ
723 774 758 824 μ’
780 777 910 828 ἔθρεψε
927 779 1087 820 κάτεκενς

202 833 279 864 HA.
308 829 426 875 ὥσπερ
442 830 572 875 πατέρα
588 833 653 867 σὸν
669 831 729 876 ἥδε
747 832 853 878 κάμὸν
870 833 1010 869 ὤλεσεν.

202 887 270 918 ΟΡ.
309 881 336 916 ὦ
353 882 472 927 Φοῖβε,
491 882 626 929 πολλήν
642 883 674 932 γ’
694 883 838 931 ἀμαθίαν
856 883 1055 926 ἐθέσπισας,

201 940 279 971 ΗΛ.
308 935 395 970 ὅπου
416 934 444 971 δ’
462 935 645 973 Ἀπόλλων
663 940 780 974 σκαιὸς
796 936 830 985 ᾖ,
849 939 937 975 τίνες
955 938 1065 986 σοφοί
1075 954 1087 979 ;

202 994 269 1024 ΟΡ.

201 1047 279 1078 HA.
307 1042 457 1084 βλάπτει
475 1042 511 1078 δὲ
531 1042 571 1088 δὴ
590 1042 624 1078 τί
639 1045 742 1092 πατρὶ
757 1048 911 1092 τιμωρῶν
930 1046 1053 1086 σέθεν,·

201 1101 268 1132 ΟΡ.
301 1095 524 1140 μητροκτόνος
542 1098 600 1131 νῦν
618 1097 801 1144 φεύξομαι,
819 1095 892 1134 τόθ’
913 1099 1014 1146 ἁγνὸς
1032 1098 1088 1134 ων.

200 1154 276 1185 ΗΛ.
305 1149 359 1183 καὶ
377 1145 423 1194 μή
440 1146 476 1195 γ’
496 1149 628 1194 ἀμύνων
645 1151 748 1198 πατρὶ
765 1151 979 1196 δυσσεβὴς”
959 1166 1041 1188 εσει.

201 1208 269 1238 ΟΡ.
308 1200 376 1249 ἐγὼ
395 1202 431 1237 δέ
449 1202 550 1248 μητρι
567 1206 627 1238 τοῦ
646 1204 756 1249 φόνου
774 1205 874 1240 δώσω
890 1205 994 1241 δίκας.

199 1261 275 1292 ΗΛ.
303 1256 351 1303 τῷ
370 1254 424 1290 δαὶ
441 1254 599 1304 πατρῴαν
616 1256 783 1302 διαμεθεὶς
800 1257 961 1306 τιμωρίαν
971 1274 983 1299 ;

200 1317 268 1346 ΟΡ.
306 1306 358 1354 ἆρ’
378 1306 448 1343 αὔτ’
469 1307 633 1355 ἀλάστωρ
653 1306 718 1344 εἶπ’
737 1310 956 1347 ἀπεικασθεὶς
973 1310 1064 1360 θεῷς

199 1369 275 1399 HA.
305 1362 377 1408 ἱρὸν
395 1361 538 1404 καθίζων
554 1361 688 1408 τρίποδ’
700 1375 716 1404 ,·
744 1362 812 1410 ἐγὼ
829 1365 890 1410 μὲν
908 1365 948 1400 οὗ
967 1365 1067 1401 δοκῶ.

200 1423 269 1453 ΟΡ.
307 1414 377 1450 οὐδ’
397 1414 438 1449 ἂν
454 1414 614 1460 πιθοίμην
633 1414 671 1451 εὖ
687 1416 938 1462 μεμαντεῦσθαι
956 1419 1048 1454 τάδε.
1071 1413 1074 1414 ⁷

199 1476 274 1506 HA.
303 1468 343 1503 οὐ
361 1467 406 1512 μὴ
425 1467 595 1504 κακισθεὶς
613 1468 659 1505 εἷς
678 1469 856 1517 ἀνανδρίαν
873 1472 996 1512 πεσεῖ,·

199 1530 265 1560 οΡ,
303 1519 384 1555 ἀλλ’
403 1519 422 1565 ἦ
441 1521 501 1556 τὸν
518 1522 620 1556 αὐτὸν
637 1523 708 1567 τῇδ’
728 1522 915 1569 ὑποστήσω
934 1525 1065 1566 δόλον,·

198 1582 273 1612 ΗΛ,
303 1572 330 1623 ᾧ
348 1574 402 1609 καὶ
418 1575 523 1609 πόσιν
542 1576 697 1612 καθεῖλες
714 1575 881 1623 Α’ίγισθον
899 1579 1039 1614 κτανών.

198 1636 267 1667 ΟΡ.
305 1626 441 1673 ε’ίσειμι·
469 1629 579 1663 δεινοῦ
600 1628 630 1664 δ’
650 1629 797 1676 ἄρχομαι
815 1631 1072 1677 προβλήματος.

302 1682 357 1717 καὶ
375 1681 468 1716 δεινὰ
486 1682 602 1727 δράσω
619 1681 665 1730 γ’·
693 1682 723 1718 εἷ
742 1683 831 1720 θεοῖς
849 1684 942 1720 δοκεῖ
958 1685 1051 1728 τάδε,

301 1734 402 1771 ἔστω·
429 1735 550 1782 πικρὸν
568 1735 605 1771 δὲ
623 1733 711 1782 χήδὺ
728 1737 928 1785 τάγώνισμά
945 1752 1014 1785 μοι.

303 1787 352 1830 ἶὼ,

301 1842 466 1885 βασίλεια
484 1842 582 1891 γύναι
600 1842 725 1889 χθονὸς
743 1839 911 1893 Ἀργείας,

300 1897 364 1931 παῖ
378 1897 565 1944 Τυνδάρεω,

300 1949 355 1985 καὶ
372 1953 443 1985 τοῖν
461 1949 602 1997 ἀγαθοῖν
620 1949 765 1998 ξύγγονε
784 1952 918 1998 κούροιν

302 2003 394 2048 Διὸς,
413 2001 446 2039 οἳ
463 2004 643 2052 φλογερὰν
660 2004 766 2052 αἶθέρ’
788 2007 824 2041 ἐν
841 2007 981 2054 ἄστροις

301 2056 445 2099 ναίουσι,
464 2058 599 2103 βροτῶν
617 2058 652 2093 ἐν
668 2059 751 2096 ἁλὸς
769 2059 897 2107 ῥοθίοις

299 2110 398 2155 τιμὰς
416 2111 571 2157 σωτῆρας
589 2111 735 2158 ἔχοντες·

297 2166 407 2210 χαῖρε,
428 2163 556 2208 σεβίζω
575 2164 607 2200 σ’
627 2163 688 2200 ἰ’σα
706 2166 760 2202 καὶ
777 2167 928 2214 μάκαρας

299 2215 452 2252 πλούτου
468 2218 620 2265 μεγάλης
638 2218 666 2253 τ’
687 2219 906 2265 εὐδαιμονίας.

297 2270 358 2307 τὰς
375 2271 441 2307 σὰς
458 2272 495 2306 δὲ
512 2270 617 2317 τύχας
635 2271 885 2319 θεραπεύεσθαι

299 2325 413 2370 καιρὸς
430 2323 466 2367 ⁹⁵,
487 2324 513 2360 ὦ
531 2325 710 2367 βασίλεια.

303 2376 416 2423 ἔκβητ’
435 2376 575 2423 ἀπήνης,
594 2379 758 2427 Τρῳάδες,
779 2379 894 2425 χειρὸς
911 2376 942 2416 δ’
963 2378 1044 2426 ε’μῆς

299 2430 461 2473 λάβεσθ’,
479 2429 521 2467 ἵν’
541 2432 607 2478 ἔξω
626 2431 718 2468 τοῦδ’
738 2432 822 2479 ὅχου
843 2432 963 2478 στήσω
981 2434 1082 2469 πόδα.

301 2483 465 2520 σκύλοισι
483 2499 545 2530 μεν
561 2486 628 2532 γὰρ
647 2485 732 2521 θεῶν
751 2488 974 2532 κεκόσμηνται
993 2487 1090 2532 δόμοι

302 2537 474 2585 Φρυγίοις,
492 2538 560 2586 ἐγὼ
579 2539 615 2574 δὲ
634 2539 753 2583 τάσδε,
773 2541 931 2588 Τρῳάδος
948 2539 1073 2586 χθονὸς

298 2590 454 2637 ἐξαίρετ’,
477 2592 549 2627 ἀντὶ
566 2592 686 2629 παιδὸς
704 2590 744 2637 ἣν
760 2593 937 2635 ἀπώλεσα,

298 2645 442 2690 σμικρὸν
458 2644 571 2692 γέρας,
594 2647 699 2681 καλὸν
717 2646 754 2681 δὲ
774 2646 932 2692 κέκτημαι
951 2646 1076 2693 δόμοις.

300 2699 420 2733 οὔκουν
437 2696 515 2746 ἐγὼ,
537 2697 641 2743 δούλη
660 2700 726 2747 γὰρ
745 2699 980 2746 ἐκβεβλημένη

298 2750 411 2796 δόμων
426 2750 591 2800 πατρῴων
608 2753 790 2799 δυστυχεῖς
808 2753 888 2788 οἷκῶ
906 2755 1040 2798 δόμους,

293 2800 414 2850 μῆτερ,
432 2804 593 2851 λάβωμαι
611 2807 775 2852 μακαρίας
792 2807 851 2851 τῆς
871 2808 934 2852 σῆς
951 2808 1078 2854 χερός,·

298 2857 418 2892 δοῦλαι
435 2858 594 2904 πάρεισιν
611 2858 693 2901 αἵδε,
713 2858 758 2905 μὴ
778 2859 823 2895 σύ
839 2875 898 2905 μοι
916 2862 1021 2896 πόνει.

300 2907 335 2945 τί
353 2907 384 2945 δ’
391 2925 402 2951 ,·
421 2910 640 2956 αἰχμάλωτόν
656 2914 710 2948 τοί
724 2912 758 2958 μ’
777 2912 952 2962 ἀπῴκισας
971 2915 1093 2960 δόμων,

296 2962 468 3009 ᾑρημένων
485 2963 523 2999 δὲ
541 2965 703 3010 δωμάτων
719 2963 882 3012 ᾑρήμεθα,

299 3017 344 3052 ὧς
361 3014 444 3061 αἵδε,
462 3018 589 3064 πατρὸς
607 3017 754 3064 ὀρφαναὶ
771 3019 1000 3065 λελειμμέναι.

299 3072 436 3105 τοιαῦτα
452 3070 567 3115 μέντοι
586 3071 649 3107 σὸς
666 3071 776 3118 πατὴρ
792 3072 1012 3119 βουλεύματα

298 3123 346 3159 εἷς
364 3122 422 3159 οὓς
439 3119 543 3170 ἐχρῆν
560 3123 670 3168 ἥκιστ’
690 3124 898 3167 ἐβούλευσεν
914 3126 1042 3173 φίλων.

298 3175 390 3220 λέξω
410 3176 458 3216 δὲ,
477 3176 585 3212 καίτοι
605 3177 676 3222 δόξ’
697 3176 776 3213 ὅταν
793 3179 887 3224 λάβῃ
907 3180 989 3224 κακὴ

297 3231 449 3277 γυναῖκα,
468 3231 617 3277 γλώσσῃ
636 3233 797 3278 πικρότης
814 3231 927 3267 ἔνεστί
944 3248 1006 3277 τις,

298 3283 343 3319 ὡς
360 3281 421 3326 μὲν
438 3281 516 3329 παρ’
534 3282 623 3329 ἡμῖν,
641 3284 680 3319 οὗ
699 3286 820 3326 καλῶς,
840 3286 878 3320 τὸ
895 3288 1035 3333 πρᾶγμα
1051 3286 1090 3322 δὲ

297 3334 475 3381 μαθόντας,
495 3334 535 3380 ἢν
552 3336 612 3382 μὲν
629 3335 732 3381 ἀξίως
748 3340 861 3383 μισεῖν
877 3338 951 3383 ἔχῃ,

299 3391 439 3436 στυγεῖν
456 3386 594 3425 δίκαιον·
622 3389 652 3424 εἶ
670 3389 707 3425 δε
725 3390 782 3435 μὴ,
801 3389 835 3426 τί
852 3391 904 3426 δεῖ
922 3394 1082 3439 στυγεῖνς

300 3440 386 3486 ἡμᾶς
405 3440 436 3478 δ’
456 3442 559 3478 ἔδωκε
578 3443 773 3490 Τυνδάρεως
790 3446 838 3493 τῷ
857 3447 908 3494 σῷ
926 3447 1039 3492 πατρὶ,

298 3495 364 3539 ουχ
382 3495 473 3530 ὥστε
490 3493 660 3540 θνήσκειν,
678 3494 750 3532 ουδ’
770 3496 791 3531 ἃ
808 3511 980 3544 γειναιμην
998 3500 1076 3546 ἐγώ.

302 3548 408 3584 κεῖνος
427 3548 463 3584 δὲ
480 3550 585 3585 παῖδα
600 3548 661 3594 τὴν
677 3548 772 3595 ἐμὴν,
792 3548 983 3596 Αχιλλέως

298 3600 476 3646 λέκτροισι
491 3602 626 3643 πείσας,
644 3600 743 3650 ᾤχετ’
761 3601 799 3638 ἐκ
817 3603 928 3645 δόμων
940 3604 1032 3649 ἄγων

196 1794 273 1828 XO.

194 2703 271 2736 HA.

195 2863 266 2894 KA.

194 2916 271 2947 HA.

307 987 404 1026 ὅστις
420 987 455 1034 μ’
472 989 623 1036 ἔχρησας
635 991 762 1038 μητέρ’,
781 990 821 1037 ἣν
836 993 876 1028 οὗ
893 993 992 1039 χρῆν,
1013 991 1152 1028 κτανεῖν.

1197 841 1261 878 970

1195 1107 1256 1144 975

1193 1369 1257 1412 980

1191 1634 1254 1678 985

1193 1966 1257 2000 990

1190 2232 1253 2268 995

1171 2498 1253 2522 1000

1172 2765 1251 2799 1005

1169 3034 1251 3058 1010

1169 3299 1248 3333 1015

1170 3565 1253 3590 1020

1093 235 1444 282 ΕΥΡΙΠΙΔΟΥ.

1406 353 1621 398 πρυμνοῦχον
1638 349 1754 388 Αὖλιν·
1782 351 1849 388 ἕνθ’
1867 352 2061 400 ὑπερτείνας
2078 348 2185 399 πυρᾶς

1403 405 1525 449 λευκὴν
1544 403 1677 451 διήμησ’
1698 405 1870 454 Ἰφιγόνης
1887 406 2044 454 παρηίδα.

1406 458 1455 494 κεῖ
1473 458 1533 503 μὲν
1549 460 1683 495 πόλεως
1701 459 1832 495 ἅλωσιν
1849 459 2037 506 ἐξιώμενος,

1404 527 1426 577 η
1445 509 1526 562 δῶμ’
1545 510 1677 557 ὀνήσων
1693 512 1805 548 τᾶλλα
1821 511 1850 548 τ’
1869 512 2027 557 ἐκσώζων
2044 513 2142 549 τέκνα

1404 565 1527 600 ἔκτεινε
1545 567 1686 602 πολλῶν
1702 564 1781 611 μίαν
1798 580 1895 612 υπερ,
1914 566 2105 614 συγγνώστ’
2127 561 2204 601 ἂν’
2185 574 2236 610 ην·

2272 523 2350 558 1025

1405 621 1463 654 νῦν
1481 618 1521 660 δ’,
1542 614 1663 666 ουνεχ’
1674 618 1794 664 Ἑλένη
1812 621 1940 668 μάργος
1959 618 2010 664 ἦν,
2030 618 2049 653 ὅ
2066 619 2097 655 τ’
2117 635 2158 654 av
2175 618 2294 663 λαβὼν

1405 671 1537 717 ι’ίλοχον
1556 673 1710 717 κολάζειν
1727 672 1886 718 προδότιν
1903 673 1963 708 οὐκ
1981 670 2159 718 ἠπίστατο,

1404 724 1533 760 τούτων
1550 725 1639 761 ἕκατι
1657 725 1748 761 παῖδ’
1767 725 1848 771 ἐμὴν
1866 728 2040 763 διώλεσεν.

1405 777 1461 814 ἐπὶ
1476 779 1593 814 τοῖσδε
1610 778 1733 821 τοίνυν,
1755 779 1873 827 καίπερ
1890 777 2079 825 ἠδικημένη,

1406 832 1465 867 οὐκ
1484 830 1678 878 ἦγριούμην,
1700 831 1770 868 οὐδ’
1791 832 1831 868 ἂν
1847 833 1984 868 ἔκτανον
2000 835 2116 868 πόσιν·

1404 884 1486 920 ἀλλ’
1503 884 1581 929 ἦλθ’
1601 886 1690 932 ἔχων
1705 900 1764 931 μοι
1781 885 1913 931 μαινάδ’
1933 885 2047 922 ἔνθεον
2065 887 2176 933 κόρην,

1402 938 1557 986 λέκτροις
1572 939 1601 974 τ’
1622 938 1866 986 ἐπεισέφρησε,
1885 941 1939 975 καὶ
1957 938 2073 985 νύμφα
2091 939 2150 974 δύο

1405 991 1441 1027 ἐν
1457 994 1570 1028 τοῖσιν
1586 993 1698 1029 αὐτοῖς
1716 993 1868 1038 δώμασιν
1884 992 2010 1038 κατεῖχ’
2030 994 2126 1039 ὁμοῦ.

1401 1048 1514 1093 μῶρον
1530 1047 1592 1091 μὲν
1608 1044 1668 1081 οὖν
1683 1048 1848 1092 γυναῖκες,
1867 1046 1928 1081 ούκ
1945 1047 2060 1082 ἄλλως
2077 1046 2180 1093 λέγω·

1405 1098 1486 1134 ὅταν
1503 1096 1546 1140 δ’,
1567 1099 1708 1135 ὑπόντος
1727 1098 1834 1141 τοῦδ’,
1853 1100 2024 1145 ἁμαρτάνῃ
2043 1100 2159 1140 πόσις,

1404 1151 1526 1187 τᾶνδον
1542 1153 1704 1198 παρώσας
1722 1152 1862 1198 λέκτρα,
1880 1153 2056 1198 μιμεῖσθαι
2076 1152 2175 1187 θέλει

1403 1206 1486 1252 γυνὴ
1505 1207 1565 1241 τὸν
1582 1205 1686 1251 ἄνδρα
1702 1205 1848 1251 χᾶτερον
1866 1205 2010 1242 κτᾶσθαι
2029 1205 2154 1252 φίλον.

1403 1257 1529 1293 κᾶπειτ’
1549 1258 1586 1295 ἐν
1603 1258 1682 1304 ἡμῖν
1699 1260 1718 1293 ὁ
1736 1258 1850 1306 ψόγος
1866 1258 2109 1306 λαμπρύνεται,

1402 1312 1434 1346 οἶ
1453 1309 1483 1347 δ’
1505 1311 1605 1348 α’ίτιοι
1623 1312 1720 1347 τῶνδ’
1739 1313 1779 1348 οὗ
1798 1309 1939 1348 κλύουσ’
1960 1312 2077 1360 ἅνδρες
2098 1315 2214 1348 κακῶς.

1403 1365 1433 1399 εἶ
1451 1364 1482 1400 δ’
1502 1366 1538 1401 ἐκ
1556 1366 1668 1411 δόμων
1686 1364 1842 1413 ἥρπαστο
1860 1366 2045 1402 Μενέλεως
2061 1365 2185 1412 λάθρα,

1405 1421 1535 1454 κτανεῖν
1551 1417 1587 1465 μ’
1607 1417 1775 1465 Ὀρέστην
1792 1420 1891 1466 χρῆν,
1910 1419 2113 1466 κασιγνήτης
2130 1420 2235 1455 πόσιν

1405 1473 1587 1508 Μενέλαον
1606 1474 1650 1509 ὡς
1668 1473 1821 1518 σώσαιμι
1835 1489 1846 1514 ,·
1875 1473 1938 1510 σὸς
1957 1473 1994 1508 δὲ
2011 1476 2083 1508 πῶς
2099 1471 2210 1519 πατὴρ

1402 1523 1558 1572 ἠνέσχετ’
1578 1526 1619 1561 ἂν
1635 1524 1742 1568 ταῦτ’,
1762 1522 1834 1561 εἶτα
1851 1526 1910 1561 τὸν
1927 1527 1989 1569 μὲν
2007 1527 2046 1561 οὐ
2066 1525 2177 1561 θανεῖν

2274 792 2354 824 1030

2275 1057 2353 1090 103⁵

2274 1326 2355 1357 1040

1402 1593 1574 1615 κτειναντα
1590 1581 1678 1625 χρῆν
1695 1579 1783 1625 τᾶμ’,
1801 1579 1860 1624 ἐμὲ
1878 1580 1914 1615 δὲ
1931 1581 2017 1627 πρὸς
2035 1581 2144 1615 κεῖνου
2160 1578 2291 1620 παθεῖν,

1403 1633 1531 1675 ἔκτειν’,
1551 1632 1720 1680 ἐτρέφθην
1738 1632 1842 1680 ἥνπερ
1860 1628 1901 1678 ἦν
1917 1632 2126 1680 πορεύσιμον

1401 1687 1486 1732 πρὸς
1504 1686 1582 1722 τοὺς
1600 1686 1714 1735 ἐκείνῳ
1731 1686 1927 1732 πολεμίους.
1966 1687 2082 1733 φίλων
2097 1686 2164 1735 γὰρ
2183 1685 2224 1721 ἂν

1403 1739 1453 1776 τίς
1473 1739 1513 1775 ἂν
1530 1742 1658 1786 πατρὸς
1676 1742 1741 1776 σοῦ
1760 1741 1868 1786 φόνον
1885 1739 2090 1786 ἐκοινώνησέ
2103 1754 2187 1786 μοις

1401 1792 1488 1838 λέγ’,
1509 1792 1541 1828 εἴ
1554 1808 1588 1829 τι
1605 1792 1751 1841 χρῄζεις,
1772 1793 1924 1830 κάντίθες
1939 1794 2124 1841 παρρησίᾳ,

1403 1845 1493 1883 ὅπως
1510 1847 1647 1891 τέθνηκε
1666 1848 1727 1884 σὸς
1745 1847 1855 1893 πατὴρ
1874 1847 1933 1882 οὐκ
1952 1846 2099 1883 ἐνδίκως.

1404 1898 1503 1935 δίκαι’
1524 1900 1654 1944 ἔλεξας·
1683 1899 1703 1945 ἡ
1723 1900 1796 1943 δίκη
1820 1899 1848 1936 δ’
1868 1899 2021 1946 αἷσχρῶς
2038 1902 2120 1947 ἔχει·

1402 1954 1543 2000 γυναῖκα
1560 1955 1627 2001 γὰρ
1644 1954 1711 2000 χρὴ
1729 1954 1839 1989 πάντα
1857 1955 2051 2001 συγχωρεῖν
2067 1955 2182 1999 πόσει,

1402 2006 1475 2051 ἥτις
1492 2006 1674 2054 φρενήρης.
1716 2003 1738 2051 ᾗ
1757 2005 1794 2042 δὲ
1811 2006 1857 2051 μὴ
1876 2007 1969 2042 δοκεῖ
1985 2008 2077 2048 τάδε,

1402 2059 1473 2095 οὐδ’
1495 2061 1542 2096 εἷς
1560 2059 1703 2107 ἀριθμὸν
1720 2063 1787 2095 τῶν
1805 2059 1894 2106 ἐμῶν
1911 2060 1983 2105 ἥκει
2001 2062 2124 2108 λόγων.

1399 2113 1564 2159 μέμνησο,
1584 2116 1701 2161 μῆτερ,
1721 2113 1778 2150 οὓς
1795 2112 1918 2158 ἔλεξας
1935 2114 2103 2150 ὑστάτους

1397 2168 1534 2213 λόγους,
1556 2168 1699 2202 διδοῦσα
1715 2166 1802 2211 πρὸς
1822 2166 1866 2202 σέ
1880 2181 1938 2212 μοι
1956 2167 2157 2213 παρρησίαν.

1295 2227 1367 2257 ΚΛ.
1396 2221 1450 2255 καὶ
1470 2223 1527 2255 νῦν
1544 2220 1588 2267 γέ
1604 2221 1704 2266 φημι,
1725 2220 1805 2254 κούκ
1823 2219 2045 2266 ἀπαρνοῦμαι,
2064 2221 2191 2256 τέκνον.

1295 2280 1371 2310 ΗΛ.
1401 2272 1453 2320 ἆρ’
1473 2272 1533 2308 οὖν
1547 2272 1712 2313 κλύουσα,
1733 2275 1851 2318 μῆτερ,
1870 2269 1930 2308 εἶτ’
1949 2273 2057 2319 ἔρξεις
2076 2277 2204 2315 κακῶς,·

1294 2334 1364 2363 KA.
1393 2326 1453 2361 οὐκ
1472 2327 1558 2369 ἔστι,
1578 2330 1618 2372 τῇ
1639 2330 1683 2372 σῇ
1704 2325 1732 2362 δ’
1753 2325 1815 2370 ἡδὺ
1833 2325 2025 2373 προσθήσω
2045 2326 2159 2374 φρενί.

1295 2386 1369 2417 ΗΛ.
1393 2379 1524 2426 λέγοιμ’
1544 2380 1594 2415 ἅν·
1623 2379 1711 2427 ἀρχὴ
1731 2379 1760 2415 δ’
1779 2378 1838 2424 ἥδε
1856 2394 1913 2425 μοι
1931 2379 2122 2427 προοιμίου.

1397 2432 1460 2468 εἴθ’
1481 2430 1582 2479 εἶχες,
1603 2434 1629 2468 ὦ
1646 2435 1804 2475 τεκοῦσα,
1823 2432 1984 2476 βελτίους
2001 2433 2141 2479 φρένας.

1397 2487 1437 2522 τὸ
1457 2487 1520 2532 μὲν
1537 2488 1604 2534 γὰρ
1623 2483 1711 2523 εἶδος
1729 2482 1822 2522 αἶνον
1839 2487 1935 2531 ἄξιον
1953 2486 2072 2534 φέρειν

1397 2539 1534 2585 Ελένης
1552 2555 1588 2575 τε
1607 2555 1660 2575 και
1679 2555 1755 2582 σου,
1776 2538 1835 2575 δύο
1853 2536 1884 2576 δ’
1906 2540 2011 2586 ἔφυτε
2029 2542 2198 2589 συγγόνω,

1397 2593 1501 2639 ἄμφω
1519 2594 1647 2639 ματαίω
1667 2594 1845 2640 Κάστορός
1863 2593 1892 2629 τ’
1912 2593 1971 2628 οὐκ
1989 2591 2084 2638 ἀξίω.

1396 2646 1416 2691 ἡ
1432 2649 1495 2712 μὲν
1512 2648 1578 2694 γὰρ
1597 2645 1800 2694 ἁρπασθεῖσ’
1823 2645 1936 2683 ἑκοῦσ’
1956 2646 2125 2696 ἀπῴχετο,

1399 2700 1444 2735 σὺ
1463 2699 1493 2735 δ’
1513 2700 1605 2746 ἅνδρ
1626 2701 1766 2747 ἄριστον
1784 2698 1957 2736 Ἑλλάδος
1975 2701 2157 2743 διώλεσας,

1397 2754 1530 2800 σκῆψιν
1547 2752 1777 2800 προτείνουσ’,
1799 2754 1843 2790 ὣς
1857 2754 1941 2800 ὑπὲρ
1959 2754 2078 2789 τέκνου
2095 2754 2201 2790 πόσιν

1396 2806 1553 2842 ἔκτεινας·
1583 2807 1622 2842 οὐ
1642 2808 1720 2854 γὰρ,
1741 2808 1786 2843 ὡς
1804 2806 1918 2855 ἔγωγ’,
1937 2806 2058 2843 ἰ’σασιν
2077 2805 2126 2848 εὖ,

1397 2858 1481 2903 ἥτις,
1501 2861 1668 2908 θυγατρὸς
1686 2859 1766 2907 πρὶν
1784 2861 1994 2907 κεκυρῶσθαι
2013 2861 2165 2907 σφαγὰς,

1398 2912 1472 2948 νέον
1489 2914 1519 2948 τ’
1539 2914 1595 2949 ἀπ’
1614 2914 1714 2950 οἴκων
1730 2914 1850 2960 ἀνδρὸς
1867 2913 2113 2961 ἐξωρμημένου,

1397 2966 1522 3010 ξανθὸν
1540 2969 1716 3016 κατόπτρῳ
1733 2968 1909 3013 πλόκαμον
1927 2965 2083 3011 ἐξήσκεις
2100 2968 2214 3013 κόμης.

1395 3021 1478 3066 γυνὴ
1498 3019 1526 3055 δ’
1546 3021 1690 3057 ἀπόντος
1705 3021 1826 3067 ἀνδρὸς
1843 3019 1915 3065 ἥτις
1934 3020 1971 3055 ἐκ
1989 3021 2101 3066 δόμων

1395 3073 1429 3110 ἐς
1448 3073 1575 3110 κάλλος
1592 3074 1705 3115 ἀσκεῖ,
1724 3071 1888 3121 διάγραφ’
1908 3075 1951 3110 ὡς
1970 3072 2077 3108 οὖσαν
2094 3071 2206 3117 κακήν.

1395 3127 1493 3162 οὐδὲν
1510 3127 1576 3174 γὰρ
1595 3127 1697 3173 αὐτὴν
1715 3127 1767 3163 δεῖ
1781 3125 1928 3174 >θύρασιν
1946 3126 2110 3173 εὐπρεπὲς

1393 3179 1528 3225 φαίνειν
1544 3181 1742 3227 πρόσωπον,
1759 3182 1799 3226 ἤν
1816 3194 1849 3215 τι
1866 3179 1911 3226 μὴ
1931 3181 2009 3224 ζητῇ
2028 3182 2138 3229 κακόν.

1391 3234 1496 3279 μόνην
1513 3234 1549 3269 δὲ
1567 3238 1689 3270 πασῶν
1706 3230 1771 3270 οἶδ’
1791 3232 1859 3281 ἐγὼ
1877 3233 1911 3269 σ’
1928 3231 2148 3278 Ἑλληνίδων,

1395 3286 1425 3321 εἶ
1441 3288 1503 3332 μὲν
1520 3287 1563 3322 τὰ
1579 3289 1702 3334 Τρώων
1720 3287 1872 3333 εὐτυχοῖ,
1891 3288 2106 3333 κεχαρμένην,

1395 3339 1424 3374 εἶ
1443 3338 1474 3375 δ’
1494 3339 1618 3384 ἥσσον’
1638 3340 1699 3386 εἴη,
1720 3340 1960 3386 συννεφοῦσαν
1977 3338 2121 3385 ὄμματα,

1298 1906 1375 1937 HA.

1393 3391 1613 3440 Ἀγαμέμνον’
1633 3395 1673 3429 οὐ
1691 3392 1885 3440 χρῄζουσαν
1902 3392 1939 3428 ἐκ
1957 3393 2076 3438 Τροίας
2093 3394 2222 3439 μολεῖν.

1395 3445 1501 3481 καίτοι
1520 3447 1631 3484 καλῶς
1646 3462 1687 3495 γε
1706 3447 1900 3493 σωφρονεῖν
1915 3447 2059 3492 παρεῖχέ
2075 3461 2143 3482 σοι·

1395 3499 1486 3545 ἄνδρ’
1505 3495 1596 3545 εἶχες
1614 3501 1654 3536 οὗ
1673 3498 1794 3535 κακίον’
1813 3498 1980 3546 Αἰγίσθου
1996 3500 2112 3543 πόσιν,

1394 3551 1433 3587 ὃν
1445 3551 1574 3588 Ἐλλὰς
1591 3554 1693 3598 αὑτῆς
1710 3551 1823 3588 εἵλετο
1841 3553 2085 3599 στρατηλάτην-

1392 3605 1532 3643 *Ελένης
1550 3604 1578 3641 δ’
1597 3605 1751 3649 ἀδελφῆς
1767 3602 1874 3642 τοιάδ’
1892 3603 2166 3654 ἐξειργασμένης,

2275 1635 2355 1675 1046

2274 1859 2286 1882 1
2292 1859 2355 1891 050

2273 2124 2352 2159 1055

2271 2382 2352 2417 1060

2270 2642 2348 2692 1065

2266 2926 2348 2959 1070

2264 3191 2344 3225 1075

2261 3450 2342 3484 1080
