<?xml version="1.0" encoding="UTF-8"?>
<!DOCTYPE html PUBLIC "-//W3C//DTD XHTML 1.0 Transitional//EN"
    "http://www.w3.org/TR/xhtml1/DTD/xhtml1-transitional.dtd">
<html xmlns="http://www.w3.org/1999/xhtml" xml:lang="en" lang="en">
 <head>
  <title>
</title>
<meta http-equiv="Content-Type" content="text/html;charset=utf-8" />
  <meta name='ocr-system' content='tesseract 3.04.00' />
  <meta name='ocr-capabilities' content='ocr_page ocr_carea ocr_par ocr_line ocrx_word'/>
</head>
<body>
  <div class='ocr_page' id='page_1' title='image "./poetarumscenicor00dinduoft_0302.png"; bbox 0 0 2488 3860; ppageno 0'>
   <div class='ocr_carea' id='block_1_1' title="bbox 219 225 302 278">
    <p class='ocr_par' dir='ltr' id='par_1_1' title="bbox 219 225 302 278">
     <span class='ocr_line' id='line_1_1' title="bbox 219 225 302 278; baseline 0 0"><span class='ocrx_word' id='word_1_1' title='bbox 219 225 302 278; x_wconf 57' lang='lat'><em>9294«</em></span> 
     </span>
    </p>
   </div>
   <div class='ocr_carea' id='block_1_2' title="bbox 211 1766 283 1798">
    <p class='ocr_par' dir='ltr' id='par_1_2' title="bbox 211 1766 283 1798">
     <span class='ocr_line' id='line_1_2' title="bbox 211 1766 283 1798; baseline -0.028 0"><span class='ocrx_word' id='word_1_2' title='bbox 211 1766 283 1798; x_wconf 81' lang='lat' dir='ltr'>AN.</span> 
     </span>
    </p>
   </div>
   <div class='ocr_carea' id='block_1_3' title="bbox 209 1925 286 2166">
    <p class='ocr_par' dir='ltr' id='par_1_3' title="bbox 209 1925 286 2166">
     <span class='ocr_line' id='line_1_3' title="bbox 210 1925 285 1955; baseline -0.013 0"><span class='ocrx_word' id='word_1_3' title='bbox 210 1925 285 1955; x_wconf 93' lang='grc' dir='ltr'>ΜΟ.</span> 
     </span>
     <span class='ocr_line' id='line_1_4' title="bbox 210 2030 280 2061; baseline -0.014 0"><span class='ocrx_word' id='word_1_4' title='bbox 210 2030 280 2061; x_wconf 78' lang='grc' dir='ltr'>ΑΝ.</span> 
     </span>
     <span class='ocr_line' id='line_1_5' title="bbox 209 2136 286 2166; baseline 0 0"><span class='ocrx_word' id='word_1_5' title='bbox 209 2136 286 2166; x_wconf 92' lang='grc' dir='ltr'>ΜΟ.</span> 
     </span>
    </p>
   </div>
   <div class='ocr_carea' id='block_1_4' title="bbox 208 2242 278 2273">
    <p class='ocr_par' dir='ltr' id='par_1_4' title="bbox 208 2242 278 2273">
     <span class='ocr_line' id='line_1_6' title="bbox 208 2242 278 2273; baseline -0.043 0"><span class='ocrx_word' id='word_1_6' title='bbox 208 2242 278 2273; x_wconf 90' lang='lat' dir='ltr'>AN.</span> 
     </span>
    </p>
   </div>
   <div class='ocr_carea' id='block_1_5' title="bbox 207 2400 282 2429">
    <p class='ocr_par' dir='ltr' id='par_1_5' title="bbox 207 2400 282 2429">
     <span class='ocr_line' id='line_1_7' title="bbox 207 2400 282 2429; baseline 0 0"><span class='ocrx_word' id='word_1_7' title='bbox 207 2400 282 2429; x_wconf 89' lang='grc' dir='ltr'>ΜΟ.</span> 
     </span>
    </p>
   </div>
   <div class='ocr_carea' id='block_1_6' title="bbox 207 2504 280 2534">
    <p class='ocr_par' dir='ltr' id='par_1_6' title="bbox 207 2504 280 2534">
     <span class='ocr_line' id='line_1_8' title="bbox 207 2504 280 2534; baseline 0.014 -1"><span class='ocrx_word' id='word_1_8' title='bbox 207 2504 280 2534; x_wconf 89' lang='lat' dir='ltr'>ME.</span> 
     </span>
    </p>
   </div>
   <div class='ocr_carea' id='block_1_7' title="bbox 203 2922 273 2952">
    <p class='ocr_par' dir='ltr' id='par_1_7' title="bbox 203 2922 273 2952">
     <span class='ocr_line' id='line_1_9' title="bbox 203 2922 273 2952; baseline 0.014 -1"><span class='ocrx_word' id='word_1_9' title='bbox 203 2922 273 2952; x_wconf 83' lang='lat' dir='ltr'>AN.</span> 
     </span>
    </p>
   </div>
   <div class='ocr_carea' id='block_1_8' title="bbox 202 3079 276 3109">
    <p class='ocr_par' dir='ltr' id='par_1_8' title="bbox 202 3079 276 3109">
     <span class='ocr_line' id='line_1_10' title="bbox 202 3079 276 3109; baseline 0 -1"><span class='ocrx_word' id='word_1_10' title='bbox 202 3079 233 3108; x_wconf 90' lang='grc' dir='ltr'><strong>Μ</strong></span> <span class='ocrx_word' id='word_1_11' title='bbox 239 3080 276 3109; x_wconf 87' lang='grc' dir='ltr'>Ο.</span> 
     </span>
    </p>
   </div>
   <div class='ocr_carea' id='block_1_9' title="bbox 201 3184 272 3215">
    <p class='ocr_par' dir='ltr' id='par_1_9' title="bbox 201 3184 272 3215">
     <span class='ocr_line' id='line_1_11' title="bbox 201 3184 272 3215; baseline 0 0"><span class='ocrx_word' id='word_1_12' title='bbox 201 3184 272 3215; x_wconf 81' lang='grc' dir='ltr'>ΛΝ.</span> 
     </span>
    </p>
   </div>
   <div class='ocr_carea' id='block_1_10' title="bbox 202 3339 270 3371">
    <p class='ocr_par' dir='ltr' id='par_1_10' title="bbox 202 3339 270 3371">
     <span class='ocr_line' id='line_1_12' title="bbox 202 3339 270 3371; baseline -0.015 0"><span class='ocrx_word' id='word_1_13' title='bbox 202 3339 270 3371; x_wconf 82' lang='grc' dir='ltr'>ΑΝ.</span> 
     </span>
    </p>
   </div>
   <div class='ocr_carea' id='block_1_11' title="bbox 203 3496 276 3529">
    <p class='ocr_par' dir='ltr' id='par_1_11' title="bbox 203 3496 276 3529">
     <span class='ocr_line' id='line_1_13' title="bbox 203 3496 276 3529; baseline -0.027 0"><span class='ocrx_word' id='word_1_14' title='bbox 203 3496 276 3529; x_wconf 89' lang='grc' dir='ltr'>ΜΟ.</span> 
     </span>
    </p>
   </div>
   <div class='ocr_carea' id='block_1_12' title="bbox 203 3570 207 3583">
    <p class='ocr_par' dir='ltr' id='par_1_12' title="bbox 203 3570 207 3583">
     <span class='ocr_line' id='line_1_14' title="bbox 203 3570 207 3583; baseline 0 0"><span class='ocrx_word' id='word_1_15' title='bbox 203 3570 207 3583; x_wconf 65' lang='lat' dir='ltr'><em>U</em></span> 
     </span>
    </p>
   </div>
   <div class='ocr_carea' id='block_1_13' title="bbox 1118 229 1444 281">
    <p class='ocr_par' dir='ltr' id='par_1_13' title="bbox 1118 229 1444 281">
     <span class='ocr_line' id='line_1_15' title="bbox 1118 229 1444 281; baseline -0.003 -1"><span class='ocrx_word' id='word_1_16' title='bbox 1118 229 1444 281; x_wconf 56' lang='grc' dir='ltr'>ΕΥΡῙΠῙΔΟΫ</span> 
     </span>
    </p>
   </div>
   <div class='ocr_carea' id='block_1_14' title="bbox 316 339 980 443">
    <p class='ocr_par' dir='ltr' id='par_1_14' title="bbox 316 339 980 443">
     <span class='ocr_line' id='line_1_16' title="bbox 316 339 980 390; baseline 0.002 -12"><span class='ocrx_word' id='word_1_17' title='bbox 316 343 387 390; x_wconf 75' lang='grc' dir='ltr'>ἔριν</span> <span class='ocrx_word' id='word_1_18' title='bbox 404 342 464 388; x_wconf 80' lang='grc' dir='ltr'>μὲν</span> <span class='ocrx_word' id='word_1_19' title='bbox 482 339 592 383; x_wconf 75' lang='grc' dir='ltr'>οἴκων,</span> <span class='ocrx_word' id='word_1_20' title='bbox 613 340 789 388; x_wconf 86' lang='grc' dir='ltr'>δυσμενεῖς</span> <span class='ocrx_word' id='word_1_21' title='bbox 806 358 842 378; x_wconf 92' lang='grc' dir='ltr'>τε</span> <span class='ocrx_word' id='word_1_22' title='bbox 860 341 980 381; x_wconf 86' lang='grc' dir='ltr'>λύπας.</span> 
     </span>
     <span class='ocr_line' id='line_1_17' title="bbox 316 394 911 443; baseline 0.003 -12"><span class='ocrx_word' id='word_1_23' title='bbox 316 396 394 442; x_wconf 82' lang='grc' dir='ltr'>μίαν</span> <span class='ocrx_word' id='word_1_24' title='bbox 410 409 468 441; x_wconf 90' lang='grc' dir='ltr'>μοι</span> <span class='ocrx_word' id='word_1_25' title='bbox 486 394 655 442; x_wconf 79' lang='grc' dir='ltr'>στεργέτω</span> <span class='ocrx_word' id='word_1_26' title='bbox 673 398 776 433; x_wconf 81' lang='grc' dir='ltr'>πόσις</span> <span class='ocrx_word' id='word_1_27' title='bbox 791 397 911 443; x_wconf 82' lang='grc' dir='ltr'>γάμοις</span> 
     </span>
    </p>
   </div>
   <div class='ocr_carea' id='block_1_15' title="bbox 314 448 1258 863">
    <p class='ocr_par' dir='ltr' id='par_1_15' title="bbox 316 448 1258 600">
     <span class='ocr_line' id='line_1_18' title="bbox 316 448 1258 494; baseline 0.001 -10"><span class='ocrx_word' id='word_1_28' title='bbox 316 449 535 493; x_wconf 80' lang='grc' dir='ltr'>ἀκοινώνητον</span> <span class='ocrx_word' id='word_1_29' title='bbox 551 448 671 494; x_wconf 86' lang='grc' dir='ltr'>ἀνδρὸς</span> <span class='ocrx_word' id='word_1_30' title='bbox 688 448 794 485; x_wconf 75' lang='grc' dir='ltr'>εὐνάν.</span> <span class='ocrx_word' id='word_1_31' title='bbox 1194 460 1258 494; x_wconf 86' lang='lat'>470</span> 
     </span>
     <span class='ocr_line' id='line_1_19' title="bbox 316 500 1255 549; baseline 0.002 -14"><span class='ocrx_word' id='word_1_32' title='bbox 316 500 387 536; x_wconf 82' lang='grc' dir='ltr'>οὐδ’</span> <span class='ocrx_word' id='word_1_33' title='bbox 405 500 453 536; x_wconf 85' lang='grc' dir='ltr'>ἐνὶ</span> <span class='ocrx_word' id='word_1_34' title='bbox 469 501 595 536; x_wconf 89' lang='grc' dir='ltr'>πόλεσι</span> <span class='ocrx_word' id='word_1_35' title='bbox 612 500 678 547; x_wconf 80' lang='grc' dir='ltr'>γὰρ</span> <span class='ocrx_word' id='word_1_36' title='bbox 696 501 854 548; x_wconf 78' lang='grc' dir='ltr'>δίπτυχοι</span> <span class='ocrx_word' id='word_1_37' title='bbox 872 500 1062 549; x_wconf 78' lang='grc' dir='ltr'>τυραννίδες</span> <span class='ocrx_word' id='word_1_38' title='bbox 1185 501 1255 537; x_wconf 87' lang='grc' dir='ltr'>ἀντ.</span> 
     </span>
     <span class='ocr_line' id='line_1_20' title="bbox 317 553 725 600; baseline 0.005 -14"><span class='ocrx_word' id='word_1_39' title='bbox 317 555 395 597; x_wconf 84' lang='grc' dir='ltr'>μιᾶς</span> <span class='ocrx_word' id='word_1_40' title='bbox 412 553 579 598; x_wconf 83' lang='grc' dir='ltr'>ἀμείνονες</span> <span class='ocrx_word' id='word_1_41' title='bbox 596 553 725 600; x_wconf 85' lang='grc' dir='ltr'>φέρειν,</span> 
     </span>
    </p>

    <p class='ocr_par' dir='ltr' id='par_1_16' title="bbox 315 604 1254 707">
     <span class='ocr_line' id='line_1_21' title="bbox 317 604 1254 652; baseline 0.005 -14"><span class='ocrx_word' id='word_1_42' title='bbox 317 604 423 650; x_wconf 80' lang='grc' dir='ltr'>ἄχθος</span> <span class='ocrx_word' id='word_1_43' title='bbox 439 606 467 639; x_wconf 75' lang='grc' dir='ltr'>τ’</span> <span class='ocrx_word' id='word_1_44' title='bbox 487 604 540 641; x_wconf 82' lang='grc' dir='ltr'>ἐπ’</span> <span class='ocrx_word' id='word_1_45' title='bbox 553 604 651 651; x_wconf 76' lang='grc' dir='ltr'>ἄχθει</span> <span class='ocrx_word' id='word_1_46' title='bbox 670 607 723 642; x_wconf 83' lang='grc' dir='ltr'>καὶ</span> <span class='ocrx_word' id='word_1_47' title='bbox 742 607 864 644; x_wconf 78' lang='grc' dir='ltr'>στάσις</span> <span class='ocrx_word' id='word_1_48' title='bbox 881 606 1045 644; x_wconf 80' lang='grc' dir='ltr'>πολίταις.</span> <span class='ocrx_word' id='word_1_49' title='bbox 1193 618 1254 652; x_wconf 84' lang='grc'>475</span> 
     </span>
     <span class='ocr_line' id='line_1_22' title="bbox 315 657 939 707; baseline 0.006 -16"><span class='ocrx_word' id='word_1_50' title='bbox 315 659 420 693; x_wconf 81' lang='grc' dir='ltr'>τόνων</span> <span class='ocrx_word' id='word_1_51' title='bbox 437 657 469 692; x_wconf 76' lang='grc' dir='ltr'>θ’</span> <span class='ocrx_word' id='word_1_52' title='bbox 488 657 591 703; x_wconf 79' lang='grc' dir='ltr'>ὕμνου</span> <span class='ocrx_word' id='word_1_53' title='bbox 609 660 830 707; x_wconf 87' lang='grc' dir='ltr'>συνεργάταιν</span> <span class='ocrx_word' id='word_1_54' title='bbox 848 660 939 695; x_wconf 91' lang='grc' dir='ltr'>δυοῖν</span> 
     </span>
    </p>

    <p class='ocr_par' dir='ltr' id='par_1_17' title="bbox 315 710 868 759">
     <span class='ocr_line' id='line_1_23' title="bbox 315 710 868 759; baseline 0.004 -15"><span class='ocrx_word' id='word_1_55' title='bbox 315 710 386 756; x_wconf 76' lang='grc' dir='ltr'>ἔριν</span> <span class='ocrx_word' id='word_1_56' title='bbox 403 712 538 745; x_wconf 85' lang='grc' dir='ltr'>Μοῦσαι</span> <span class='ocrx_word' id='word_1_57' title='bbox 556 711 702 757; x_wconf 83' lang='grc' dir='ltr'>φιλοῦσι</span> <span class='ocrx_word' id='word_1_58' title='bbox 716 712 868 759; x_wconf 89' lang='grc' dir='ltr'>κραίνειν·</span> 
     </span>
    </p>

    <p class='ocr_par' dir='ltr' id='par_1_18' title="bbox 314 760 1255 863">
     <span class='ocr_line' id='line_1_24' title="bbox 314 760 1254 810; baseline 0 -13"><span class='ocrx_word' id='word_1_59' title='bbox 314 763 412 798; x_wconf 86' lang='grc' dir='ltr'>πνοαὶ</span> <span class='ocrx_word' id='word_1_60' title='bbox 431 760 461 798; x_wconf 85' lang='grc' dir='ltr'>δ’</span> <span class='ocrx_word' id='word_1_61' title='bbox 482 762 561 798; x_wconf 83' lang='grc' dir='ltr'>ὅταν</span> <span class='ocrx_word' id='word_1_62' title='bbox 578 762 713 810; x_wconf 80' lang='grc' dir='ltr'>φέρωσι</span> <span class='ocrx_word' id='word_1_63' title='bbox 731 765 905 801; x_wconf 82' lang='grc' dir='ltr'>ναυτίλους</span> <span class='ocrx_word' id='word_1_64' title='bbox 924 764 1010 805; x_wconf 76' lang='grc' dir='ltr'>θοαὶ,</span> <span class='ocrx_word' id='word_1_65' title='bbox 1177 777 1254 807; x_wconf 87' lang='grc' dir='ltr'>στρ.</span> 
     </span>
     <span class='ocr_line' id='line_1_25' title="bbox 316 815 1255 863; baseline 0.002 -13"><span class='ocrx_word' id='word_1_66' title='bbox 316 815 398 850; x_wconf 80' lang='grc' dir='ltr'>κατὰ</span> <span class='ocrx_word' id='word_1_67' title='bbox 414 815 587 860; x_wconf 85' lang='grc' dir='ltr'>πηδαλίων</span> <span class='ocrx_word' id='word_1_68' title='bbox 604 815 724 861; x_wconf 89' lang='grc' dir='ltr'>διδύμα</span> <span class='ocrx_word' id='word_1_69' title='bbox 740 817 915 863; x_wconf 86' lang='grc' dir='ltr'>πραπίδων</span> <span class='ocrx_word' id='word_1_70' title='bbox 931 818 1047 863; x_wconf 87' lang='grc' dir='ltr'>γνώμα</span> <span class='ocrx_word' id='word_1_71' title='bbox 1192 821 1255 860; x_wconf 88' lang='lat'>480</span> 
     </span>
    </p>
   </div>
   <div class='ocr_carea' id='block_1_16' title="bbox 298 868 1189 3593">
    <p class='ocr_par' dir='ltr' id='par_1_19' title="bbox 310 868 1189 2124">
     <span class='ocr_line' id='line_1_26' title="bbox 316 868 1040 916; baseline 0.003 -14"><span class='ocrx_word' id='word_1_72' title='bbox 316 868 437 913; x_wconf 81' lang='grc' dir='ltr'>σοφῶν</span> <span class='ocrx_word' id='word_1_73' title='bbox 453 882 490 902; x_wconf 90' lang='grc' dir='ltr'>τε</span> <span class='ocrx_word' id='word_1_74' title='bbox 507 868 637 913; x_wconf 86' lang='grc' dir='ltr'>πλῆθος</span> <span class='ocrx_word' id='word_1_75' title='bbox 655 868 777 916; x_wconf 90' lang='grc' dir='ltr'>ἀθρόον</span> <span class='ocrx_word' id='word_1_76' title='bbox 795 869 1040 915; x_wconf 87' lang='grc' dir='ltr'>ἀσθενέστερον</span> 
     </span>
     <span class='ocr_line' id='line_1_27' title="bbox 316 920 911 968; baseline 0.005 -14"><span class='ocrx_word' id='word_1_77' title='bbox 316 920 528 966; x_wconf 83' lang='grc' dir='ltr'>φαυλοτέρας</span> <span class='ocrx_word' id='word_1_78' title='bbox 544 921 669 968; x_wconf 87' lang='grc' dir='ltr'>φρενὸς</span> <span class='ocrx_word' id='word_1_79' title='bbox 687 922 911 968; x_wconf 80' lang='grc' dir='ltr'>αὐτοκρατοΰς</span> 
     </span>
     <span class='ocr_line' id='line_1_28' title="bbox 316 971 1187 1020; baseline 0.005 -14"><span class='ocrx_word' id='word_1_80' title='bbox 316 973 397 1016; x_wconf 83' lang='grc' dir='ltr'>ἑνὸς,</span> <span class='ocrx_word' id='word_1_81' title='bbox 416 971 438 1006; x_wconf 77' lang='grc' dir='ltr'><strong><em>ἃ</em></strong></span> <span class='ocrx_word' id='word_1_82' title='bbox 456 972 592 1010; x_wconf 81' lang='grc' dir='ltr'>δύνασις</span> <span class='ocrx_word' id='word_1_83' title='bbox 609 972 670 1008; x_wconf 84' lang='grc' dir='ltr'>ἀνά</span> <span class='ocrx_word' id='word_1_84' title='bbox 687 987 725 1008; x_wconf 92' lang='grc' dir='ltr'>τε</span> <span class='ocrx_word' id='word_1_85' title='bbox 742 973 896 1020; x_wconf 91' lang='grc' dir='ltr'>μέλαθρα</span> <span class='ocrx_word' id='word_1_86' title='bbox 915 975 997 1009; x_wconf 87' lang='grc' dir='ltr'>κατά</span> <span class='ocrx_word' id='word_1_87' title='bbox 1014 987 1050 1008; x_wconf 91' lang='grc' dir='ltr'>τε</span> <span class='ocrx_word' id='word_1_88' title='bbox 1067 975 1187 1010; x_wconf 83' lang='grc' dir='ltr'>πόλιας</span> 
     </span>
     <span class='ocr_line' id='line_1_29' title="bbox 316 1024 852 1072; baseline 0.004 -13"><span class='ocrx_word' id='word_1_89' title='bbox 316 1026 440 1060; x_wconf 88' lang='grc' dir='ltr'>ὁπόταν</span> <span class='ocrx_word' id='word_1_90' title='bbox 457 1025 565 1072; x_wconf 81' lang='grc' dir='ltr'>εὑρεῖν</span> <span class='ocrx_word' id='word_1_91' title='bbox 582 1024 710 1061; x_wconf 84' lang='grc' dir='ltr'>θέλωσι</span> <span class='ocrx_word' id='word_1_92' title='bbox 729 1029 852 1072; x_wconf 90' lang='grc' dir='ltr'>καιρόν.</span> 
     </span>
     <span class='ocr_line' id='line_1_30' title="bbox 315 1077 946 1124; baseline 0.002 -12"><span class='ocrx_word' id='word_1_93' title='bbox 315 1077 441 1121; x_wconf 77' lang='grc' dir='ltr'>ἔδειξεν</span> <span class='ocrx_word' id='word_1_94' title='bbox 456 1077 476 1122; x_wconf 85' lang='grc' dir='ltr'>ἡ</span> <span class='ocrx_word' id='word_1_95' title='bbox 495 1079 638 1113; x_wconf 81' lang='grc' dir='ltr'>Λάκαινα</span> <span class='ocrx_word' id='word_1_96' title='bbox 655 1080 714 1113; x_wconf 82' lang='grc' dir='ltr'>τοῦ</span> <span class='ocrx_word' id='word_1_97' title='bbox 733 1079 946 1124; x_wconf 85' lang='grc' dir='ltr'>στρατηλάτα</span> 
     </span>
     <span class='ocr_line' id='line_1_31' title="bbox 315 1128 1122 1178; baseline 0.004 -14"><span class='ocrx_word' id='word_1_98' title='bbox 315 1130 463 1165; x_wconf 82' lang='grc' dir='ltr'>Μενέλα·</span> <span class='ocrx_word' id='word_1_99' title='bbox 492 1131 547 1165; x_wconf 82' lang='grc' dir='ltr'>διὰ</span> <span class='ocrx_word' id='word_1_100' title='bbox 562 1131 628 1177; x_wconf 90' lang='grc' dir='ltr'>γὰρ</span> <span class='ocrx_word' id='word_1_101' title='bbox 645 1131 750 1177; x_wconf 87' lang='grc' dir='ltr'>πυρὸς</span> <span class='ocrx_word' id='word_1_102' title='bbox 768 1128 844 1173; x_wconf 83' lang='grc' dir='ltr'>ἦλθ’</span> <span class='ocrx_word' id='word_1_103' title='bbox 863 1130 964 1178; x_wconf 80' lang='grc' dir='ltr'>ἑτέρῳ</span> <span class='ocrx_word' id='word_1_104' title='bbox 982 1132 1122 1178; x_wconf 82' lang='grc' dir='ltr'>λέκτρῳ,</span> 
     </span>
     <span class='ocr_line' id='line_1_32' title="bbox 315 1181 1001 1230; baseline 0.001 -13"><span class='ocrx_word' id='word_1_105' title='bbox 315 1183 432 1218; x_wconf 84' lang='grc' dir='ltr'>κτείνει</span> <span class='ocrx_word' id='word_1_106' title='bbox 450 1183 486 1217; x_wconf 81' lang='grc' dir='ltr'>δὲ</span> <span class='ocrx_word' id='word_1_107' title='bbox 504 1183 564 1227; x_wconf 93' lang='grc' dir='ltr'>τὴν</span> <span class='ocrx_word' id='word_1_108' title='bbox 579 1184 737 1217; x_wconf 85' lang='grc' dir='ltr'>τάλαιναν</span> <span class='ocrx_word' id='word_1_109' title='bbox 755 1181 882 1218; x_wconf 84' lang='grc' dir='ltr'>Ἰλιάδα</span> <span class='ocrx_word' id='word_1_110' title='bbox 902 1184 1001 1230; x_wconf 89' lang='grc' dir='ltr'>κόραν</span> 
     </span>
     <span class='ocr_line' id='line_1_33' title="bbox 314 1234 925 1282; baseline 0.003 -13"><span class='ocrx_word' id='word_1_111' title='bbox 314 1235 417 1270; x_wconf 87' lang='grc' dir='ltr'>παῖδά</span> <span class='ocrx_word' id='word_1_112' title='bbox 434 1249 471 1270; x_wconf 89' lang='grc' dir='ltr'>τε</span> <span class='ocrx_word' id='word_1_113' title='bbox 490 1234 683 1282; x_wconf 81' lang='grc' dir='ltr'>δύσφρονος</span> <span class='ocrx_word' id='word_1_114' title='bbox 701 1236 810 1282; x_wconf 82' lang='grc' dir='ltr'>ἔριδος</span> <span class='ocrx_word' id='word_1_115' title='bbox 827 1234 925 1282; x_wconf 81' lang='grc' dir='ltr'>ὕπερ.</span> 
     </span>
     <span class='ocr_line' id='line_1_34' title="bbox 316 1287 1189 1334; baseline 0.003 -13"><span class='ocrx_word' id='word_1_116' title='bbox 316 1287 425 1327; x_wconf 76' lang='grc' dir='ltr'>ἄθεος,</span> <span class='ocrx_word' id='word_1_117' title='bbox 445 1287 576 1332; x_wconf 76' lang='grc' dir='ltr'>ἄνομος,</span> <span class='ocrx_word' id='word_1_118' title='bbox 595 1288 713 1334; x_wconf 74' lang='grc' dir='ltr'>ἄχαρις</span> <span class='ocrx_word' id='word_1_119' title='bbox 731 1289 749 1322; x_wconf 86' lang='grc' dir='ltr'><strong><em>ὁ</em></strong></span> <span class='ocrx_word' id='word_1_120' title='bbox 768 1289 882 1334; x_wconf 90' lang='grc' dir='ltr'>φόνος.</span> <span class='ocrx_word' id='word_1_121' title='bbox 920 1289 969 1323; x_wconf 79' lang='grc' dir='ltr'>ἔτι</span> <span class='ocrx_word' id='word_1_122' title='bbox 987 1302 1041 1330; x_wconf 87' lang='grc' dir='ltr'>σε,</span> <span class='ocrx_word' id='word_1_123' title='bbox 1059 1290 1189 1331; x_wconf 87' lang='grc' dir='ltr'>πότνια,</span> 
     </span>
     <span class='ocr_line' id='line_1_35' title="bbox 313 1339 903 1388; baseline 0.002 -13"><span class='ocrx_word' id='word_1_124' title='bbox 313 1341 505 1386; x_wconf 82' lang='grc' dir='ltr'>μετατροπὰ</span> <span class='ocrx_word' id='word_1_125' title='bbox 522 1339 616 1375; x_wconf 80' lang='grc' dir='ltr'>τῶνδ’</span> <span class='ocrx_word' id='word_1_126' title='bbox 636 1341 766 1375; x_wconf 73' lang='grc' dir='ltr'>ἔπεισιν</span> <span class='ocrx_word' id='word_1_127' title='bbox 784 1342 903 1388; x_wconf 79' lang='grc' dir='ltr'>ἔργων.</span> 
     </span>
     <span class='ocr_line' id='line_1_36' title="bbox 315 1391 881 1440; baseline 0.002 -13"><span class='ocrx_word' id='word_1_128' title='bbox 315 1394 368 1427; x_wconf 82' lang='grc' dir='ltr'>καὶ</span> <span class='ocrx_word' id='word_1_129' title='bbox 385 1393 450 1438; x_wconf 89' lang='grc' dir='ltr'>μὴν</span> <span class='ocrx_word' id='word_1_130' title='bbox 467 1393 577 1439; x_wconf 84' lang='grc' dir='ltr'>ἐσορῶ</span> <span class='ocrx_word' id='word_1_131' title='bbox 597 1392 672 1427; x_wconf 91' lang='grc' dir='ltr'>τόδε</span> <span class='ocrx_word' id='word_1_132' title='bbox 691 1391 881 1440; x_wconf 87' lang='grc' dir='ltr'>σύγκρατον</span> 
     </span>
     <span class='ocr_line' id='line_1_37' title="bbox 315 1445 651 1492; baseline 0 -13"><span class='ocrx_word' id='word_1_133' title='bbox 315 1447 430 1492; x_wconf 76' lang='grc' dir='ltr'>ζεῦγος</span> <span class='ocrx_word' id='word_1_134' title='bbox 447 1446 514 1492; x_wconf 90' lang='grc' dir='ltr'>πρὸ</span> <span class='ocrx_word' id='word_1_135' title='bbox 532 1445 651 1490; x_wconf 89' lang='grc' dir='ltr'>δόμων,</span> 
     </span>
     <span class='ocr_line' id='line_1_38' title="bbox 313 1496 890 1546; baseline 0.003 -14"><span class='ocrx_word' id='word_1_136' title='bbox 313 1496 428 1546; x_wconf 74' lang='grc' dir='ltr'>’ψήφῳ</span> <span class='ocrx_word' id='word_1_137' title='bbox 447 1497 588 1532; x_wconf 90' lang='grc' dir='ltr'>θανάτου</span> <span class='ocrx_word' id='word_1_138' title='bbox 608 1497 890 1544; x_wconf 82' lang='grc' dir='ltr'>κατακεκριμένον.</span> 
     </span>
     <span class='ocr_line' id='line_1_39' title="bbox 315 1549 947 1596; baseline 0.003 -12"><span class='ocrx_word' id='word_1_139' title='bbox 315 1549 458 1594; x_wconf 80' lang='grc' dir='ltr'>δύστηνε</span> <span class='ocrx_word' id='word_1_140' title='bbox 475 1549 584 1596; x_wconf 91' lang='grc' dir='ltr'>γύναι,</span> <span class='ocrx_word' id='word_1_141' title='bbox 602 1551 730 1595; x_wconf 81' lang='grc' dir='ltr'>τλῆμον</span> <span class='ocrx_word' id='word_1_142' title='bbox 744 1550 780 1585; x_wconf 81' lang='grc' dir='ltr'>δὲ</span> <span class='ocrx_word' id='word_1_143' title='bbox 800 1552 857 1591; x_wconf 85' lang='grc' dir='ltr'>σὺ,</span> <span class='ocrx_word' id='word_1_144' title='bbox 877 1553 947 1596; x_wconf 90' lang='grc' dir='ltr'>παῖ,</span> 
     </span>
     <span class='ocr_line' id='line_1_40' title="bbox 312 1601 901 1649; baseline 0.007 -13"><span class='ocrx_word' id='word_1_145' title='bbox 312 1603 435 1649; x_wconf 86' lang='grc' dir='ltr'>μητρὸς</span> <span class='ocrx_word' id='word_1_146' title='bbox 451 1602 580 1648; x_wconf 86' lang='grc' dir='ltr'>λεχέων</span> <span class='ocrx_word' id='word_1_147' title='bbox 598 1601 634 1639; x_wconf 85' lang='grc' dir='ltr'>ὃς</span> <span class='ocrx_word' id='word_1_148' title='bbox 651 1602 901 1649; x_wconf 85' lang='grc' dir='ltr'>ὑπερθνὴσκεις,</span> 
     </span>
     <span class='ocr_line' id='line_1_41' title="bbox 314 1655 584 1701; baseline 0 -12"><span class='ocrx_word' id='word_1_149' title='bbox 314 1655 409 1690; x_wconf 80' lang='grc' dir='ltr'>οὐδὲν</span> <span class='ocrx_word' id='word_1_150' title='bbox 424 1657 584 1701; x_wconf 85' lang='grc' dir='ltr'>μετέχων,</span> 
     </span>
     <span class='ocr_line' id='line_1_42' title="bbox 314 1706 802 1750; baseline 0.004 -8"><span class='ocrx_word' id='word_1_151' title='bbox 314 1707 382 1742; x_wconf 81' lang='grc' dir='ltr'>οὐδ’</span> <span class='ocrx_word' id='word_1_152' title='bbox 403 1706 507 1744; x_wconf 76' lang='grc' dir='ltr'>α’ίτιος</span> <span class='ocrx_word' id='word_1_153' title='bbox 524 1707 569 1744; x_wconf 80' lang='grc' dir='ltr'>ὣν</span> <span class='ocrx_word' id='word_1_154' title='bbox 586 1709 802 1750; x_wconf 86' lang='grc' dir='ltr'>βασιλεῦσιν.</span> 
     </span>
     <span class='ocr_line' id='line_1_43' title="bbox 314 1759 723 1807; baseline 0 -12"><span class='ocrx_word' id='word_1_155' title='bbox 314 1759 365 1795; x_wconf 82' lang='grc' dir='ltr'>ἅδ’</span> <span class='ocrx_word' id='word_1_156' title='bbox 387 1761 451 1806; x_wconf 86' lang='grc' dir='ltr'>ἐγὼ</span> <span class='ocrx_word' id='word_1_157' title='bbox 469 1760 568 1807; x_wconf 87' lang='grc' dir='ltr'>χέρας</span> <span class='ocrx_word' id='word_1_158' title='bbox 587 1761 723 1805; x_wconf 80' lang='grc' dir='ltr'>αἱματη-</span> 
     </span>
     <span class='ocr_line' id='line_1_44' title="bbox 311 1813 755 1860; baseline 0.007 -13"><span class='ocrx_word' id='word_1_159' title='bbox 311 1813 372 1860; x_wconf 86' lang='grc' dir='ltr'>ρὰς</span> <span class='ocrx_word' id='word_1_160' title='bbox 388 1815 552 1860; x_wconf 85' lang='grc' dir='ltr'>βρόχοισι</span> <span class='ocrx_word' id='word_1_161' title='bbox 570 1815 755 1859; x_wconf 85' lang='grc' dir='ltr'>κεκλῃμένα</span> 
     </span>
     <span class='ocr_line' id='line_1_45' title="bbox 311 1865 707 1912; baseline -0.005 -11"><span class='ocrx_word' id='word_1_162' title='bbox 311 1865 482 1911; x_wconf 87' lang='grc' dir='ltr'>πέμπομαι</span> <span class='ocrx_word' id='word_1_163' title='bbox 500 1866 584 1901; x_wconf 85' lang='grc' dir='ltr'>κατὰ</span> <span class='ocrx_word' id='word_1_164' title='bbox 600 1867 707 1912; x_wconf 86' lang='grc' dir='ltr'>γαίας.</span> 
     </span>
     <span class='ocr_line' id='line_1_46' title="bbox 312 1919 752 1965; baseline 0.005 -13"><span class='ocrx_word' id='word_1_165' title='bbox 312 1920 416 1965; x_wconf 84' lang='grc' dir='ltr'>μᾶτερ</span> <span class='ocrx_word' id='word_1_166' title='bbox 433 1921 549 1965; x_wconf 84' lang='grc' dir='ltr'>μᾶτερ,</span> <span class='ocrx_word' id='word_1_167' title='bbox 568 1919 633 1965; x_wconf 83' lang='grc' dir='ltr'>ἐγὼ</span> <span class='ocrx_word' id='word_1_168' title='bbox 651 1919 687 1954; x_wconf 81' lang='grc' dir='ltr'>δὲ</span> <span class='ocrx_word' id='word_1_169' title='bbox 706 1920 752 1965; x_wconf 77' lang='grc' dir='ltr'>σᾷ</span> 
     </span>
     <span class='ocr_line' id='line_1_47' title="bbox 311 1971 734 2019; baseline -0.002 -12"><span class='ocrx_word' id='word_1_170' title='bbox 311 1971 449 2019; x_wconf 86' lang='grc' dir='ltr'>πτέρυγι</span> <span class='ocrx_word' id='word_1_171' title='bbox 469 1971 734 2018; x_wconf 85' lang='grc' dir='ltr'>συγκαταβαίνω.</span> 
     </span>
     <span class='ocr_line' id='line_1_48' title="bbox 310 2023 704 2070; baseline 0.005 -12"><span class='ocrx_word' id='word_1_172' title='bbox 310 2023 397 2069; x_wconf 87' lang='grc' dir='ltr'>θῦμα</span> <span class='ocrx_word' id='word_1_173' title='bbox 415 2024 518 2064; x_wconf 81' lang='grc' dir='ltr'>δάϊον,</span> <span class='ocrx_word' id='word_1_174' title='bbox 539 2023 564 2058; x_wconf 75' lang='grc' dir='ltr'><em>ὦ</em></span> <span class='ocrx_word' id='word_1_175' title='bbox 581 2023 704 2070; x_wconf 88' lang='grc' dir='ltr'>χθονὸς</span> 
     </span>
     <span class='ocr_line' id='line_1_49' title="bbox 311 2076 618 2124; baseline 0.003 -13"><span class='ocrx_word' id='word_1_176' title='bbox 311 2076 415 2113; x_wconf 86' lang='grc' dir='ltr'>Φθίας</span> <span class='ocrx_word' id='word_1_177' title='bbox 433 2076 618 2124; x_wconf 88' lang='grc' dir='ltr'>κράντορες.</span> 
     </span>
    </p>

    <p class='ocr_par' dir='ltr' id='par_1_20' title="bbox 298 2128 990 3593">
     <span class='ocr_line' id='line_1_50' title="bbox 652 2128 812 2176; baseline 0.006 -13"><span class='ocrx_word' id='word_1_178' title='bbox 652 2128 678 2163; x_wconf 83' lang='grc' dir='ltr'><em>ὦ</em></span> <span class='ocrx_word' id='word_1_179' title='bbox 695 2129 812 2176; x_wconf 86' lang='grc' dir='ltr'>πάτερ,</span> 
     </span>
     <span class='ocr_line' id='line_1_51' title="bbox 311 2181 734 2228; baseline -0.002 -11"><span class='ocrx_word' id='word_1_180' title='bbox 311 2183 397 2228; x_wconf 90' lang='grc' dir='ltr'>μόλε</span> <span class='ocrx_word' id='word_1_181' title='bbox 414 2181 531 2228; x_wconf 87' lang='grc' dir='ltr'>φίλοις</span> <span class='ocrx_word' id='word_1_182' title='bbox 550 2181 734 2228; x_wconf 84' lang='grc' dir='ltr'>ἐπίκουρος.</span> 
     </span>
     <span class='ocr_line' id='line_1_52' title="bbox 310 2233 807 2280; baseline 0.002 -11"><span class='ocrx_word' id='word_1_183' title='bbox 310 2234 415 2270; x_wconf 90' lang='grc' dir='ltr'>κείσει</span> <span class='ocrx_word' id='word_1_184' title='bbox 433 2235 484 2280; x_wconf 87' lang='grc' dir='ltr'>δὴ,</span> <span class='ocrx_word' id='word_1_185' title='bbox 504 2234 628 2276; x_wconf 90' lang='grc' dir='ltr'>τέκνον,</span> <span class='ocrx_word' id='word_1_186' title='bbox 647 2233 673 2268; x_wconf 79' lang='grc' dir='ltr'><em>ὦ</em></span> <span class='ocrx_word' id='word_1_187' title='bbox 691 2235 807 2280; x_wconf 84' lang='grc' dir='ltr'>φίλος,</span> 
     </span>
     <span class='ocr_line' id='line_1_53' title="bbox 309 2287 797 2334; baseline -0.002 -11"><span class='ocrx_word' id='word_1_188' title='bbox 309 2288 451 2333; x_wconf 87' lang='grc' dir='ltr'>μαστοῖς</span> <span class='ocrx_word' id='word_1_189' title='bbox 468 2287 609 2334; x_wconf 82' lang='grc' dir='ltr'>ματέρος</span> <span class='ocrx_word' id='word_1_190' title='bbox 626 2287 715 2332; x_wconf 87' lang='grc' dir='ltr'>ἀμφὶ</span> <span class='ocrx_word' id='word_1_191' title='bbox 734 2289 797 2323; x_wconf 86' lang='grc' dir='ltr'>σᾶς</span> 
     </span>
     <span class='ocr_line' id='line_1_54' title="bbox 310 2337 880 2388; baseline -0.004 -12"><span class='ocrx_word' id='word_1_192' title='bbox 310 2342 422 2387; x_wconf 89' lang='grc' dir='ltr'>νεκρὸς</span> <span class='ocrx_word' id='word_1_193' title='bbox 439 2341 503 2376; x_wconf 85' lang='grc' dir='ltr'>ὑπὸ</span> <span class='ocrx_word' id='word_1_194' title='bbox 521 2340 619 2386; x_wconf 86' lang='grc' dir='ltr'>χθονὶ</span> <span class='ocrx_word' id='word_1_195' title='bbox 638 2339 702 2375; x_wconf 84' lang='grc' dir='ltr'>σὺν</span> <span class='ocrx_word' id='word_1_196' title='bbox 719 2342 822 2388; x_wconf 81' lang='grc' dir='ltr'>νεκρῷ</span> <span class='ocrx_word' id='word_1_197' title='bbox 839 2337 880 2374; x_wconf 91' lang='grc' dir='ltr'>τ’.</span> 
     </span>
     <span class='ocr_line' id='line_1_55' title="bbox 311 2392 766 2438; baseline -0.002 -10"><span class='ocrx_word' id='word_1_198' title='bbox 311 2392 394 2438; x_wconf 79' lang='grc' dir='ltr'>ὤμοι</span> <span class='ocrx_word' id='word_1_199' title='bbox 411 2407 479 2438; x_wconf 91' lang='grc' dir='ltr'>μοι,</span> <span class='ocrx_word' id='word_1_200' title='bbox 498 2394 530 2428; x_wconf 91' lang='grc' dir='ltr'>τί</span> <span class='ocrx_word' id='word_1_201' title='bbox 545 2392 644 2428; x_wconf 81' lang='grc' dir='ltr'>πάθω</span> <span class='ocrx_word' id='word_1_202' title='bbox 661 2394 766 2428; x_wconf 84' lang='grc' dir='ltr'>τάλας</span> 
     </span>
     <span class='ocr_line' id='line_1_56' title="bbox 308 2444 737 2492; baseline 0 -12"><span class='ocrx_word' id='word_1_203' title='bbox 308 2444 377 2490; x_wconf 83' lang='grc' dir='ltr'>δῆτ’</span> <span class='ocrx_word' id='word_1_204' title='bbox 398 2445 464 2492; x_wconf 85' lang='grc' dir='ltr'>ἐγὼ</span> <span class='ocrx_word' id='word_1_205' title='bbox 483 2444 527 2480; x_wconf 89' lang='grc' dir='ltr'>σύ</span> <span class='ocrx_word' id='word_1_206' title='bbox 545 2460 593 2488; x_wconf 90' lang='grc' dir='ltr'>τε,</span> <span class='ocrx_word' id='word_1_207' title='bbox 611 2447 737 2491; x_wconf 63' lang='grc' dir='ltr'>μᾶτερ,</span> 
     </span>
     <span class='ocr_line' id='line_1_57' title="bbox 304 2496 963 2543; baseline -0.002 -11"><span class='ocrx_word' id='word_1_208' title='bbox 304 2496 349 2533; x_wconf 77' lang='grc' dir='ltr'>ἴθ’</span> <span class='ocrx_word' id='word_1_209' title='bbox 369 2497 573 2543; x_wconf 84' lang='grc' dir='ltr'>ὑποχθόνιοι·</span> <span class='ocrx_word' id='word_1_210' title='bbox 601 2499 654 2532; x_wconf 87' lang='grc' dir='ltr'>καὶ</span> <span class='ocrx_word' id='word_1_211' title='bbox 672 2499 737 2543; x_wconf 88' lang='grc' dir='ltr'>γὰρ</span> <span class='ocrx_word' id='word_1_212' title='bbox 756 2496 810 2533; x_wconf 85' lang='grc' dir='ltr'>ἀπ’</span> <span class='ocrx_word' id='word_1_213' title='bbox 830 2496 963 2543; x_wconf 76' lang='grc' dir='ltr'>ἐχθρῶν</span> 
     </span>
     <span class='ocr_line' id='line_1_58' title="bbox 307 2549 916 2598; baseline 0 -13"><span class='ocrx_word' id='word_1_214' title='bbox 307 2550 401 2595; x_wconf 82' lang='grc' dir='ltr'>ἥκετε</span> <span class='ocrx_word' id='word_1_215' title='bbox 418 2549 565 2598; x_wconf 87' lang='grc' dir='ltr'>πύργων·</span> <span class='ocrx_word' id='word_1_216' title='bbox 594 2549 653 2585; x_wconf 85' lang='grc' dir='ltr'>δύο</span> <span class='ocrx_word' id='word_1_217' title='bbox 672 2549 701 2584; x_wconf 84' lang='grc' dir='ltr'>δ’</span> <span class='ocrx_word' id='word_1_218' title='bbox 721 2549 759 2585; x_wconf 84' lang='grc' dir='ltr'>ἐκ</span> <span class='ocrx_word' id='word_1_219' title='bbox 778 2551 916 2585; x_wconf 87' lang='grc' dir='ltr'>δισσαῖν</span> 
     </span>
     <span class='ocr_line' id='line_1_59' title="bbox 307 2602 952 2650; baseline 0.002 -13"><span class='ocrx_word' id='word_1_220' title='bbox 307 2603 458 2648; x_wconf 79' lang='grc' dir='ltr'>θνὴσκετ’</span> <span class='ocrx_word' id='word_1_221' title='bbox 479 2604 646 2650; x_wconf 87' lang='grc' dir='ltr'>ἀνάγκαιν·</span> <span class='ocrx_word' id='word_1_222' title='bbox 674 2604 716 2638; x_wconf 85' lang='grc' dir='ltr'>σέ</span> <span class='ocrx_word' id='word_1_223' title='bbox 733 2603 794 2647; x_wconf 81' lang='grc' dir='ltr'>μὲν</span> <span class='ocrx_word' id='word_1_224' title='bbox 811 2602 952 2649; x_wconf 86' lang='grc' dir='ltr'>ἡμετέρα</span> 
     </span>
     <span class='ocr_line' id='line_1_60' title="bbox 305 2655 926 2702; baseline 0.002 -12"><span class='ocrx_word' id='word_1_225' title='bbox 305 2656 428 2702; x_wconf 80' lang='grc' dir='ltr'>ψῆφος</span> <span class='ocrx_word' id='word_1_226' title='bbox 446 2655 581 2702; x_wconf 83' lang='grc' dir='ltr'>ἀναιρεῖ,</span> <span class='ocrx_word' id='word_1_227' title='bbox 601 2657 704 2691; x_wconf 88' lang='grc' dir='ltr'>παῖδα</span> <span class='ocrx_word' id='word_1_228' title='bbox 721 2656 749 2691; x_wconf 82' lang='grc' dir='ltr'>δ’</span> <span class='ocrx_word' id='word_1_229' title='bbox 770 2655 830 2700; x_wconf 87' lang='grc' dir='ltr'>ἐμὴ</span> <span class='ocrx_word' id='word_1_230' title='bbox 848 2658 926 2692; x_wconf 86' lang='grc' dir='ltr'>παῖς</span> 
     </span>
     <span class='ocr_line' id='line_1_61' title="bbox 304 2706 872 2755; baseline 0 -13"><span class='ocrx_word' id='word_1_231' title='bbox 304 2708 392 2743; x_wconf 89' lang='grc' dir='ltr'>τόνδ’</span> <span class='ocrx_word' id='word_1_232' title='bbox 411 2706 577 2754; x_wconf 83' lang='grc' dir='ltr'>Ἑρμιόνη·</span> <span class='ocrx_word' id='word_1_233' title='bbox 623 2709 676 2743; x_wconf 80' lang='grc' dir='ltr'>καὶ</span> <span class='ocrx_word' id='word_1_234' title='bbox 693 2708 759 2755; x_wconf 82' lang='grc' dir='ltr'>γὰρ</span> <span class='ocrx_word' id='word_1_235' title='bbox 777 2708 872 2743; x_wconf 86' lang='grc' dir='ltr'>ἀνοία</span> 
     </span>
     <span class='ocr_line' id='line_1_62' title="bbox 302 2759 895 2807; baseline 0.002 -13"><span class='ocrx_word' id='word_1_236' title='bbox 302 2761 431 2806; x_wconf 83' lang='grc' dir='ltr'>μεγάλη</span> <span class='ocrx_word' id='word_1_237' title='bbox 449 2762 578 2796; x_wconf 88' lang='grc' dir='ltr'>λείπειν</span> <span class='ocrx_word' id='word_1_238' title='bbox 595 2759 736 2807; x_wconf 81' lang='grc' dir='ltr'>ἐχθροὺς</span> <span class='ocrx_word' id='word_1_239' title='bbox 754 2760 895 2807; x_wconf 77' lang='grc' dir='ltr'>ἐχθρῶν,</span> 
     </span>
     <span class='ocr_line' id='line_1_63' title="bbox 305 2812 535 2856; baseline 0.004 -10"><span class='ocrx_word' id='word_1_240' title='bbox 305 2812 381 2856; x_wconf 81' lang='grc' dir='ltr'>ἐξὸν</span> <span class='ocrx_word' id='word_1_241' title='bbox 398 2814 535 2847; x_wconf 87' lang='grc' dir='ltr'>κτείνειν</span> 
     </span>
     <span class='ocr_line' id='line_1_64' title="bbox 304 2864 821 2912; baseline 0.004 -13"><span class='ocrx_word' id='word_1_242' title='bbox 304 2866 356 2899; x_wconf 87' lang='grc' dir='ltr'>καὶ</span> <span class='ocrx_word' id='word_1_243' title='bbox 374 2866 488 2911; x_wconf 89' lang='grc' dir='ltr'>φόβον</span> <span class='ocrx_word' id='word_1_244' title='bbox 505 2864 603 2900; x_wconf 79' lang='grc' dir='ltr'>οἴκων</span> <span class='ocrx_word' id='word_1_245' title='bbox 620 2865 821 2912; x_wconf 84' lang='grc' dir='ltr'>ἀφελέσθαι.</span> 
     </span>
     <span class='ocr_line' id='line_1_65' title="bbox 304 2915 748 2959; baseline 0.007 -8"><span class='ocrx_word' id='word_1_246' title='bbox 304 2916 330 2951; x_wconf 81' lang='grc' dir='ltr'><strong><em>ὦ</em></strong></span> <span class='ocrx_word' id='word_1_247' title='bbox 347 2921 448 2953; x_wconf 86' lang='grc' dir='ltr'>π’όσις</span> <span class='ocrx_word' id='word_1_248' title='bbox 464 2919 576 2959; x_wconf 89' lang='grc' dir='ltr'>πόσις,</span> <span class='ocrx_word' id='word_1_249' title='bbox 596 2915 663 2952; x_wconf 81' lang='grc' dir='ltr'>εἴθε</span> <span class='ocrx_word' id='word_1_250' title='bbox 683 2918 748 2954; x_wconf 90' lang='grc' dir='ltr'>σὰν</span> 
     </span>
     <span class='ocr_line' id='line_1_66' title="bbox 301 2969 764 3016; baseline 0.004 -13"><span class='ocrx_word' id='word_1_251' title='bbox 301 2971 398 3016; x_wconf 86' lang='grc' dir='ltr'>χεῖρα</span> <span class='ocrx_word' id='word_1_252' title='bbox 416 2970 469 3005; x_wconf 82' lang='grc' dir='ltr'>καὶ</span> <span class='ocrx_word' id='word_1_253' title='bbox 487 2970 567 3016; x_wconf 90' lang='grc' dir='ltr'>δόρυ</span> <span class='ocrx_word' id='word_1_254' title='bbox 586 2969 764 3016; x_wconf 85' lang='grc' dir='ltr'>σύμμαχον</span> 
     </span>
     <span class='ocr_line' id='line_1_67' title="bbox 303 3021 758 3068; baseline 0.004 -13"><span class='ocrx_word' id='word_1_255' title='bbox 303 3021 497 3067; x_wconf 79' lang='grc' dir='ltr'>κτησαίμαν,</span> <span class='ocrx_word' id='word_1_256' title='bbox 517 3022 670 3068; x_wconf 89' lang='grc' dir='ltr'>Πριάμου</span> <span class='ocrx_word' id='word_1_257' title='bbox 687 3025 758 3057; x_wconf 88' lang='grc' dir='ltr'>παῖ.</span> 
     </span>
     <span class='ocr_line' id='line_1_68' title="bbox 305 3072 784 3121; baseline 0.002 -13"><span class='ocrx_word' id='word_1_258' title='bbox 305 3072 478 3118; x_wconf 88' lang='grc' dir='ltr'>δύστανος,</span> <span class='ocrx_word' id='word_1_259' title='bbox 495 3074 530 3108; x_wconf 89' lang='grc' dir='ltr'>τί</span> <span class='ocrx_word' id='word_1_260' title='bbox 547 3073 576 3108; x_wconf 86' lang='grc' dir='ltr'>δ’</span> <span class='ocrx_word' id='word_1_261' title='bbox 596 3075 662 3120; x_wconf 85' lang='grc' dir='ltr'>ἐγὼ</span> <span class='ocrx_word' id='word_1_262' title='bbox 679 3077 784 3121; x_wconf 90' lang='grc' dir='ltr'>μόρου</span> 
     </span>
     <span class='ocr_line' id='line_1_69' title="bbox 302 3124 760 3173; baseline 0.002 -13"><span class='ocrx_word' id='word_1_263' title='bbox 302 3126 517 3173; x_wconf 87' lang='grc' dir='ltr'>παράτροπον</span> <span class='ocrx_word' id='word_1_264' title='bbox 533 3126 635 3162; x_wconf 89' lang='grc' dir='ltr'>τέλος</span> <span class='ocrx_word' id='word_1_265' title='bbox 654 3124 737 3172; x_wconf 80' lang='grc' dir='ltr'>εὕρω</span> <span class='ocrx_word' id='word_1_266' title='bbox 750 3142 760 3167; x_wconf 92' lang='grc'>,-</span> 
     </span>
     <span class='ocr_line' id='line_1_70' title="bbox 301 3176 784 3224; baseline 0 -11"><span class='ocrx_word' id='word_1_267' title='bbox 301 3179 439 3219; x_wconf 87' lang='grc' dir='ltr'>λίσσου,</span> <span class='ocrx_word' id='word_1_268' title='bbox 457 3176 599 3224; x_wconf 76' lang='grc' dir='ltr'>γούνασι</span> <span class='ocrx_word' id='word_1_269' title='bbox 617 3179 784 3213; x_wconf 85' lang='grc' dir='ltr'>δεσπότου</span> 
     </span>
     <span class='ocr_line' id='line_1_71' title="bbox 301 3229 990 3278; baseline 0.003 -13"><span class='ocrx_word' id='word_1_270' title='bbox 301 3230 485 3278; x_wconf 88' lang='grc' dir='ltr'>χρίμπτων,</span> <span class='ocrx_word' id='word_1_271' title='bbox 505 3229 531 3264; x_wconf 78' lang='grc' dir='ltr'>ὦ</span> <span class='ocrx_word' id='word_1_272' title='bbox 548 3230 672 3266; x_wconf 88' lang='grc' dir='ltr'>τέκνον.</span> <span class='ocrx_word' id='word_1_273' title='bbox 729 3236 804 3266; x_wconf 93' lang='grc' dir='ltr'>ΜΟ.</span> <span class='ocrx_word' id='word_1_274' title='bbox 833 3230 859 3265; x_wconf 78' lang='grc' dir='ltr'><em>ὦ</em></span> <span class='ocrx_word' id='word_1_275' title='bbox 877 3231 990 3277; x_wconf 82' lang='grc' dir='ltr'>φίλος,</span> 
     </span>
     <span class='ocr_line' id='line_1_72' title="bbox 303 3282 754 3329; baseline -0.002 -11"><span class='ocrx_word' id='word_1_276' title='bbox 303 3283 418 3329; x_wconf 86' lang='grc' dir='ltr'>φίλος,</span> <span class='ocrx_word' id='word_1_277' title='bbox 437 3282 511 3318; x_wconf 77' lang='grc' dir='ltr'>ἄνες</span> <span class='ocrx_word' id='word_1_278' title='bbox 529 3283 669 3318; x_wconf 87' lang='grc' dir='ltr'>θάνατόν</span> <span class='ocrx_word' id='word_1_279' title='bbox 685 3297 754 3328; x_wconf 91' lang='grc' dir='ltr'>μοι.</span> 
     </span>
     <span class='ocr_line' id='line_1_73' title="bbox 298 3335 763 3382; baseline 0.004 -13"><span class='ocrx_word' id='word_1_280' title='bbox 298 3335 458 3380; x_wconf 88' lang='grc' dir='ltr'>λείβομαι</span> <span class='ocrx_word' id='word_1_281' title='bbox 475 3335 637 3382; x_wconf 88' lang='grc' dir='ltr'>δάκρυσιν</span> <span class='ocrx_word' id='word_1_282' title='bbox 654 3338 763 3381; x_wconf 90' lang='grc' dir='ltr'>κόρας,</span> 
     </span>
     <span class='ocr_line' id='line_1_74' title="bbox 303 3387 812 3435; baseline 0.002 -12"><span class='ocrx_word' id='word_1_283' title='bbox 303 3388 426 3430; x_wconf 80' lang='grc' dir='ltr'>στάζω,</span> <span class='ocrx_word' id='word_1_284' title='bbox 444 3387 612 3424; x_wconf 88' lang='grc' dir='ltr'>λισσάδος</span> <span class='ocrx_word' id='word_1_285' title='bbox 630 3388 674 3423; x_wconf 87' lang='grc' dir='ltr'>ὡς</span> <span class='ocrx_word' id='word_1_286' title='bbox 690 3389 812 3435; x_wconf 80' lang='grc' dir='ltr'>πέτρας</span> 
     </span>
     <span class='ocr_line' id='line_1_75' title="bbox 301 3437 750 3484; baseline 0 -10"><span class='ocrx_word' id='word_1_287' title='bbox 301 3440 403 3482; x_wconf 82' lang='grc' dir='ltr'>λιβὰς</span> <span class='ocrx_word' id='word_1_288' title='bbox 420 3438 554 3484; x_wconf 77' lang='grc' dir='ltr'>ἀνήλιος</span> <span class='ocrx_word' id='word_1_289' title='bbox 570 3442 592 3474; x_wconf 81' lang='grc' dir='ltr'>ἁ</span> <span class='ocrx_word' id='word_1_290' title='bbox 609 3437 750 3475; x_wconf 85' lang='grc' dir='ltr'>τάλαιν’.</span> 
     </span>
     <span class='ocr_line' id='line_1_76' title="bbox 305 3490 798 3539; baseline 0.004 -13"><span class='ocrx_word' id='word_1_291' title='bbox 305 3490 387 3539; x_wconf 80' lang='grc' dir='ltr'>ὤμοι</span> <span class='ocrx_word' id='word_1_292' title='bbox 403 3505 473 3537; x_wconf 88' lang='grc' dir='ltr'>μοι.</span> <span class='ocrx_word' id='word_1_293' title='bbox 508 3492 542 3527; x_wconf 87' lang='grc' dir='ltr'>τί</span> <span class='ocrx_word' id='word_1_294' title='bbox 559 3491 588 3526; x_wconf 82' lang='grc' dir='ltr'>δ’</span> <span class='ocrx_word' id='word_1_295' title='bbox 607 3492 673 3538; x_wconf 81' lang='grc' dir='ltr'>ἐγὼ</span> <span class='ocrx_word' id='word_1_296' title='bbox 692 3495 798 3528; x_wconf 84' lang='grc' dir='ltr'>κακῶν</span> 
     </span>
     <span class='ocr_line' id='line_1_77' title="bbox 301 3541 656 3593; baseline 0.003 -14"><span class='ocrx_word' id='word_1_297' title='bbox 301 3545 407 3593; x_wconf 78' lang='grc' dir='ltr'>μῆχος</span> <span class='ocrx_word' id='word_1_298' title='bbox 424 3541 656 3591; x_wconf 65' lang='grc' dir='ltr'>ἐξανύσωμαη</span> 
     </span>
    </p>
   </div>
   <div class='ocr_carea' id='block_1_17' title="bbox 1185 1031 1254 1115">
    <p class='ocr_par' dir='ltr' id='par_1_21' title="bbox 1185 1031 1254 1115">
     <span class='ocr_line' id='line_1_78' title="bbox 1193 1031 1253 1091; baseline 0 0"><span class='ocrx_word' id='word_1_299' title='bbox 1193 1031 1253 1091; x_wconf 71' lang='grc'>;·85</span> 
     </span>
     <span class='ocr_line' id='line_1_79' title="bbox 1185 1094 1254 1115; baseline 0.014 -1"><span class='ocrx_word' id='word_1_300' title='bbox 1185 1094 1254 1115; x_wconf 74' lang='grc' dir='ltr'>(ΠΙΤο</span> 
     </span>
    </p>
   </div>
   <div class='ocr_carea' id='block_1_18' title="bbox 1192 1250 1255 1283">
    <p class='ocr_par' dir='ltr' id='par_1_22' title="bbox 1192 1250 1255 1283">
     <span class='ocr_line' id='line_1_80' title="bbox 1192 1250 1255 1283; baseline 0.048 -3"><span class='ocrx_word' id='word_1_301' title='bbox 1192 1250 1255 1283; x_wconf 78' lang='lat'>490</span> 
     </span>
    </p>
   </div>
   <div class='ocr_carea' id='block_1_19' title="bbox 1191 1460 1251 1492">
    <p class='ocr_par' dir='ltr' id='par_1_23' title="bbox 1191 1460 1251 1492">
     <span class='ocr_line' id='line_1_81' title="bbox 1191 1460 1251 1492; baseline 0.033 -2"><span class='ocrx_word' id='word_1_302' title='bbox 1191 1460 1251 1492; x_wconf 84' lang='lat'>495</span> 
     </span>
    </p>
   </div>
   <div class='ocr_carea' id='block_1_20' title="bbox 1174 1777 1250 1809">
    <p class='ocr_par' dir='ltr' id='par_1_24' title="bbox 1174 1777 1250 1809">
     <span class='ocr_line' id='line_1_82' title="bbox 1174 1777 1250 1809; baseline 0 -12"><span class='ocrx_word' id='word_1_303' title='bbox 1174 1777 1250 1809; x_wconf 88' lang='grc' dir='ltr'>στρ.</span> 
     </span>
    </p>
   </div>
   <div class='ocr_carea' id='block_1_21' title="bbox 1186 1985 1248 2017">
    <p class='ocr_par' dir='ltr' id='par_1_25' title="bbox 1186 1985 1248 2017">
     <span class='ocr_line' id='line_1_83' title="bbox 1186 1985 1248 2017; baseline 0 0"><span class='ocrx_word' id='word_1_304' title='bbox 1186 1985 1248 2017; x_wconf 83' lang='lat'>505</span> 
     </span>
    </p>
   </div>
   <div class='ocr_carea' id='block_1_22' title="bbox 1185 2247 1247 2279">
    <p class='ocr_par' dir='ltr' id='par_1_26' title="bbox 1185 2247 1247 2279">
     <span class='ocr_line' id='line_1_84' title="bbox 1185 2247 1247 2279; baseline 0 -10"><span class='ocrx_word' id='word_1_305' title='bbox 1185 2247 1247 2279; x_wconf 82' lang='lat'>5¹0</span> 
     </span>
    </p>
   </div>
   <div class='ocr_carea' id='block_1_23' title="bbox 1182 2508 1241 2542">
    <p class='ocr_par' dir='ltr' id='par_1_27' title="bbox 1182 2508 1241 2542">
     <span class='ocr_line' id='line_1_85' title="bbox 1182 2508 1241 2542; baseline 0.017 -1"><span class='ocrx_word' id='word_1_306' title='bbox 1182 2508 1241 2542; x_wconf 83' lang='lat'>5¹5</span> 
     </span>
    </p>
   </div>
   <div class='ocr_carea' id='block_1_24' title="bbox 1179 2719 1240 2752">
    <p class='ocr_par' dir='ltr' id='par_1_28' title="bbox 1179 2719 1240 2752">
     <span class='ocr_line' id='line_1_86' title="bbox 1179 2719 1240 2752; baseline 0 -9"><span class='ocrx_word' id='word_1_307' title='bbox 1179 2719 1240 2752; x_wconf 89' lang='lat'>520</span> 
     </span>
    </p>
   </div>
   <div class='ocr_carea' id='block_1_25' title="bbox 1167 2917 1235 2953">
    <p class='ocr_par' dir='ltr' id='par_1_29' title="bbox 1167 2917 1235 2953">
     <span class='ocr_line' id='line_1_87' title="bbox 1167 2917 1235 2953; baseline 0 -1"><span class='ocrx_word' id='word_1_308' title='bbox 1167 2917 1235 2953; x_wconf 84' lang='grc' dir='ltr'>ἀντ.</span> 
     </span>
    </p>
   </div>
   <div class='ocr_carea' id='block_1_26' title="bbox 1176 3036 1235 3068">
    <p class='ocr_par' dir='ltr' id='par_1_30' title="bbox 1176 3036 1235 3068">
     <span class='ocr_line' id='line_1_88' title="bbox 1176 3036 1235 3068; baseline 0 0"><span class='ocrx_word' id='word_1_309' title='bbox 1176 3036 1235 3068; x_wconf 85' lang='lat'>525</span> 
     </span>
    </p>
   </div>
   <div class='ocr_carea' id='block_1_27' title="bbox 1173 3506 1232 3540">
    <p class='ocr_par' dir='ltr' id='par_1_31' title="bbox 1173 3506 1232 3540">
     <span class='ocr_line' id='line_1_89' title="bbox 1173 3506 1232 3540; baseline 0 -1"><span class='ocrx_word' id='word_1_310' title='bbox 1173 3506 1232 3540; x_wconf 83' lang='grc'>535</span> 
     </span>
    </p>
   </div>
   <div class='ocr_carea' id='block_1_28' title="bbox 1268 2243 1273 2331">
    <p class='ocr_par' dir='ltr' id='par_1_32' title="bbox 1268 2243 1273 2331">
     <span class='ocr_line' id='line_1_90' title="bbox 1268 2243 1273 2331; baseline 0 1529"><span class='ocrx_word' id='word_1_311' title='bbox 1268 2243 1273 2331; x_wconf 95' lang='lat' dir='ltr'> </span> 
     </span>
    </p>
   </div>
   <div class='ocr_carea' id='block_1_29' title="bbox 1303 349 1377 379">
    <p class='ocr_par' dir='ltr' id='par_1_33' title="bbox 1303 349 1377 379">
     <span class='ocr_line' id='line_1_91' title="bbox 1303 349 1377 379; baseline 0 0"><span class='ocrx_word' id='word_1_312' title='bbox 1303 349 1377 379; x_wconf 84' lang='grc' dir='ltr'>ΜΕ.</span> 
     </span>
    </p>
   </div>
   <div class='ocr_carea' id='block_1_30' title="bbox 1300 767 1372 798">
    <p class='ocr_par' dir='ltr' id='par_1_34' title="bbox 1300 767 1372 798">
     <span class='ocr_line' id='line_1_92' title="bbox 1300 767 1372 798; baseline -0.028 0"><span class='ocrx_word' id='word_1_313' title='bbox 1300 767 1372 798; x_wconf 91' lang='lat' dir='ltr'>XO.</span> 
     </span>
    </p>
   </div>
   <div class='ocr_carea' id='block_1_31' title="bbox 1301 873 1379 903">
    <p class='ocr_par' dir='ltr' id='par_1_35' title="bbox 1301 873 1379 903">
     <span class='ocr_line' id='line_1_93' title="bbox 1301 873 1379 903; baseline 0 -1"><span class='ocrx_word' id='word_1_314' title='bbox 1301 873 1379 903; x_wconf 88' lang='grc' dir='ltr'>ΠΗ.</span> 
     </span>
    </p>
   </div>
   <div class='ocr_carea' id='block_1_32' title="bbox 1300 1501 1373 1532">
    <p class='ocr_par' dir='ltr' id='par_1_36' title="bbox 1300 1501 1373 1532">
     <span class='ocr_line' id='line_1_94' title="bbox 1300 1501 1373 1532; baseline 0.014 -1"><span class='ocrx_word' id='word_1_315' title='bbox 1300 1501 1373 1532; x_wconf 86' lang='grc' dir='ltr'>ΑΝ.</span> 
     </span>
    </p>
   </div>
   <div class='ocr_carea' id='block_1_33' title="bbox 1290 2448 1368 2478">
    <p class='ocr_par' dir='ltr' id='par_1_37' title="bbox 1290 2448 1368 2478">
     <span class='ocr_line' id='line_1_95' title="bbox 1290 2448 1368 2478; baseline 0.013 -1"><span class='ocrx_word' id='word_1_316' title='bbox 1290 2448 1368 2478; x_wconf 87' lang='grc' dir='ltr'>ΠΗ.</span> 
     </span>
    </p>
   </div>
   <div class='ocr_carea' id='block_1_34' title="bbox 1288 2553 1363 2583">
    <p class='ocr_par' dir='ltr' id='par_1_38' title="bbox 1288 2553 1363 2583">
     <span class='ocr_line' id='line_1_96' title="bbox 1288 2553 1363 2583; baseline 0 0"><span class='ocrx_word' id='word_1_317' title='bbox 1288 2553 1363 2583; x_wconf 88' lang='grc' dir='ltr'>ΜΕ.</span> 
     </span>
    </p>
   </div>
   <div class='ocr_carea' id='block_1_35' title="bbox 1287 2658 1368 2690">
    <p class='ocr_par' dir='ltr' id='par_1_39' title="bbox 1287 2658 1368 2690">
     <span class='ocr_line' id='line_1_97' title="bbox 1287 2658 1368 2690; baseline 0.037 -3"><span class='ocrx_word' id='word_1_318' title='bbox 1287 2658 1368 2690; x_wconf 87' lang='grc' dir='ltr'>ΠΗ.</span> 
     </span>
    </p>
   </div>
   <div class='ocr_carea' id='block_1_36' title="bbox 1282 2764 1364 2953">
    <p class='ocr_par' dir='ltr' id='par_1_40' title="bbox 1282 2764 1364 2953">
     <span class='ocr_line' id='line_1_98' title="bbox 1285 2764 1360 2795; baseline 0.027 -2"><span class='ocrx_word' id='word_1_319' title='bbox 1285 2764 1360 2795; x_wconf 90' lang='grc' dir='ltr'>ΜΕ.</span> 
     </span>
     <span class='ocr_line' id='line_1_99' title="bbox 1284 2816 1364 2847; baseline 0 -1"><span class='ocrx_word' id='word_1_320' title='bbox 1284 2816 1364 2847; x_wconf 90' lang='grc' dir='ltr'>ΠΗ.</span> 
     </span>
     <span class='ocr_line' id='line_1_100' title="bbox 1284 2869 1360 2900; baseline 0.026 -2"><span class='ocrx_word' id='word_1_321' title='bbox 1284 2869 1360 2900; x_wconf 94' lang='grc' dir='ltr'>ΜΕ.</span> 
     </span>
     <span class='ocr_line' id='line_1_101' title="bbox 1282 2921 1360 2953; baseline 0.038 -3"><span class='ocrx_word' id='word_1_322' title='bbox 1282 2921 1360 2953; x_wconf 87' lang='grc' dir='ltr'>ΠΗ.</span> 
     </span>
    </p>
   </div>
   <div class='ocr_carea' id='block_1_37' title="bbox 1281 3027 1363 3214">
    <p class='ocr_par' dir='ltr' id='par_1_41' title="bbox 1281 3027 1363 3214">
     <span class='ocr_line' id='line_1_102' title="bbox 1282 3027 1358 3057; baseline -0.013 0"><span class='ocrx_word' id='word_1_323' title='bbox 1282 3027 1358 3057; x_wconf 85' lang='grc' dir='ltr'>ΜΕ.</span> 
     </span>
     <span class='ocr_line' id='line_1_103' title="bbox 1281 3079 1363 3110; baseline 0 -1"><span class='ocrx_word' id='word_1_324' title='bbox 1281 3079 1363 3110; x_wconf 87' lang='grc' dir='ltr'>ΜΗ.</span> 
     </span>
     <span class='ocr_line' id='line_1_104' title="bbox 1283 3132 1358 3162; baseline 0 0"><span class='ocrx_word' id='word_1_325' title='bbox 1283 3132 1358 3162; x_wconf 89' lang='grc' dir='ltr'>ΜΕ.</span> 
     </span>
     <span class='ocr_line' id='line_1_105' title="bbox 1281 3185 1358 3214; baseline 0 0"><span class='ocrx_word' id='word_1_326' title='bbox 1281 3185 1358 3214; x_wconf 88' lang='grc' dir='ltr'>ΠΗ.</span> 
     </span>
    </p>
   </div>
   <div class='ocr_carea' id='block_1_38' title="bbox 1380 339 2280 3593">
    <p class='ocr_par' dir='ltr' id='par_1_42' title="bbox 1405 339 1989 393">
     <span class='ocr_line' id='line_1_106' title="bbox 1405 339 1989 393; baseline 0.003 -15"><span class='ocrx_word' id='word_1_327' title='bbox 1405 344 1439 378; x_wconf 91' lang='grc' dir='ltr'>τί</span> <span class='ocrx_word' id='word_1_328' title='bbox 1455 358 1497 389; x_wconf 89' lang='grc' dir='ltr'>με</span> <span class='ocrx_word' id='word_1_329' title='bbox 1515 342 1733 390; x_wconf 75' lang='grc' dir='ltr'>προσπίτνεις</span> <span class='ocrx_word' id='word_1_330' title='bbox 1751 341 1850 380; x_wconf 81' lang='grc' dir='ltr'>ἁλίαν</span> <span class='ocrx_word' id='word_1_331' title='bbox 1866 339 1989 393; x_wconf 79' lang='grc' dir='ltr'>πέτραν</span> 
     </span>
    </p>

    <p class='ocr_par' dir='ltr' id='par_1_43' title="bbox 1405 395 1909 440">
     <span class='ocr_line' id='line_1_107' title="bbox 1405 395 1909 440; baseline 0.006 -10"><span class='ocrx_word' id='word_1_332' title='bbox 1405 395 1425 440; x_wconf 87' lang='grc' dir='ltr'>ἢ</span> <span class='ocrx_word' id='word_1_333' title='bbox 1445 399 1531 440; x_wconf 86' lang='grc' dir='ltr'>κῦμα</span> <span class='ocrx_word' id='word_1_334' title='bbox 1548 397 1656 433; x_wconf 84' lang='grc' dir='ltr'>λιταῖς</span> <span class='ocrx_word' id='word_1_335' title='bbox 1674 396 1718 433; x_wconf 84' lang='grc' dir='ltr'>ὣς</span> <span class='ocrx_word' id='word_1_336' title='bbox 1737 395 1888 433; x_wconf 80' lang='grc' dir='ltr'>ἱκετεύων</span> <span class='ocrx_word' id='word_1_337' title='bbox 1898 413 1909 438; x_wconf 82' lang='lat'>‚-</span> 
     </span>
    </p>

    <p class='ocr_par' dir='ltr' id='par_1_44' title="bbox 1403 447 1993 496">
     <span class='ocr_line' id='line_1_108' title="bbox 1403 447 1993 496; baseline 0.005 -13"><span class='ocrx_word' id='word_1_338' title='bbox 1403 451 1473 485; x_wconf 87' lang='grc' dir='ltr'>τοῖς</span> <span class='ocrx_word' id='word_1_339' title='bbox 1489 449 1555 495; x_wconf 91' lang='grc' dir='ltr'>γὰρ</span> <span class='ocrx_word' id='word_1_340' title='bbox 1575 449 1706 493; x_wconf 80' lang='grc' dir='ltr'>ἐμοῖσιν</span> <span class='ocrx_word' id='word_1_341' title='bbox 1722 447 1831 496; x_wconf 82' lang='grc' dir='ltr'>γέγον’</span> <span class='ocrx_word' id='word_1_342' title='bbox 1851 450 1993 496; x_wconf 76' lang='grc' dir='ltr'>ὠφελία,</span> 
     </span>
    </p>

    <p class='ocr_par' dir='ltr' id='par_1_45' title="bbox 1406 501 2048 550">
     <span class='ocr_line' id='line_1_109' title="bbox 1406 501 2048 550; baseline 0.002 -15"><span class='ocrx_word' id='word_1_343' title='bbox 1406 501 1463 535; x_wconf 86' lang='grc' dir='ltr'>σοὶ</span> <span class='ocrx_word' id='word_1_344' title='bbox 1482 501 1511 536; x_wconf 91' lang='grc' dir='ltr'>δ’</span> <span class='ocrx_word' id='word_1_345' title='bbox 1531 501 1627 536; x_wconf 80' lang='grc' dir='ltr'>οὐδὲν</span> <span class='ocrx_word' id='word_1_346' title='bbox 1644 502 1712 547; x_wconf 82' lang='grc' dir='ltr'>ἔχω</span> <span class='ocrx_word' id='word_1_347' title='bbox 1730 501 1888 550; x_wconf 89' lang='grc' dir='ltr'>φίλτρον,</span> <span class='ocrx_word' id='word_1_348' title='bbox 1906 503 1980 539; x_wconf 85' lang='grc' dir='ltr'>ἐπεί</span> <span class='ocrx_word' id='word_1_349' title='bbox 1996 515 2048 538; x_wconf 89' lang='grc' dir='ltr'>τοι</span> 
     </span>
    </p>

    <p class='ocr_par' dir='ltr' id='par_1_46' title="bbox 1402 552 1942 601">
     <span class='ocr_line' id='line_1_110' title="bbox 1402 552 1942 601; baseline 0.006 -14"><span class='ocrx_word' id='word_1_350' title='bbox 1402 552 1477 599; x_wconf 92' lang='grc' dir='ltr'>μέγ’</span> <span class='ocrx_word' id='word_1_351' title='bbox 1497 553 1675 590; x_wconf 84' lang='grc' dir='ltr'>ἀναλώσας</span> <span class='ocrx_word' id='word_1_352' title='bbox 1691 554 1810 601; x_wconf 77' lang='grc' dir='ltr'>ψυχῆς</span> <span class='ocrx_word' id='word_1_353' title='bbox 1826 556 1942 601; x_wconf 88' lang='grc' dir='ltr'>μόριον</span> 
     </span>
    </p>

    <p class='ocr_par' dir='ltr' id='par_1_47' title="bbox 1404 602 1945 653">
     <span class='ocr_line' id='line_1_111' title="bbox 1404 602 1945 653; baseline 0.006 -14"><span class='ocrx_word' id='word_1_354' title='bbox 1404 604 1525 651; x_wconf 91' lang='grc' dir='ltr'>Τροίαν</span> <span class='ocrx_word' id='word_1_355' title='bbox 1542 602 1640 642; x_wconf 84' lang='grc' dir='ltr'>εἷλον</span> <span class='ocrx_word' id='word_1_356' title='bbox 1657 606 1711 642; x_wconf 82' lang='grc' dir='ltr'>καὶ</span> <span class='ocrx_word' id='word_1_357' title='bbox 1727 606 1852 653; x_wconf 88' lang='grc' dir='ltr'>μητέρα</span> <span class='ocrx_word' id='word_1_358' title='bbox 1870 604 1945 652; x_wconf 85' lang='grc' dir='ltr'>σῆν·</span> 
     </span>
    </p>

    <p class='ocr_par' dir='ltr' id='par_1_48' title="bbox 1404 656 1639 701">
     <span class='ocr_line' id='line_1_112' title="bbox 1404 656 1639 701; baseline 0.004 -8"><span class='ocrx_word' id='word_1_359' title='bbox 1404 656 1443 701; x_wconf 79' lang='grc' dir='ltr'>ἧς</span> <span class='ocrx_word' id='word_1_360' title='bbox 1460 657 1639 694; x_wconf 84' lang='grc' dir='ltr'>ἀπολαύων</span> 
     </span>
    </p>

    <p class='ocr_par' dir='ltr' id='par_1_49' title="bbox 1398 709 1879 757">
     <span class='ocr_line' id='line_1_113' title="bbox 1398 709 1879 757; baseline 0.006 -13"><span class='ocrx_word' id='word_1_361' title='bbox 1398 709 1516 754; x_wconf 65' lang='grc' dir='ltr'>’Ἀιδην</span> <span class='ocrx_word' id='word_1_362' title='bbox 1532 710 1669 756; x_wconf 90' lang='grc' dir='ltr'>χθόνιον</span> <span class='ocrx_word' id='word_1_363' title='bbox 1686 711 1879 757; x_wconf 78' lang='grc' dir='ltr'>καταβήσει.</span> 
     </span>
    </p>

    <p class='ocr_par' dir='ltr' id='par_1_50' title="bbox 1402 763 2078 864">
     <span class='ocr_line' id='line_1_114' title="bbox 1402 763 2078 811; baseline 0.006 -15"><span class='ocrx_word' id='word_1_364' title='bbox 1402 763 1454 797; x_wconf 88' lang='grc' dir='ltr'>καὶ</span> <span class='ocrx_word' id='word_1_365' title='bbox 1471 763 1536 807; x_wconf 92' lang='grc' dir='ltr'>μὴν</span> <span class='ocrx_word' id='word_1_366' title='bbox 1553 763 1694 811; x_wconf 85' lang='grc' dir='ltr'>δέδορκα</span> <span class='ocrx_word' id='word_1_367' title='bbox 1709 764 1806 800; x_wconf 89' lang='grc' dir='ltr'>τόνδε</span> <span class='ocrx_word' id='word_1_368' title='bbox 1823 764 1941 810; x_wconf 90' lang='grc' dir='ltr'>Πηλέα</span> <span class='ocrx_word' id='word_1_369' title='bbox 1957 765 2078 808; x_wconf 87' lang='grc' dir='ltr'>πέλας,</span> 
     </span>
     <span class='ocr_line' id='line_1_115' title="bbox 1405 815 2070 864; baseline 0.003 -15"><span class='ocrx_word' id='word_1_370' title='bbox 1405 815 1534 860; x_wconf 85' lang='grc' dir='ltr'>σπουδῇ</span> <span class='ocrx_word' id='word_1_371' title='bbox 1552 815 1684 851; x_wconf 88' lang='grc' dir='ltr'>τιθέντα</span> <span class='ocrx_word' id='word_1_372' title='bbox 1702 815 1800 864; x_wconf 85' lang='grc' dir='ltr'>δεῦρο</span> <span class='ocrx_word' id='word_1_373' title='bbox 1817 817 1955 864; x_wconf 87' lang='grc' dir='ltr'>γηραιὸν</span> <span class='ocrx_word' id='word_1_374' title='bbox 1970 817 2070 853; x_wconf 91' lang='grc' dir='ltr'>πόδα.</span> 
     </span>
    </p>

    <p class='ocr_par' dir='ltr' id='par_1_51' title="bbox 1404 867 2088 917">
     <span class='ocr_line' id='line_1_116' title="bbox 1404 867 2088 917; baseline 0.004 -15"><span class='ocrx_word' id='word_1_375' title='bbox 1404 867 1488 912; x_wconf 84' lang='grc' dir='ltr'>ὑμᾶς</span> <span class='ocrx_word' id='word_1_376' title='bbox 1507 869 1618 914; x_wconf 82' lang='grc' dir='ltr'>ἐρωτῶ</span> <span class='ocrx_word' id='word_1_377' title='bbox 1635 870 1693 904; x_wconf 92' lang='grc' dir='ltr'>τόν</span> <span class='ocrx_word' id='word_1_378' title='bbox 1709 867 1741 904; x_wconf 87' lang='grc' dir='ltr'>τ’</span> <span class='ocrx_word' id='word_1_379' title='bbox 1761 869 1938 916; x_wconf 85' lang='grc' dir='ltr'>ἐφεστῶτα</span> <span class='ocrx_word' id='word_1_380' title='bbox 1956 870 2088 917; x_wconf 82' lang='grc' dir='ltr'>σφαγῇ,</span> 
     </span>
    </p>

    <p class='ocr_par' dir='ltr' id='par_1_52' title="bbox 1403 920 2191 1389">
     <span class='ocr_line' id='line_1_117' title="bbox 1404 920 2152 970; baseline 0.004 -16"><span class='ocrx_word' id='word_1_381' title='bbox 1404 920 1437 954; x_wconf 91' lang='grc' dir='ltr'>τί</span> <span class='ocrx_word' id='word_1_382' title='bbox 1454 922 1580 961; x_wconf 74' lang='grc' dir='ltr'>ταῦτας</span> <span class='ocrx_word' id='word_1_383' title='bbox 1607 925 1678 957; x_wconf 83' lang='grc' dir='ltr'>πῶς</span> <span class='ocrx_word' id='word_1_384' title='bbox 1695 935 1733 955; x_wconf 90' lang='grc' dir='ltr'>τε</span> <span class='ocrx_word' id='word_1_385' title='bbox 1751 921 1811 957; x_wconf 85' lang='grc' dir='ltr'>κάκ</span> <span class='ocrx_word' id='word_1_386' title='bbox 1828 921 1917 958; x_wconf 86' lang='grc' dir='ltr'>τίνος</span> <span class='ocrx_word' id='word_1_387' title='bbox 1933 923 2040 970; x_wconf 91' lang='grc' dir='ltr'>λόγου</span> <span class='ocrx_word' id='word_1_388' title='bbox 2058 923 2152 957; x_wconf 87' lang='grc' dir='ltr'>νοσεῖ</span> 
     </span>
     <span class='ocr_line' id='line_1_118' title="bbox 1405 972 2171 1022; baseline 0.004 -16"><span class='ocrx_word' id='word_1_389' title='bbox 1405 973 1526 1017; x_wconf 87' lang='grc' dir='ltr'>δόμος;</span> <span class='ocrx_word' id='word_1_390' title='bbox 1553 973 1587 1008; x_wconf 90' lang='grc' dir='ltr'>τί</span> <span class='ocrx_word' id='word_1_391' title='bbox 1603 972 1771 1020; x_wconf 90' lang='grc' dir='ltr'>πράσσετ’</span> <span class='ocrx_word' id='word_1_392' title='bbox 1790 974 1907 1022; x_wconf 75' lang='grc' dir='ltr'>ἄκριτα</span> <span class='ocrx_word' id='word_1_393' title='bbox 1922 975 2171 1020; x_wconf 73' lang='grc' dir='ltr'>μηχανώμενοις</span> 
     </span>
     <span class='ocr_line' id='line_1_119' title="bbox 1405 1024 2158 1072; baseline 0.004 -13"><span class='ocrx_word' id='word_1_394' title='bbox 1405 1024 1566 1066; x_wconf 82' lang='grc' dir='ltr'>Μενέλα’,</span> <span class='ocrx_word' id='word_1_395' title='bbox 1587 1025 1738 1071; x_wconf 80' lang='grc' dir='ltr'>ἐπίσχες·</span> <span class='ocrx_word' id='word_1_396' title='bbox 1765 1026 1810 1072; x_wconf 78' lang='grc' dir='ltr'>μὴ</span> <span class='ocrx_word' id='word_1_397' title='bbox 1828 1025 1943 1072; x_wconf 87' lang='grc' dir='ltr'>τάχυν’</span> <span class='ocrx_word' id='word_1_398' title='bbox 1963 1026 2040 1062; x_wconf 78' lang='grc' dir='ltr'>ἄνευ</span> <span class='ocrx_word' id='word_1_399' title='bbox 2058 1026 2158 1072; x_wconf 86' lang='grc' dir='ltr'>δίκης.</span> 
     </span>
     <span class='ocr_line' id='line_1_120' title="bbox 1403 1076 2102 1126; baseline 0.004 -15"><span class='ocrx_word' id='word_1_400' title='bbox 1403 1076 1486 1124; x_wconf 84' lang='grc' dir='ltr'>ἡγοῦ</span> <span class='ocrx_word' id='word_1_401' title='bbox 1506 1078 1551 1112; x_wconf 79' lang='grc' dir='ltr'>σὺ</span> <span class='ocrx_word' id='word_1_402' title='bbox 1569 1077 1713 1113; x_wconf 81' lang='grc' dir='ltr'>θᾶσσον·</span> <span class='ocrx_word' id='word_1_403' title='bbox 1740 1078 1780 1114; x_wconf 81' lang='grc' dir='ltr'>οὗ</span> <span class='ocrx_word' id='word_1_404' title='bbox 1797 1079 1863 1126; x_wconf 79' lang='grc' dir='ltr'>γὰρ</span> <span class='ocrx_word' id='word_1_405' title='bbox 1881 1078 2031 1115; x_wconf 57' lang='lat' dir='ltr'>‹bs-&#39;zoua&#39;</span> <span class='ocrx_word' id='word_1_406' title='bbox 2043 1094 2102 1124; x_wconf 90' lang='grc' dir='ltr'>μοι</span> 
     </span>
     <span class='ocr_line' id='line_1_121' title="bbox 1406 1129 2093 1178; baseline 0.003 -14"><span class='ocrx_word' id='word_1_407' title='bbox 1406 1131 1537 1175; x_wconf 83' lang='grc' dir='ltr'>σχολῆς</span> <span class='ocrx_word' id='word_1_408' title='bbox 1556 1129 1627 1165; x_wconf 91' lang='grc' dir='ltr'>τόδ’</span> <span class='ocrx_word' id='word_1_409' title='bbox 1647 1131 1757 1178; x_wconf 81' lang='grc' dir='ltr'>ἔργον,</span> <span class='ocrx_word' id='word_1_410' title='bbox 1775 1131 1853 1167; x_wconf 85' lang='grc' dir='ltr'>ἀλλ’</span> <span class='ocrx_word' id='word_1_411' title='bbox 1872 1130 2093 1178; x_wconf 83' lang='grc' dir='ltr'>ἀνηβητηρίαν</span> 
     </span>
     <span class='ocr_line' id='line_1_122' title="bbox 1404 1181 2146 1230; baseline 0.004 -14"><span class='ocrx_word' id='word_1_412' title='bbox 1404 1181 1517 1228; x_wconf 87' lang='grc' dir='ltr'>ῥώμην</span> <span class='ocrx_word' id='word_1_413' title='bbox 1533 1182 1567 1228; x_wconf 89' lang='grc' dir='ltr'>μ’</span> <span class='ocrx_word' id='word_1_414' title='bbox 1588 1183 1710 1218; x_wconf 85' lang='grc' dir='ltr'>ἐπαινῶ</span> <span class='ocrx_word' id='word_1_415' title='bbox 1727 1181 2036 1230; x_wconf 65' lang='grc' dir='ltr'>λαμβάνειν,”εἰ’περ</span> <span class='ocrx_word' id='word_1_416' title='bbox 2053 1183 2146 1219; x_wconf 91' lang='grc' dir='ltr'>ποτέ.</span> 
     </span>
     <span class='ocr_line' id='line_1_123' title="bbox 1405 1234 2191 1283; baseline 0.005 -14"><span class='ocrx_word' id='word_1_417' title='bbox 1405 1238 1537 1281; x_wconf 87' lang='grc' dir='ltr'>πρῶτον</span> <span class='ocrx_word' id='word_1_418' title='bbox 1553 1236 1614 1281; x_wconf 80' lang='grc' dir='ltr'>μὲν</span> <span class='ocrx_word' id='word_1_419' title='bbox 1632 1234 1690 1271; x_wconf 82' lang='grc' dir='ltr'>οὖν</span> <span class='ocrx_word' id='word_1_420' title='bbox 1708 1235 1778 1271; x_wconf 91' lang='grc' dir='ltr'>κατ’</span> <span class='ocrx_word' id='word_1_421' title='bbox 1798 1235 1907 1283; x_wconf 76' lang='grc' dir='ltr'>οὖρον,</span> <span class='ocrx_word' id='word_1_422' title='bbox 1927 1237 2043 1283; x_wconf 86' lang='grc' dir='ltr'>ὥσπερ</span> <span class='ocrx_word' id='word_1_423' title='bbox 2063 1237 2191 1278; x_wconf 81' lang='grc' dir='ltr'>ἱστίοις,</span> 
     </span>
     <span class='ocr_line' id='line_1_124' title="bbox 1404 1286 2134 1336; baseline 0.007 -15"><span class='ocrx_word' id='word_1_424' title='bbox 1404 1286 1630 1334; x_wconf 86' lang='grc' dir='ltr'>ἐμπνεύσομαι</span> <span class='ocrx_word' id='word_1_425' title='bbox 1648 1287 1729 1333; x_wconf 77' lang='grc' dir='ltr'>τῇδ’·</span> <span class='ocrx_word' id='word_1_426' title='bbox 1757 1289 1841 1331; x_wconf 81' lang='grc' dir='ltr'>εἰπὲ,</span> <span class='ocrx_word' id='word_1_427' title='bbox 1859 1289 1923 1324; x_wconf 84' lang='grc' dir='ltr'>τίνι</span> <span class='ocrx_word' id='word_1_428' title='bbox 1941 1289 2014 1333; x_wconf 85' lang='grc' dir='ltr'>δίκῃ</span> <span class='ocrx_word' id='word_1_429' title='bbox 2032 1289 2134 1336; x_wconf 88' lang='grc' dir='ltr'>χέρας</span> 
     </span>
     <span class='ocr_line' id='line_1_125' title="bbox 1405 1339 2085 1389; baseline 0.004 -15"><span class='ocrx_word' id='word_1_430' title='bbox 1405 1341 1587 1386; x_wconf 89' lang='grc' dir='ltr'>βρόχοισιν</span> <span class='ocrx_word' id='word_1_431' title='bbox 1604 1340 1803 1386; x_wconf 76' lang='grc' dir='ltr'>ἐκδήσαντες</span> <span class='ocrx_word' id='word_1_432' title='bbox 1820 1339 1883 1377; x_wconf 81' lang='grc' dir='ltr'>οἶδ’</span> <span class='ocrx_word' id='word_1_433' title='bbox 1902 1341 2026 1389; x_wconf 75' lang='grc' dir='ltr'>ἄγουσί</span> <span class='ocrx_word' id='word_1_434' title='bbox 2044 1356 2085 1377; x_wconf 88' lang='grc' dir='ltr'>σε</span> 
     </span>
    </p>

    <p class='ocr_par' dir='ltr' id='par_1_53' title="bbox 1404 1391 2185 1493">
     <span class='ocr_line' id='line_1_126' title="bbox 1404 1391 2185 1441; baseline 0.005 -15"><span class='ocrx_word' id='word_1_435' title='bbox 1404 1394 1457 1427; x_wconf 85' lang='grc' dir='ltr'>καὶ</span> <span class='ocrx_word' id='word_1_436' title='bbox 1474 1391 1577 1427; x_wconf 89' lang='grc' dir='ltr'>παῖδ’·</span> <span class='ocrx_word' id='word_1_437' title='bbox 1604 1392 1750 1440; x_wconf 81' lang='grc' dir='ltr'>ὕπαρνος</span> <span class='ocrx_word' id='word_1_438' title='bbox 1766 1395 1832 1441; x_wconf 85' lang='grc' dir='ltr'>γάρ</span> <span class='ocrx_word' id='word_1_439' title='bbox 1849 1408 1899 1430; x_wconf 90' lang='grc' dir='ltr'>τις</span> <span class='ocrx_word' id='word_1_440' title='bbox 1917 1394 1961 1430; x_wconf 80' lang='grc' dir='ltr'>ὣς</span> <span class='ocrx_word' id='word_1_441' title='bbox 1978 1395 2185 1438; x_wconf 88' lang='grc' dir='ltr'>ἀπόλλυσαι,</span> 
     </span>
     <span class='ocr_line' id='line_1_127' title="bbox 1404 1444 2054 1493; baseline 0.003 -13"><span class='ocrx_word' id='word_1_442' title='bbox 1404 1444 1494 1488; x_wconf 85' lang='grc' dir='ltr'>ἡμῶν</span> <span class='ocrx_word' id='word_1_443' title='bbox 1511 1446 1663 1481; x_wconf 87' lang='grc' dir='ltr'>ἀπόντων</span> <span class='ocrx_word' id='word_1_444' title='bbox 1679 1449 1739 1482; x_wconf 80' lang='grc' dir='ltr'>τοῦ</span> <span class='ocrx_word' id='word_1_445' title='bbox 1756 1462 1793 1482; x_wconf 92' lang='grc' dir='ltr'>τε</span> <span class='ocrx_word' id='word_1_446' title='bbox 1811 1446 1925 1493; x_wconf 90' lang='grc' dir='ltr'>κυρίου</span> <span class='ocrx_word' id='word_1_447' title='bbox 1943 1445 2054 1482; x_wconf 92' lang='grc' dir='ltr'>σέθεν.</span> 
     </span>
    </p>

    <p class='ocr_par' dir='ltr' id='par_1_54' title="bbox 1401 1495 2141 1704">
     <span class='ocr_line' id='line_1_128' title="bbox 1403 1495 2085 1548; baseline 0.006 -17"><span class='ocrx_word' id='word_1_448' title='bbox 1403 1495 1475 1538; x_wconf 77' lang='grc' dir='ltr'>οἵδ’,</span> <span class='ocrx_word' id='word_1_449' title='bbox 1496 1497 1522 1531; x_wconf 73' lang='grc' dir='ltr'><strong>ὦ</strong></span> <span class='ocrx_word' id='word_1_450' title='bbox 1539 1499 1663 1546; x_wconf 79' lang='grc' dir='ltr'>γεραιὲ,</span> <span class='ocrx_word' id='word_1_451' title='bbox 1683 1499 1748 1534; x_wconf 79' lang='grc' dir='ltr'>σὺν</span> <span class='ocrx_word' id='word_1_452' title='bbox 1764 1499 1866 1548; x_wconf 72' lang='grc' dir='ltr'>τέκνῳ</span> <span class='ocrx_word' id='word_1_453' title='bbox 1885 1498 2085 1545; x_wconf 86' lang='grc' dir='ltr'>θανουμένην</span> 
     </span>
     <span class='ocr_line' id='line_1_129' title="bbox 1402 1550 2141 1600; baseline 0.004 -16"><span class='ocrx_word' id='word_1_454' title='bbox 1402 1550 1526 1597; x_wconf 74' lang='grc' dir='ltr'>ἄγουσί</span> <span class='ocrx_word' id='word_1_455' title='bbox 1542 1550 1576 1596; x_wconf 79' lang='grc' dir='ltr'>μ’</span> <span class='ocrx_word' id='word_1_456' title='bbox 1595 1550 1699 1589; x_wconf 76' lang='grc' dir='ltr'>οὕτως</span> <span class='ocrx_word' id='word_1_457' title='bbox 1717 1552 1761 1588; x_wconf 81' lang='grc' dir='ltr'>ὣς</span> <span class='ocrx_word' id='word_1_458' title='bbox 1779 1553 1866 1599; x_wconf 78' lang='grc' dir='ltr'>ὁρᾷς.</span> <span class='ocrx_word' id='word_1_459' title='bbox 1903 1552 1938 1587; x_wconf 85' lang='grc' dir='ltr'>τί</span> <span class='ocrx_word' id='word_1_460' title='bbox 1955 1566 2012 1587; x_wconf 88' lang='grc' dir='ltr'>σοι</span> <span class='ocrx_word' id='word_1_461' title='bbox 2028 1553 2141 1600; x_wconf 84' lang='grc' dir='ltr'>λέγω;</span> 
     </span>
     <span class='ocr_line' id='line_1_130' title="bbox 1403 1604 2045 1651; baseline 0.005 -14"><span class='ocrx_word' id='word_1_462' title='bbox 1403 1604 1442 1637; x_wconf 81' lang='grc' dir='ltr'>οὐ</span> <span class='ocrx_word' id='word_1_463' title='bbox 1460 1605 1526 1650; x_wconf 88' lang='grc' dir='ltr'>γὰρ</span> <span class='ocrx_word' id='word_1_464' title='bbox 1545 1606 1623 1650; x_wconf 85' lang='grc' dir='ltr'>μιᾶς</span> <span class='ocrx_word' id='word_1_465' title='bbox 1641 1619 1683 1640; x_wconf 91' lang='grc' dir='ltr'>σε</span> <span class='ocrx_word' id='word_1_466' title='bbox 1701 1604 1861 1649; x_wconf 85' lang='grc' dir='ltr'>κληδόνος</span> <span class='ocrx_word' id='word_1_467' title='bbox 1876 1604 2045 1651; x_wconf 80' lang='grc' dir='ltr'>προθυμίᾳ</span> 
     </span>
     <span class='ocr_line' id='line_1_131' title="bbox 1401 1656 2095 1704; baseline 0.001 -14"><span class='ocrx_word' id='word_1_468' title='bbox 1401 1656 1578 1701; x_wconf 87' lang='grc' dir='ltr'>μετῆλθον,</span> <span class='ocrx_word' id='word_1_469' title='bbox 1598 1657 1690 1692; x_wconf 88' lang='grc' dir='ltr'>ἀλλὰ</span> <span class='ocrx_word' id='word_1_470' title='bbox 1706 1657 1833 1704; x_wconf 88' lang='grc' dir='ltr'>μυρίων</span> <span class='ocrx_word' id='word_1_471' title='bbox 1849 1657 1905 1693; x_wconf 82' lang='grc' dir='ltr'>ὑπ’</span> <span class='ocrx_word' id='word_1_472' title='bbox 1925 1657 2095 1704; x_wconf 89' lang='grc' dir='ltr'>ἀγγέλων.</span> 
     </span>
    </p>

    <p class='ocr_par' dir='ltr' id='par_1_55' title="bbox 1398 1706 2218 2073">
     <span class='ocr_line' id='line_1_132' title="bbox 1403 1706 2132 1755; baseline 0.005 -13"><span class='ocrx_word' id='word_1_473' title='bbox 1403 1709 1472 1755; x_wconf 77' lang='grc' dir='ltr'>ἔριν</span> <span class='ocrx_word' id='word_1_474' title='bbox 1490 1709 1526 1743; x_wconf 83' lang='grc' dir='ltr'>δὲ</span> <span class='ocrx_word' id='word_1_475' title='bbox 1544 1710 1604 1754; x_wconf 91' lang='grc' dir='ltr'>τὴν</span> <span class='ocrx_word' id='word_1_476' title='bbox 1621 1707 1692 1744; x_wconf 79' lang='grc' dir='ltr'>κατ’</span> <span class='ocrx_word' id='word_1_477' title='bbox 1712 1706 1804 1745; x_wconf 76' lang='grc' dir='ltr'>οἷκον</span> <span class='ocrx_word' id='word_1_478' title='bbox 1820 1706 1923 1746; x_wconf 79' lang='grc' dir='ltr'>οἶσθά</span> <span class='ocrx_word' id='word_1_479' title='bbox 1938 1724 2004 1745; x_wconf 89' lang='grc' dir='ltr'>που</span> <span class='ocrx_word' id='word_1_480' title='bbox 2022 1710 2132 1746; x_wconf 85' lang='grc' dir='ltr'>κλύων</span> 
     </span>
     <span class='ocr_line' id='line_1_133' title="bbox 1401 1761 2218 1810; baseline 0.002 -13"><span class='ocrx_word' id='word_1_481' title='bbox 1401 1762 1460 1806; x_wconf 86' lang='grc' dir='ltr'>τῆς</span> <span class='ocrx_word' id='word_1_482' title='bbox 1476 1763 1574 1797; x_wconf 84' lang='grc' dir='ltr'>τοῦδε</span> <span class='ocrx_word' id='word_1_483' title='bbox 1593 1762 1766 1810; x_wconf 87' lang='grc' dir='ltr'>θυγατρὸς,</span> <span class='ocrx_word' id='word_1_484' title='bbox 1787 1762 1832 1798; x_wconf 81' lang='grc' dir='ltr'>ὧν</span> <span class='ocrx_word' id='word_1_485' title='bbox 1848 1761 1878 1798; x_wconf 93' lang='grc' dir='ltr'>τ’</span> <span class='ocrx_word' id='word_1_486' title='bbox 1898 1762 2091 1808; x_wconf 83' lang='grc' dir='ltr'>ἀπόλλυμαι</span> <span class='ocrx_word' id='word_1_487' title='bbox 2107 1763 2218 1810; x_wconf 88' lang='grc' dir='ltr'>χάριν.</span> 
     </span>
     <span class='ocr_line' id='line_1_134' title="bbox 1401 1813 2138 1862; baseline 0.003 -14"><span class='ocrx_word' id='word_1_488' title='bbox 1401 1815 1454 1848; x_wconf 88' lang='grc' dir='ltr'>καὶ</span> <span class='ocrx_word' id='word_1_489' title='bbox 1472 1817 1530 1850; x_wconf 88' lang='grc' dir='ltr'>νῦν</span> <span class='ocrx_word' id='word_1_490' title='bbox 1545 1830 1587 1859; x_wconf 93' lang='grc' dir='ltr'>με</span> <span class='ocrx_word' id='word_1_491' title='bbox 1604 1817 1722 1860; x_wconf 86' lang='grc' dir='ltr'>βωμοῦ</span> <span class='ocrx_word' id='word_1_492' title='bbox 1741 1815 1890 1858; x_wconf 86' lang='grc' dir='ltr'>θέτιδος,</span> <span class='ocrx_word' id='word_1_493' title='bbox 1908 1813 1928 1860; x_wconf 82' lang='grc' dir='ltr'><strong><em>ἢ</em></strong></span> <span class='ocrx_word' id='word_1_494' title='bbox 1946 1815 2006 1850; x_wconf 85' lang='grc' dir='ltr'>τὸν</span> <span class='ocrx_word' id='word_1_495' title='bbox 2022 1815 2138 1862; x_wconf 75' lang='grc' dir='ltr'>εὐγενῆ</span> 
     </span>
     <span class='ocr_line' id='line_1_135' title="bbox 1402 1866 2159 1914; baseline 0.005 -13"><span class='ocrx_word' id='word_1_496' title='bbox 1402 1868 1508 1902; x_wconf 80' lang='grc' dir='ltr'>ἕτικτέ</span> <span class='ocrx_word' id='word_1_497' title='bbox 1525 1882 1582 1902; x_wconf 90' lang='grc' dir='ltr'>σοι</span> <span class='ocrx_word' id='word_1_498' title='bbox 1599 1867 1701 1912; x_wconf 81' lang='grc' dir='ltr'>παῖδ’,</span> <span class='ocrx_word' id='word_1_499' title='bbox 1720 1867 1740 1913; x_wconf 80' lang='grc' dir='ltr'>ἦ</span> <span class='ocrx_word' id='word_1_500' title='bbox 1760 1869 1805 1904; x_wconf 89' lang='grc' dir='ltr'>σὺ</span> <span class='ocrx_word' id='word_1_501' title='bbox 1823 1866 2017 1914; x_wconf 87' lang='grc' dir='ltr'>θαυμαστὴν</span> <span class='ocrx_word' id='word_1_502' title='bbox 2035 1868 2159 1913; x_wconf 86' lang='grc' dir='ltr'>σέβεις,</span> 
     </span>
     <span class='ocr_line' id='line_1_136' title="bbox 1400 1918 2064 1968; baseline 0.003 -15"><span class='ocrx_word' id='word_1_503' title='bbox 1400 1918 1520 1966; x_wconf 80' lang='grc' dir='ltr'>ἅγουσ’</span> <span class='ocrx_word' id='word_1_504' title='bbox 1540 1920 1814 1964; x_wconf 87' lang='grc' dir='ltr'>ἀποσπάσαντες,</span> <span class='ocrx_word' id='word_1_505' title='bbox 1833 1923 1909 1956; x_wconf 77' lang='grc' dir='ltr'>οὔτε</span> <span class='ocrx_word' id='word_1_506' title='bbox 1925 1935 1973 1968; x_wconf 80' lang='grc' dir='ltr'>τῳ</span> <span class='ocrx_word' id='word_1_507' title='bbox 1991 1920 2064 1965; x_wconf 84' lang='grc' dir='ltr'>δίκῃ</span> 
     </span>
     <span class='ocr_line' id='line_1_137' title="bbox 1401 1972 2099 2019; baseline 0.003 -13"><span class='ocrx_word' id='word_1_508' title='bbox 1401 1972 1567 2018; x_wconf 88' lang='grc' dir='ltr'>κρίναντες</span> <span class='ocrx_word' id='word_1_509' title='bbox 1585 1975 1661 2009; x_wconf 77' lang='grc' dir='ltr'>οὔτε</span> <span class='ocrx_word' id='word_1_510' title='bbox 1678 1974 1756 2010; x_wconf 76' lang='grc' dir='ltr'>τοὺς</span> <span class='ocrx_word' id='word_1_511' title='bbox 1773 1974 1918 2010; x_wconf 85' lang='grc' dir='ltr'>ἀπόντας</span> <span class='ocrx_word' id='word_1_512' title='bbox 1935 1973 1971 2008; x_wconf 85' lang='grc' dir='ltr'>ἐκ</span> <span class='ocrx_word' id='word_1_513' title='bbox 1989 1973 2099 2019; x_wconf 87' lang='grc' dir='ltr'>δόμων</span> 
     </span>
     <span class='ocr_line' id='line_1_138' title="bbox 1398 2024 2018 2073; baseline 0.003 -15"><span class='ocrx_word' id='word_1_514' title='bbox 1398 2024 1577 2069; x_wconf 86' lang='grc' dir='ltr'>μείναντες,</span> <span class='ocrx_word' id='word_1_515' title='bbox 1597 2026 1689 2061; x_wconf 88' lang='grc' dir='ltr'>ἀλλὰ</span> <span class='ocrx_word' id='word_1_516' title='bbox 1706 2027 1766 2072; x_wconf 90' lang='grc' dir='ltr'>τὴν</span> <span class='ocrx_word' id='word_1_517' title='bbox 1783 2027 1864 2072; x_wconf 80' lang='grc' dir='ltr'>ἐμὴν</span> <span class='ocrx_word' id='word_1_518' title='bbox 1882 2026 2018 2073; x_wconf 84' lang='grc' dir='ltr'>ἐρημίαν</span> 
     </span>
    </p>

    <p class='ocr_par' dir='ltr' id='par_1_56' title="bbox 1392 2075 2203 2546">
     <span class='ocr_line' id='line_1_139' title="bbox 1399 2075 2131 2123; baseline 0.003 -12"><span class='ocrx_word' id='word_1_519' title='bbox 1399 2079 1532 2123; x_wconf 88' lang='grc' dir='ltr'>γνόντες</span> <span class='ocrx_word' id='word_1_520' title='bbox 1549 2080 1664 2114; x_wconf 89' lang='grc' dir='ltr'>τέκνου</span> <span class='ocrx_word' id='word_1_521' title='bbox 1681 2093 1718 2114; x_wconf 91' lang='grc' dir='ltr'>τε</span> <span class='ocrx_word' id='word_1_522' title='bbox 1735 2079 1837 2121; x_wconf 82' lang='grc' dir='ltr'>τοῦδ’,</span> <span class='ocrx_word' id='word_1_523' title='bbox 1857 2078 1896 2114; x_wconf 82' lang='grc' dir='ltr'>ὃν</span> <span class='ocrx_word' id='word_1_524' title='bbox 1913 2078 2009 2114; x_wconf 75' lang='grc' dir='ltr'>οὐδέν</span> <span class='ocrx_word' id='word_1_525' title='bbox 2025 2075 2131 2113; x_wconf 76' lang='grc' dir='ltr'>αἴτιον</span> 
     </span>
     <span class='ocr_line' id='line_1_140' title="bbox 1396 2130 2165 2178; baseline 0.004 -15"><span class='ocrx_word' id='word_1_526' title='bbox 1396 2130 1565 2172; x_wconf 91' lang='grc' dir='ltr'>μέλλουσι</span> <span class='ocrx_word' id='word_1_527' title='bbox 1584 2132 1649 2167; x_wconf 78' lang='grc' dir='ltr'>σὺν</span> <span class='ocrx_word' id='word_1_528' title='bbox 1665 2130 1739 2176; x_wconf 80' lang='grc' dir='ltr'>ἐμοὶ</span> <span class='ocrx_word' id='word_1_529' title='bbox 1757 2133 1797 2177; x_wconf 91' lang='grc' dir='ltr'>τῇ</span> <span class='ocrx_word' id='word_1_530' title='bbox 1815 2132 2015 2178; x_wconf 81' lang='grc' dir='ltr'>ταλαιπώρῳ</span> <span class='ocrx_word' id='word_1_531' title='bbox 2034 2132 2165 2166; x_wconf 88' lang='grc' dir='ltr'>κτενεῖν.</span> 
     </span>
     <span class='ocr_line' id='line_1_141' title="bbox 1397 2180 2170 2230; baseline 0.006 -15"><span class='ocrx_word' id='word_1_532' title='bbox 1397 2180 1478 2216; x_wconf 84' lang='grc' dir='ltr'>ἀλλ’</span> <span class='ocrx_word' id='word_1_533' title='bbox 1497 2182 1637 2226; x_wconf 80' lang='grc' dir='ltr'>ἀντιάζω</span> <span class='ocrx_word' id='word_1_534' title='bbox 1655 2183 1701 2227; x_wconf 79' lang='grc' dir='ltr'>σ’,</span> <span class='ocrx_word' id='word_1_535' title='bbox 1721 2181 1747 2218; x_wconf 75' lang='grc' dir='ltr'>ὦ</span> <span class='ocrx_word' id='word_1_536' title='bbox 1764 2184 1874 2230; x_wconf 85' lang='grc' dir='ltr'>γέρον,</span> <span class='ocrx_word' id='word_1_537' title='bbox 1893 2187 1959 2219; x_wconf 86' lang='grc' dir='ltr'>τῶν</span> <span class='ocrx_word' id='word_1_538' title='bbox 1977 2186 2048 2218; x_wconf 87' lang='grc' dir='ltr'>σῶν</span> <span class='ocrx_word' id='word_1_539' title='bbox 2064 2183 2170 2230; x_wconf 88' lang='grc' dir='ltr'>πάρος</span> 
     </span>
     <span class='ocr_line' id='line_1_142' title="bbox 1395 2234 2179 2283; baseline 0.001 -14"><span class='ocrx_word' id='word_1_540' title='bbox 1395 2234 1560 2270; x_wconf 85' lang='grc' dir='ltr'>πίτνουσα</span> <span class='ocrx_word' id='word_1_541' title='bbox 1576 2236 1738 2282; x_wconf 82' lang='grc' dir='ltr'>γονάτων,</span> <span class='ocrx_word' id='word_1_542' title='bbox 1755 2236 1844 2283; x_wconf 83' lang='grc' dir='ltr'>χειρὶ</span> <span class='ocrx_word' id='word_1_543' title='bbox 1862 2236 1893 2271; x_wconf 91' lang='grc' dir='ltr'>δ’</span> <span class='ocrx_word' id='word_1_544' title='bbox 1912 2236 1971 2271; x_wconf 77' lang='grc' dir='ltr'>οὐκ</span> <span class='ocrx_word' id='word_1_545' title='bbox 1989 2234 2103 2278; x_wconf 80' lang='grc' dir='ltr'>ἔξεστί</span> <span class='ocrx_word' id='word_1_546' title='bbox 2121 2250 2179 2282; x_wconf 90' lang='grc' dir='ltr'>μοι</span> 
     </span>
     <span class='ocr_line' id='line_1_143' title="bbox 1395 2288 2101 2335; baseline 0.003 -13"><span class='ocrx_word' id='word_1_547' title='bbox 1395 2288 1453 2331; x_wconf 85' lang='grc' dir='ltr'>τῆς</span> <span class='ocrx_word' id='word_1_548' title='bbox 1470 2290 1533 2333; x_wconf 87' lang='grc' dir='ltr'>σῆς</span> <span class='ocrx_word' id='word_1_549' title='bbox 1549 2288 1721 2332; x_wconf 89' lang='grc' dir='ltr'>λαβέσθαι</span> <span class='ocrx_word' id='word_1_550' title='bbox 1739 2289 1906 2335; x_wconf 86' lang='grc' dir='ltr'>φιλτάτης</span> <span class='ocrx_word' id='word_1_551' title='bbox 1922 2288 2101 2335; x_wconf 77' lang='grc' dir='ltr'>γενειάδος,</span> 
     </span>
     <span class='ocr_line' id='line_1_144' title="bbox 1393 2339 2175 2388; baseline 0.001 -14"><span class='ocrx_word' id='word_1_552' title='bbox 1393 2339 1498 2386; x_wconf 87' lang='grc' dir='ltr'>ῥῦσαί</span> <span class='ocrx_word' id='word_1_553' title='bbox 1514 2355 1556 2384; x_wconf 90' lang='grc' dir='ltr'>με</span> <span class='ocrx_word' id='word_1_554' title='bbox 1572 2342 1657 2388; x_wconf 84' lang='grc' dir='ltr'>πρὸς</span> <span class='ocrx_word' id='word_1_555' title='bbox 1675 2341 1769 2376; x_wconf 84' lang='grc' dir='ltr'>θεῶν·</span> <span class='ocrx_word' id='word_1_556' title='bbox 1797 2341 1827 2375; x_wconf 83' lang='grc' dir='ltr'>εἷ</span> <span class='ocrx_word' id='word_1_557' title='bbox 1845 2341 1881 2376; x_wconf 86' lang='grc' dir='ltr'>δέ</span> <span class='ocrx_word' id='word_1_558' title='bbox 1899 2341 1956 2385; x_wconf 84' lang='grc' dir='ltr'>μὴ,</span> <span class='ocrx_word' id='word_1_559' title='bbox 1977 2339 2175 2386; x_wconf 87' lang='grc' dir='ltr'>θανούμεθα,</span> 
     </span>
     <span class='ocr_line' id='line_1_145' title="bbox 1394 2391 2203 2440; baseline 0.002 -14"><span class='ocrx_word' id='word_1_560' title='bbox 1394 2393 1546 2439; x_wconf 81' lang='grc' dir='ltr'>αἰσχρῶς</span> <span class='ocrx_word' id='word_1_561' title='bbox 1563 2393 1624 2439; x_wconf 82' lang='grc' dir='ltr'>μὲν</span> <span class='ocrx_word' id='word_1_562' title='bbox 1641 2394 1728 2439; x_wconf 78' lang='grc' dir='ltr'>ὑμῖν,</span> <span class='ocrx_word' id='word_1_563' title='bbox 1747 2394 1923 2438; x_wconf 85' lang='grc' dir='ltr'>δυστυχῶς</span> <span class='ocrx_word' id='word_1_564' title='bbox 1940 2393 1969 2428; x_wconf 76' lang='grc' dir='ltr'>δ’</span> <span class='ocrx_word' id='word_1_565' title='bbox 1989 2393 2072 2439; x_wconf 81' lang='grc' dir='ltr'>ἐμοὶ,</span> <span class='ocrx_word' id='word_1_566' title='bbox 2090 2391 2203 2440; x_wconf 89' lang='grc' dir='ltr'>γέρον.</span> 
     </span>
     <span class='ocr_line' id='line_1_146' title="bbox 1392 2443 2113 2492; baseline 0 -12"><span class='ocrx_word' id='word_1_567' title='bbox 1392 2446 1504 2490; x_wconf 84' lang='grc' dir='ltr'>χαλᾶν</span> <span class='ocrx_word' id='word_1_568' title='bbox 1520 2443 1645 2481; x_wconf 88' lang='grc' dir='ltr'>κελεύω</span> <span class='ocrx_word' id='word_1_569' title='bbox 1663 2446 1772 2491; x_wconf 87' lang='grc' dir='ltr'>δεσμὰ</span> <span class='ocrx_word' id='word_1_570' title='bbox 1789 2447 1868 2492; x_wconf 81' lang='grc' dir='ltr'>πρὶν</span> <span class='ocrx_word' id='word_1_571' title='bbox 1885 2446 2013 2481; x_wconf 89' lang='grc' dir='ltr'>κλαίειν</span> <span class='ocrx_word' id='word_1_572' title='bbox 2029 2445 2113 2486; x_wconf 86' lang='grc' dir='ltr'>τινὰ,</span> 
     </span>
     <span class='ocr_line' id='line_1_147' title="bbox 1392 2497 2048 2546; baseline 0.002 -14"><span class='ocrx_word' id='word_1_573' title='bbox 1392 2500 1445 2533; x_wconf 82' lang='grc' dir='ltr'>καὶ</span> <span class='ocrx_word' id='word_1_574' title='bbox 1463 2498 1568 2542; x_wconf 77' lang='grc' dir='ltr'>τῆσδε</span> <span class='ocrx_word' id='word_1_575' title='bbox 1584 2500 1700 2546; x_wconf 85' lang='grc' dir='ltr'>χεῖρας</span> <span class='ocrx_word' id='word_1_576' title='bbox 1718 2497 1898 2544; x_wconf 83' lang='grc' dir='ltr'>διπτύχους</span> <span class='ocrx_word' id='word_1_577' title='bbox 1914 2497 2048 2533; x_wconf 85' lang='grc' dir='ltr'>άνιέναι.</span> 
     </span>
    </p>

    <p class='ocr_par' dir='ltr' id='par_1_57' title="bbox 1389 2549 2170 2652">
     <span class='ocr_line' id='line_1_148' title="bbox 1389 2549 2170 2598; baseline 0 -13"><span class='ocrx_word' id='word_1_578' title='bbox 1389 2551 1454 2596; x_wconf 84' lang='grc' dir='ltr'>ἐγὼ</span> <span class='ocrx_word' id='word_1_579' title='bbox 1473 2550 1501 2586; x_wconf 86' lang='grc' dir='ltr'>δ’</span> <span class='ocrx_word' id='word_1_580' title='bbox 1516 2551 1652 2586; x_wconf 82' lang='grc' dir='ltr'>ἀπαυδῶ</span> <span class='ocrx_word' id='word_1_581' title='bbox 1669 2550 1702 2598; x_wconf 85' lang='grc' dir='ltr'>γ’</span> <span class='ocrx_word' id='word_1_582' title='bbox 1720 2550 1827 2587; x_wconf 74' lang='grc' dir='ltr'>ἄλλος</span> <span class='ocrx_word' id='word_1_583' title='bbox 1843 2550 1907 2596; x_wconf 79' lang='grc' dir='ltr'>οὐχ</span> <span class='ocrx_word' id='word_1_584' title='bbox 1925 2551 2044 2596; x_wconf 79' lang='grc' dir='ltr'>ἥσσων</span> <span class='ocrx_word' id='word_1_585' title='bbox 2061 2549 2170 2591; x_wconf 86' lang='grc' dir='ltr'>σέθεν,</span> 
     </span>
     <span class='ocr_line' id='line_1_149' title="bbox 1392 2603 2053 2652; baseline 0.002 -15"><span class='ocrx_word' id='word_1_586' title='bbox 1392 2604 1445 2638; x_wconf 85' lang='grc' dir='ltr'>καὶ</span> <span class='ocrx_word' id='word_1_587' title='bbox 1463 2603 1568 2648; x_wconf 90' lang='grc' dir='ltr'>τῆσδε</span> <span class='ocrx_word' id='word_1_588' title='bbox 1584 2605 1706 2652; x_wconf 75' lang='grc' dir='ltr'>πολλῷ</span> <span class='ocrx_word' id='word_1_589' title='bbox 1723 2604 1920 2652; x_wconf 88' lang='grc' dir='ltr'>κυριώτερος</span> <span class='ocrx_word' id='word_1_590' title='bbox 1936 2604 2053 2650; x_wconf 86' lang='grc' dir='ltr'>γεγώς.</span> 
     </span>
    </p>

    <p class='ocr_par' dir='ltr' id='par_1_58' title="bbox 1386 2653 2280 2808">
     <span class='ocr_line' id='line_1_150' title="bbox 1388 2653 2110 2702; baseline 0.001 -12"><span class='ocrx_word' id='word_1_591' title='bbox 1388 2659 1481 2697; x_wconf 88' lang='grc' dir='ltr'>πῶς,·</span> <span class='ocrx_word' id='word_1_592' title='bbox 1508 2654 1528 2700; x_wconf 87' lang='grc' dir='ltr'>ἦ</span> <span class='ocrx_word' id='word_1_593' title='bbox 1546 2657 1605 2691; x_wconf 86' lang='grc' dir='ltr'>τὸν</span> <span class='ocrx_word' id='word_1_594' title='bbox 1622 2655 1706 2702; x_wconf 81' lang='grc' dir='ltr'>ἀμὸν</span> <span class='ocrx_word' id='word_1_595' title='bbox 1723 2653 1813 2692; x_wconf 82' lang='grc' dir='ltr'>οἷκον</span> <span class='ocrx_word' id='word_1_596' title='bbox 1832 2654 1979 2700; x_wconf 77' lang='grc' dir='ltr'>οἰκήσεις</span> <span class='ocrx_word' id='word_1_597' title='bbox 1995 2657 2110 2701; x_wconf 80' lang='grc' dir='ltr'>μολὼν</span> 
     </span>
     <span class='ocr_line' id='line_1_151' title="bbox 1389 2707 2280 2755; baseline 0.001 -13"><span class='ocrx_word' id='word_1_598' title='bbox 1389 2707 1500 2755; x_wconf 85' lang='grc' dir='ltr'>δεῦρ’,·</span> <span class='ocrx_word' id='word_1_599' title='bbox 1528 2708 1591 2755; x_wconf 78' lang='grc' dir='ltr'>οὐχ</span> <span class='ocrx_word' id='word_1_600' title='bbox 1609 2709 1685 2745; x_wconf 81' lang='grc' dir='ltr'>ἅλις</span> <span class='ocrx_word' id='word_1_601' title='bbox 1703 2723 1760 2744; x_wconf 93' lang='grc' dir='ltr'>σοι</span> <span class='ocrx_word' id='word_1_602' title='bbox 1777 2711 1843 2744; x_wconf 85' lang='grc' dir='ltr'>τῶν</span> <span class='ocrx_word' id='word_1_603' title='bbox 1861 2710 1942 2743; x_wconf 87' lang='grc' dir='ltr'>κατὰ</span> <span class='ocrx_word' id='word_1_604' title='bbox 1960 2709 2112 2755; x_wconf 87' lang='grc' dir='ltr'>Σπάρτην</span> <span class='ocrx_word' id='word_1_605' title='bbox 2129 2708 2259 2754; x_wconf 87' lang='grc' dir='ltr'>κρατεῖν</span> <span class='ocrx_word' id='word_1_606' title='bbox 2269 2722 2280 2748; x_wconf 87' lang='grc'>,·</span> 
     </span>
     <span class='ocr_line' id='line_1_152' title="bbox 1386 2757 2062 2808; baseline 0.001 -13"><span class='ocrx_word' id='word_1_607' title='bbox 1386 2757 1479 2796; x_wconf 84' lang='grc' dir='ltr'>εἶλόν</span> <span class='ocrx_word' id='word_1_608' title='bbox 1497 2775 1546 2796; x_wconf 90' lang='grc' dir='ltr'>νιν</span> <span class='ocrx_word' id='word_1_609' title='bbox 1563 2762 1777 2807; x_wconf 78' lang='grc' dir='ltr'>αἰχμάλωτον</span> <span class='ocrx_word' id='word_1_610' title='bbox 1794 2761 1830 2796; x_wconf 86' lang='grc' dir='ltr'>ἐκ</span> <span class='ocrx_word' id='word_1_611' title='bbox 1848 2761 1967 2807; x_wconf 87' lang='grc' dir='ltr'>Τροίας</span> <span class='ocrx_word' id='word_1_612' title='bbox 1985 2761 2062 2808; x_wconf 66' lang='grc' dir='ltr'>ἐγώ.</span> 
     </span>
    </p>

    <p class='ocr_par' dir='ltr' id='par_1_59' title="bbox 1384 2811 2194 2913">
     <span class='ocr_line' id='line_1_153' title="bbox 1385 2811 2194 2862; baseline 0.001 -14"><span class='ocrx_word' id='word_1_613' title='bbox 1385 2813 1486 2858; x_wconf 86' lang='grc' dir='ltr'>οὑμὸς</span> <span class='ocrx_word' id='word_1_614' title='bbox 1505 2813 1541 2848; x_wconf 90' lang='grc' dir='ltr'>δέ</span> <span class='ocrx_word' id='word_1_615' title='bbox 1557 2811 1592 2860; x_wconf 79' lang='grc' dir='ltr'>γ’</span> <span class='ocrx_word' id='word_1_616' title='bbox 1612 2814 1713 2859; x_wconf 79' lang='grc' dir='ltr'>αὐτὴν</span> <span class='ocrx_word' id='word_1_617' title='bbox 1725 2815 1836 2856; x_wconf 80' lang='grc' dir='ltr'>ἔλαβε</span> <span class='ocrx_word' id='word_1_618' title='bbox 1853 2815 1931 2850; x_wconf 89' lang='grc' dir='ltr'>παῖς</span> <span class='ocrx_word' id='word_1_619' title='bbox 1947 2815 2066 2851; x_wconf 85' lang='grc' dir='ltr'>παιδὸς</span> <span class='ocrx_word' id='word_1_620' title='bbox 2082 2814 2194 2862; x_wconf 86' lang='grc' dir='ltr'>γέρας.</span> 
     </span>
     <span class='ocr_line' id='line_1_154' title="bbox 1384 2865 2066 2913; baseline 0.004 -14"><span class='ocrx_word' id='word_1_621' title='bbox 1384 2868 1502 2901; x_wconf 81' lang='grc' dir='ltr'>οὔκουν</span> <span class='ocrx_word' id='word_1_622' title='bbox 1520 2865 1645 2902; x_wconf 85' lang='grc' dir='ltr'>ἐκείνου</span> <span class='ocrx_word' id='word_1_623' title='bbox 1662 2866 1749 2912; x_wconf 85' lang='grc' dir='ltr'>τάμὰ</span> <span class='ocrx_word' id='word_1_624' title='bbox 1767 2866 1917 2902; x_wconf 87' lang='grc' dir='ltr'>τάκείνου</span> <span class='ocrx_word' id='word_1_625' title='bbox 1933 2865 1962 2901; x_wconf 90' lang='grc' dir='ltr'>τ’</span> <span class='ocrx_word' id='word_1_626' title='bbox 1982 2867 2066 2913; x_wconf 72' lang='grc' dir='ltr'>ἐμάς</span> 
     </span>
    </p>

    <p class='ocr_par' dir='ltr' id='par_1_60' title="bbox 1382 2913 1485 2966">
     <span class='ocr_line' id='line_1_155' title="bbox 1382 2913 1485 2966; baseline 0.01 -14"><span class='ocrx_word' id='word_1_627' title='bbox 1382 2913 1485 2966; x_wconf 87' lang='grc' dir='ltr'>[ναί·]</span> 
     </span>
    </p>

    <p class='ocr_par' dir='ltr' id='par_1_61' title="bbox 1381 2969 2243 3383">
     <span class='ocr_line' id='line_1_156' title="bbox 1385 2969 2179 3017; baseline 0.001 -12"><span class='ocrx_word' id='word_1_628' title='bbox 1385 2971 1467 3016; x_wconf 84' lang='grc' dir='ltr'>δρᾶν</span> <span class='ocrx_word' id='word_1_629' title='bbox 1485 2969 1532 3014; x_wconf 75' lang='grc' dir='ltr'>εὖ,</span> <span class='ocrx_word' id='word_1_630' title='bbox 1554 2973 1659 3008; x_wconf 88' lang='grc' dir='ltr'>κακῶς</span> <span class='ocrx_word' id='word_1_631' title='bbox 1676 2972 1705 3007; x_wconf 80' lang='grc' dir='ltr'>δ’</span> <span class='ocrx_word' id='word_1_632' title='bbox 1725 2971 1776 3014; x_wconf 84' lang='grc' dir='ltr'>οὒ,</span> <span class='ocrx_word' id='word_1_633' title='bbox 1794 2971 1868 3017; x_wconf 89' lang='grc' dir='ltr'>μηδ’</span> <span class='ocrx_word' id='word_1_634' title='bbox 1888 2971 2092 3007; x_wconf 85' lang='grc' dir='ltr'>ἀποκτείνειν</span> <span class='ocrx_word' id='word_1_635' title='bbox 2109 2970 2179 3016; x_wconf 79' lang='grc' dir='ltr'>βίᾳ.</span> 
     </span>
     <span class='ocr_line' id='line_1_157' title="bbox 1381 3022 2113 3070; baseline 0.004 -13"><span class='ocrx_word' id='word_1_636' title='bbox 1381 3023 1425 3058; x_wconf 84' lang='grc' dir='ltr'>ὡς</span> <span class='ocrx_word' id='word_1_637' title='bbox 1442 3022 1533 3068; x_wconf 81' lang='grc' dir='ltr'>τήνδ’</span> <span class='ocrx_word' id='word_1_638' title='bbox 1552 3022 1691 3067; x_wconf 78' lang='grc' dir='ltr'>ἀπάξεις</span> <span class='ocrx_word' id='word_1_639' title='bbox 1708 3023 1823 3060; x_wconf 82' lang='grc' dir='ltr'>οὔποτ’</span> <span class='ocrx_word' id='word_1_640' title='bbox 1843 3023 1881 3069; x_wconf 80' lang='grc' dir='ltr'>ἐξ</span> <span class='ocrx_word' id='word_1_641' title='bbox 1899 3025 1978 3069; x_wconf 87' lang='grc' dir='ltr'>ἐμῆς</span> <span class='ocrx_word' id='word_1_642' title='bbox 1993 3024 2113 3070; x_wconf 88' lang='grc' dir='ltr'>χερός.-</span> 
     </span>
     <span class='ocr_line' id='line_1_158' title="bbox 1384 3073 2104 3124; baseline 0.001 -15"><span class='ocrx_word' id='word_1_643' title='bbox 1384 3073 1542 3124; x_wconf 80' lang='grc' dir='ltr'>σκὴπτρῳ</span> <span class='ocrx_word' id='word_1_644' title='bbox 1561 3075 1597 3110; x_wconf 78' lang='grc' dir='ltr'>δὲ</span> <span class='ocrx_word' id='word_1_645' title='bbox 1615 3076 1699 3124; x_wconf 74' lang='grc' dir='ltr'>τῷδε</span> <span class='ocrx_word' id='word_1_646' title='bbox 1718 3077 1781 3112; x_wconf 90' lang='grc' dir='ltr'>σὸν</span> <span class='ocrx_word' id='word_1_647' title='bbox 1799 3075 1989 3122; x_wconf 81' lang='grc' dir='ltr'>καθαιμάξω</span> <span class='ocrx_word' id='word_1_648' title='bbox 2007 3076 2104 3122; x_wconf 85' lang='grc' dir='ltr'>κάρα.</span> 
     </span>
     <span class='ocr_line' id='line_1_159' title="bbox 1384 3126 2243 3174; baseline 0 -12"><span class='ocrx_word' id='word_1_649' title='bbox 1384 3127 1524 3173; x_wconf 76' lang='grc' dir='ltr'>ψαῦσον</span> <span class='ocrx_word' id='word_1_650' title='bbox 1542 3126 1582 3172; x_wconf 91' lang='grc' dir='ltr'>δ’,</span> <span class='ocrx_word' id='word_1_651' title='bbox 1601 3126 1644 3163; x_wconf 79' lang='grc' dir='ltr'>ἵν’</span> <span class='ocrx_word' id='word_1_652' title='bbox 1664 3128 1764 3174; x_wconf 78' lang='grc' dir='ltr'>εἰδῇς,</span> <span class='ocrx_word' id='word_1_653' title='bbox 1784 3130 1837 3164; x_wconf 83' lang='grc' dir='ltr'>καὶ</span> <span class='ocrx_word' id='word_1_654' title='bbox 1853 3129 1963 3165; x_wconf 87' lang='grc' dir='ltr'>πέλας</span> <span class='ocrx_word' id='word_1_655' title='bbox 1979 3126 2153 3174; x_wconf 86' lang='grc' dir='ltr'>πρόσελθέ</span> <span class='ocrx_word' id='word_1_656' title='bbox 2167 3137 2243 3172; x_wconf 68' lang='grc' dir='ltr'>μου.</span> 
     </span>
     <span class='ocr_line' id='line_1_160' title="bbox 1386 3178 2185 3228; baseline 0 -14"><span class='ocrx_word' id='word_1_657' title='bbox 1386 3179 1431 3214; x_wconf 84' lang='grc' dir='ltr'>σὺ</span> <span class='ocrx_word' id='word_1_658' title='bbox 1448 3180 1514 3227; x_wconf 89' lang='grc' dir='ltr'>γὰρ</span> <span class='ocrx_word' id='word_1_659' title='bbox 1531 3178 1604 3225; x_wconf 78' lang='grc' dir='ltr'>μετ’</span> <span class='ocrx_word' id='word_1_660' title='bbox 1624 3180 1761 3228; x_wconf 85' lang='grc' dir='ltr'>ἀνδρῶν,</span> <span class='ocrx_word' id='word_1_661' title='bbox 1782 3180 1808 3215; x_wconf 79' lang='grc' dir='ltr'><strong><em>ὦ</em></strong></span> <span class='ocrx_word' id='word_1_662' title='bbox 1826 3183 1961 3216; x_wconf 90' lang='grc' dir='ltr'>κάκιστε</span> <span class='ocrx_word' id='word_1_663' title='bbox 1980 3180 2040 3214; x_wconf 87' lang='grc' dir='ltr'>κάκ</span> <span class='ocrx_word' id='word_1_664' title='bbox 2058 3182 2185 3220; x_wconf 83' lang='grc' dir='ltr'>κακῶν,·</span> 
     </span>
     <span class='ocr_line' id='line_1_161' title="bbox 1384 3231 2133 3279; baseline 0.001 -13"><span class='ocrx_word' id='word_1_665' title='bbox 1384 3231 1442 3266; x_wconf 87' lang='grc' dir='ltr'>σοί</span> <span class='ocrx_word' id='word_1_666' title='bbox 1458 3246 1524 3267; x_wconf 90' lang='grc' dir='ltr'>που</span> <span class='ocrx_word' id='word_1_667' title='bbox 1541 3232 1698 3277; x_wconf 86' lang='grc' dir='ltr'>μέτεστιν</span> <span class='ocrx_word' id='word_1_668' title='bbox 1715 3233 1760 3269; x_wconf 82' lang='grc' dir='ltr'>ὣς</span> <span class='ocrx_word' id='word_1_669' title='bbox 1777 3234 1812 3268; x_wconf 89' lang='grc' dir='ltr'>ἐν</span> <span class='ocrx_word' id='word_1_670' title='bbox 1829 3233 1989 3279; x_wconf 84' lang='grc' dir='ltr'>ἀνδράσιν</span> <span class='ocrx_word' id='word_1_671' title='bbox 2005 3232 2133 3278; x_wconf 83' lang='grc' dir='ltr'>λόγου,-</span> 
     </span>
     <span class='ocr_line' id='line_1_162' title="bbox 1382 3283 2223 3332; baseline 0.004 -14"><span class='ocrx_word' id='word_1_672' title='bbox 1382 3283 1477 3319; x_wconf 81' lang='grc' dir='ltr'>ὅσ-τις</span> <span class='ocrx_word' id='word_1_673' title='bbox 1493 3285 1578 3330; x_wconf 87' lang='grc' dir='ltr'>πρὸς</span> <span class='ocrx_word' id='word_1_674' title='bbox 1595 3285 1714 3331; x_wconf 82' lang='grc' dir='ltr'>ἀνδρὸς</span> <span class='ocrx_word' id='word_1_675' title='bbox 1731 3287 1860 3332; x_wconf 83' lang='grc' dir='ltr'>Φρυγὸς</span> <span class='ocrx_word' id='word_1_676' title='bbox 1876 3284 2074 3330; x_wconf 71' lang='grc' dir='ltr'>ἀπηλλάγης</span> <span class='ocrx_word' id='word_1_677' title='bbox 2090 3283 2223 3330; x_wconf 81' lang='grc' dir='ltr'>λέχους,</span> 
     </span>
     <span class='ocr_line' id='line_1_163' title="bbox 1381 3334 2093 3383; baseline 0 -13"><span class='ocrx_word' id='word_1_678' title='bbox 1381 3334 1537 3380; x_wconf 53' lang='lat' dir='ltr'>imno-ff,</span> <span class='ocrx_word' id='word_1_679' title='bbox 1556 3337 1683 3372; x_wconf 78' lang='grc' dir='ltr'>ἅδουλα</span> <span class='ocrx_word' id='word_1_680' title='bbox 1701 3335 1825 3383; x_wconf 66' lang='lat' dir='ltr'>&amp;5an</span> <span class='ocrx_word' id='word_1_681' title='bbox 1844 3337 1958 3374; x_wconf 72' lang='grc' dir='ltr'>ἑστίας</span> <span class='ocrx_word' id='word_1_682' title='bbox 1973 3336 2093 3377; x_wconf 77' lang='grc' dir='ltr'>λιπὼν,</span> 
     </span>
    </p>

    <p class='ocr_par' dir='ltr' id='par_1_62' title="bbox 1381 3387 2144 3540">
     <span class='ocr_line' id='line_1_164' title="bbox 1382 3387 2108 3436; baseline 0.001 -14"><span class='ocrx_word' id='word_1_683' title='bbox 1382 3388 1426 3423; x_wconf 82' lang='grc' dir='ltr'>ὡς</span> <span class='ocrx_word' id='word_1_684' title='bbox 1443 3388 1483 3432; x_wconf 89' lang='grc' dir='ltr'>δὴ</span> <span class='ocrx_word' id='word_1_685' title='bbox 1501 3391 1638 3434; x_wconf 85' lang='grc' dir='ltr'>γυναῖκα</span> <span class='ocrx_word' id='word_1_686' title='bbox 1656 3387 1809 3436; x_wconf 76' lang='grc' dir='ltr'>σώφρον’</span> <span class='ocrx_word' id='word_1_687' title='bbox 1828 3388 1864 3424; x_wconf 83' lang='grc' dir='ltr'>ἐν</span> <span class='ocrx_word' id='word_1_688' title='bbox 1880 3388 1994 3434; x_wconf 82' lang='grc' dir='ltr'>δόμοις</span> <span class='ocrx_word' id='word_1_689' title='bbox 2010 3388 2108 3434; x_wconf 74' lang='grc' dir='ltr'>ἔχων,</span> 
     </span>
     <span class='ocr_line' id='line_1_165' title="bbox 1381 3438 2144 3486; baseline 0.004 -12"><span class='ocrx_word' id='word_1_690' title='bbox 1381 3443 1500 3474; x_wconf 85' lang='grc' dir='ltr'>πασῶν</span> <span class='ocrx_word' id='word_1_691' title='bbox 1517 3441 1687 3486; x_wconf 85' lang='grc' dir='ltr'>κακίστην.</span> <span class='ocrx_word' id='word_1_692' title='bbox 1724 3441 1794 3476; x_wconf 80' lang='grc' dir='ltr'>οὐδ’</span> <span class='ocrx_word' id='word_1_693' title='bbox 1813 3438 1854 3476; x_wconf 78' lang='grc' dir='ltr'>ἂν</span> <span class='ocrx_word' id='word_1_694' title='bbox 1870 3440 1901 3475; x_wconf 82' lang='grc' dir='ltr'>εἶ</span> <span class='ocrx_word' id='word_1_695' title='bbox 1916 3439 2077 3484; x_wconf 85' lang='grc' dir='ltr'>βούλοιτό</span> <span class='ocrx_word' id='word_1_696' title='bbox 2094 3453 2144 3478; x_wconf 90' lang='grc' dir='ltr'>τις</span> 
     </span>
     <span class='ocr_line' id='line_1_166' title="bbox 1382 3491 2049 3540; baseline 0.001 -14"><span class='ocrx_word' id='word_1_697' title='bbox 1382 3492 1532 3538; x_wconf 90' lang='grc' dir='ltr'>σώφρων</span> <span class='ocrx_word' id='word_1_698' title='bbox 1548 3492 1679 3538; x_wconf 90' lang='grc' dir='ltr'>γένοιτο</span> <span class='ocrx_word' id='word_1_699' title='bbox 1696 3491 1942 3540; x_wconf 74' lang='grc' dir='ltr'>ΞΛταρτιατίδων</span> <span class='ocrx_word' id='word_1_700' title='bbox 1958 3492 2049 3539; x_wconf 87' lang='grc' dir='ltr'>κόρη,</span> 
     </span>
    </p>

    <p class='ocr_par' dir='ltr' id='par_1_63' title="bbox 1380 3541 2011 3593">
     <span class='ocr_line' id='line_1_167' title="bbox 1380 3541 2011 3593; baseline 0.008 -14"><span class='ocrx_word' id='word_1_701' title='bbox 1380 3541 1415 3579; x_wconf 82' lang='grc' dir='ltr'>αἳ</span> <span class='ocrx_word' id='word_1_702' title='bbox 1432 3543 1494 3588; x_wconf 80' lang='grc' dir='ltr'>ξὺν</span> <span class='ocrx_word' id='word_1_703' title='bbox 1511 3543 1636 3581; x_wconf 89' lang='grc' dir='ltr'>νέοισιν</span> <span class='ocrx_word' id='word_1_704' title='bbox 1653 3545 1873 3592; x_wconf 79' lang='grc' dir='ltr'>ἐξερημοῦσαι</span> <span class='ocrx_word' id='word_1_705' title='bbox 1890 3544 2011 3593; x_wconf 76' lang='grc' dir='ltr'>δόμους</span> 
     </span>
    </p>
   </div>
   <div class='ocr_carea' id='block_1_39' title="bbox 2276 511 2340 548">
    <p class='ocr_par' dir='ltr' id='par_1_64' title="bbox 2276 511 2340 548">
     <span class='ocr_line' id='line_1_168' title="bbox 2276 511 2340 548; baseline -0.016 0"><span class='ocrx_word' id='word_1_706' title='bbox 2276 511 2340 548; x_wconf 79' lang='lat'>⁵40</span> 
     </span>
    </p>
   </div>
   <div class='ocr_carea' id='block_1_40' title="bbox 2278 777 2336 810">
    <p class='ocr_par' dir='ltr' id='par_1_65' title="bbox 2278 777 2336 810">
     <span class='ocr_line' id='line_1_169' title="bbox 2278 777 2336 810; baseline 0 0"><span class='ocrx_word' id='word_1_707' title='bbox 2278 777 2336 810; x_wconf 81' lang='grc'>545</span> 
     </span>
    </p>
   </div>
   <div class='ocr_carea' id='block_1_41' title="bbox 2278 1039 2339 1073">
    <p class='ocr_par' dir='ltr' id='par_1_66' title="bbox 2278 1039 2339 1073">
     <span class='ocr_line' id='line_1_170' title="bbox 2278 1039 2339 1073; baseline 0.016 -1"><span class='ocrx_word' id='word_1_708' title='bbox 2278 1039 2339 1073; x_wconf 82' lang='lat'>550</span> 
     </span>
    </p>
   </div>
   <div class='ocr_carea' id='block_1_42' title="bbox 2276 1300 2336 1334">
    <p class='ocr_par' dir='ltr' id='par_1_67' title="bbox 2276 1300 2336 1334">
     <span class='ocr_line' id='line_1_171' title="bbox 2276 1300 2336 1334; baseline 0 0"><span class='ocrx_word' id='word_1_709' title='bbox 2276 1300 2336 1334; x_wconf 89' lang='grc'>555</span> 
     </span>
    </p>
   </div>
   <div class='ocr_carea' id='block_1_43' title="bbox 2268 2353 2327 2387">
    <p class='ocr_par' dir='ltr' id='par_1_68' title="bbox 2268 2353 2327 2387">
     <span class='ocr_line' id='line_1_172' title="bbox 2268 2353 2327 2387; baseline 0.034 -2"><span class='ocrx_word' id='word_1_710' title='bbox 2268 2353 2327 2387; x_wconf 76' lang='lat'>575</span> 
     </span>
    </p>
   </div>
   <div class='ocr_carea' id='block_1_44' title="bbox 2265 2606 2326 2648">
    <p class='ocr_par' dir='ltr' id='par_1_69' title="bbox 2265 2606 2326 2648">
     <span class='ocr_line' id='line_1_173' title="bbox 2265 2606 2326 2648; baseline 0 -9"><span class='ocrx_word' id='word_1_711' title='bbox 2265 2606 2326 2648; x_wconf 80' lang='lat'>580</span> 
     </span>
    </p>
   </div>
   <div class='ocr_carea' id='block_1_45' title="bbox 2259 2869 2318 2912">
    <p class='ocr_par' dir='ltr' id='par_1_70' title="bbox 2259 2869 2318 2912">
     <span class='ocr_line' id='line_1_174' title="bbox 2259 2869 2318 2912; baseline -0.017 0"><span class='ocrx_word' id='word_1_712' title='bbox 2259 2869 2318 2912; x_wconf 81' lang='lat'>⁵85</span> 
     </span>
    </p>
   </div>
   <div class='ocr_carea' id='block_1_46' title="bbox 2256 3192 2316 3225">
    <p class='ocr_par' dir='ltr' id='par_1_71' title="bbox 2256 3192 2316 3225">
     <span class='ocr_line' id='line_1_175' title="bbox 2256 3192 2316 3225; baseline 0 0"><span class='ocrx_word' id='word_1_713' title='bbox 2256 3192 2316 3225; x_wconf 88' lang='lat'>590</span> 
     </span>
    </p>
   </div>
   <div class='ocr_carea' id='block_1_47' title="bbox 2252 3453 2314 3495">
    <p class='ocr_par' dir='ltr' id='par_1_72' title="bbox 2252 3453 2314 3495">
     <span class='ocr_line' id='line_1_176' title="bbox 2252 3453 2314 3495; baseline 0 -8"><span class='ocrx_word' id='word_1_714' title='bbox 2252 3453 2314 3495; x_wconf 83' lang='lat'>595</span> 
     </span>
    </p>
   </div>
  </div>
 </body>
</html>
