2488 3860
259 292 287 336 ⁵7

290 291 342 337 14

481 415 706 446 ΕΠΙΣΤΟΛΗ
733 409 782 446 Β’.
836 390 1071 446 ΣοφοκΛΕι.

309 487 496 535 Ἐκομίσθη
527 486 698 534 Ἀθήναζε,
726 486 753 523 ὦ
783 487 982 534 Σοφόκλεις,
1012 486 1032 532 ἡ
1054 485 1135 533 περὶ
1167 485 1227 521 τὸν
1253 485 1301 521 εἷς

258 596 414 632 τεθεῖσαν
428 595 489 641 τὴν
501 596 602 631 πόλιν
620 596 767 638 ἅπασαν,
785 595 830 633 ὥς
852 593 936 640 μηδὲ
959 594 1038 631 τούς
1064 592 1211 640 ἐχθροὺς
1237 591 1301 636 ’'70-

260 664 324 686 σον
350 649 556 696 ἀχθεσθῆναι
582 652 648 684 τῶν
675 649 800 695 φίλων.
855 649 901 684 Τὸ
929 646 978 692 δὲ,
1006 646 1174 683 τοσούτου
1203 649 1305 681 κακοῦ

253 701 402 746 ἥκοντος,
421 700 673 748 περισώζεσθαί
690 715 744 741 σε,
765 701 819 737 καὶ
835 702 875 736 τὸ
893 704 959 736 τῶν
978 702 1146 736 συνόντων
1165 714 1222 734 σοι
1242 701 1301 747 φί-

253 754 335 795 λων,
353 754 437 799 μηδό
463 753 676 799 θεραπόντων
698 753 886 797 ἀποβαλεῖν
909 753 1043 797 μηδένα,
1064 753 1124 787 οὐκ
1152 751 1240 787 ἄλλο
1269 767 1301 787 τι

256 808 363 854 ἔγωγε
389 805 408 851 ἢ
428 805 505 841 θεοῦ
530 806 689 851 πρόνοιαν
704 802 862 851 γενέσθαι
887 802 1056 848 πείθομαι.
1111 800 1156 835 Ἣ
1183 798 1298 845 μέντοι

255 861 334 908 περὶ
356 859 400 895 τὰ
423 859 573 906 δράματα
596 857 772 905 συμφορὰ,
792 855 832 902 ἣν
854 855 906 893 τίς
926 855 1004 902 οὐχὶ
1028 854 1140 899 κοινὴν
1166 853 1301 897 ἁπάσης

257 916 316 959 τῆς
332 913 500 949 Ἑλλάδος
523 910 691 958 νομίσειεν
713 911 779 954 ἅνς
810 910 898 955 δεινὴ
917 910 989 955 μὲν,
1014 907 1105 943 ἀλλὰ
1126 908 1301 955 περιόντος

256 983 297 1016 γε
316 969 381 1003 σοῦ
396 966 520 1014 ῥᾳδίως
536 963 858 1013 ἐπανορθωθήσεται.
887 965 1006 999 Σκόπει
1025 960 1055 997 δ’
1075 961 1166 998 ὅπως
1182 961 1300 1006 ἀσφα-

258 1022 425 1067 λεστέραν
440 1020 461 1066 ἦ
487 1018 674 1067 ταχυτέραν
690 1016 851 1064 ποιήσαιο
873 1016 934 1062 τὴν
950 1015 1126 1052 ἐπάνοδον·
1156 1014 1209 1050 καὶ
1227 1015 1300 1059 ἤτοι

253 1070 319 1116 ὅρα
335 1069 355 1115 ἡ
375 1069 549 1109 θάλασσα,
569 1068 589 1114 ἢ
608 1071 647 1104 τὸ
666 1068 765 1116 κρύος
787 1070 992 1116 παραχρῆμα
1010 1068 1192 1114 νηχόμενόν
1209 1081 1261 1115 γε,
1281 1065 1301 1112 ἢ

253 1121 410 1170 ὕστερον,
430 1125 579 1158 κακῶσαι
597 1122 699 1161 δοκεῖ,
718 1117 840 1168 ῥαΐσας
857 1122 896 1156 τὸ
916 1125 1014 1166 σῶμα
1031 1122 1196 1167 πρότερον
1213 1119 1300 1165 ἡσυ-

253 1178 298 1222 χῆ
318 1175 461 1211 ἐπάνιθι.
517 1176 582 1211 Καὶ
608 1175 650 1210 τὰ
675 1172 761 1210 οἴκοι
778 1172 853 1210 ἴσθι
870 1174 953 1209 κατὰ
971 1175 1049 1209 νοῦν
1067 1174 1121 1210 καὶ
1139 1171 1206 1208 ὅσα
1224 1172 1300 1208 έπέ-

255 1231 394 1265 στειλας
412 1229 548 1272 ἐπιτελῆ
568 1227 659 1263 ὄντα.

310 1281 492 1318 ’Ἄσπασαι
511 1282 675 1327 Χιωνίδην
697 1296 735 1317 τε
761 1282 815 1317 καὶ
834 1278 1026 1329 Λαπρέπην,
1051 1278 1104 1314 καὶ
1121 1277 1303 1314 είδέτωσαν

251 1333 337 1379 ἡμᾶς
354 1334 419 1379 οὐχ
437 1333 558 1378 ἥκιστα
577 1333 630 1368 καὶ
649 1330 700 1368 ἐπ’
718 1331 831 1367 αὐτοῖς
843 1331 1035 1378 χαίροντας,
1055 1330 1107 1366 ὅτι
1123 1332 1300 1375 σώζονται.

251 1386 422 1434 Ἀντιγένη
449 1387 507 1421 τὸν
525 1386 650 1432 ἰατρὸν,
670 1383 764 1431 ε’ίπερ
792 1385 841 1420 ἔτι
873 1384 908 1419 ἐν
925 1384 996 1432 Χίῳ
1023 1385 1301 1429 καταλαμβάνεις,

254 1441 308 1475 καὶ
324 1440 369 1484 μὴ
388 1439 518 1485 ἀπῇρκέ
532 1453 586 1474 πω
605 1438 652 1474 εἷς
674 1437 802 1478 Ῥόδον,
822 1437 990 1477 ἅσπασαι,
1011 1438 1064 1472 καὶ
1081 1435 1157 1472 ἴσθι
1174 1437 1303 1484 ἀνδρῶν

252 1494 439 1535 βέλτιστον
456 1491 548 1529 ὄντα·
578 1492 631 1528 καὶ
649 1491 727 1528 τοὺς
746 1490 911 1536 Κρατίνου
931 1491 1023 1527 υἱεῖς.
1044 1488 1221 1537 ’Έρρωσω

259 542 342 578 Χίον
362 543 473 578 πλοῦν
493 541 652 590 γενομένη
671 556 729 591 σοι
753 541 927 588 συμφορά·
957 540 1010 575 καὶ
1030 539 1105 576 ἰ’σθι
1121 535 1209 574 οὕτω
1228 515 1365 888 δια-3η
1394 541 1472 587 ἰδίᾳ,
1502 541 1571 576 δεῖν
1596 543 1730 586 μᾶλλον
1756 541 1911 588 ἡσθῆναι,
1930 541 1950 587 ἦ
1977 541 2030 578 ὅτι
2056 544 2099 580 σε’
2125 546 2279 580 τοιοῦτον
2301 542 2379 581 ὄντα

702 1627 860 1637 ..-.-.-,

382 1726 609 1758 ΕΠΙΣΤΟΛΗ
636 1720 685 1757 P'.
741 1727 959 1758 ΑΡΧΕΛΑΩι
986 1727 1173 1759 ΒΑΣΙΛΕΙ.

305 1808 466 1856 Ἀφίκετο
496 1808 658 1855 Ἀθήναζε
693 1810 778 1856 πρὸς
817 1809 902 1854 ἡμᾶς
934 1811 952 1844 6
989 1810 1160 1845 Πελλαῖος
1195 1809 1303 1856 γέρων

254 1863 322 1908 ἅμα
339 1864 409 1900 τοῖς
427 1864 546 1898 ἑαυτοῦ
571 1861 769 1898 νεανίσκοις·
809 1863 863 1897 καὶ
887 1862 1017 1910 ἐγένετο
1043 1863 1105 1908 μὲν
1121 1861 1141 1907 ἡ
1160 1860 1255 1909 ὄψις,
1277 1861 1302 1896 ὦ

254 1917 418 1958 βέλτιστε
444 1917 606 1958 βασιλεῦ,
626 1914 720 1959 ἡδεῖα
748 1915 809 1960 μὲν
827 1916 900 1960 ἐμοὶ
929 1918 976 1964 τῷ
1004 1915 1157 1963 θεωμένῳ
1185 1929 1222 1950 τε
1249 1916 1303 1950 καὶ

256 1967 297 2004 δι’
316 1968 354 2004 ὃν
371 1971 475 2004 ταῦτα
488 1968 631 2016 ἐγένετο,
645 1968 729 2013 καλὴ
745 1969 780 2003 δέ
799 1969 853 2004 καὶ
871 1969 929 2003 σοὶ
947 1969 1065 2004 ἀπόντι
1079 1969 1132 2002 καὶ
1146 1967 1303 2015 φέρουσα

258 2022 358 2066 δόξαν
375 2022 510 2066 πολλὴν
527 2022 581 2056 καὶ
608 2022 711 2066 ζῆλον
727 2022 818 2068 παρὰ
841 2023 929 2056 πᾶσι
947 2024 1017 2058 τοῖς
1041 2035 1077 2056 τε
1105 2021 1302 2065 ἐπιτηδείοις

258 2077 325 2110 τοῖς
337 2076 427 2119 ἐμοῖς
433 2075 487 2110 καὶ
495 2074 679 2119 Ἀθηναίων
685 2076 807 2109 ὁπόσοι
819 2071 919 2109 εἶδον·
936 2071 1025 2109 εἶδον
1031 2073 1067 2109 δὲ
1078 2074 1218 2109 πολλοί.
1241 2074 1304 2108 Καὶ

259 2126 371 2163 οὐδεὶς
388 2124 484 2162 ὅστις
501 2126 561 2160 οὐκ
577 2123 710 2172 ἠγάσθη
731 2125 769 2162 τέ
798 2140 863 2161 σου
887 2127 945 2170 τῆς
968 2124 1224 2172 φιλανθρωπίας
1247 2126 1300 2160 καὶ

260 2178 448 2225 συνηύξατό
462 2193 520 2214 σοι
537 2179 579 2214 τὰ
592 2179 711 2226 ἀγαθά.
766 2178 902 2225 Περιῄει
919 2179 985 2226 γὰρ
1009 2177 1118 2226 γέρων
1138 2173 1194 2223 (οὐ
1212 2180 1298 2214 πολ-

260 2235 337 2270 λαῖς
354 2234 439 2268 πάνυ
466 2232 602 2280 ἡμέραις
626 2234 790 2279 πρότερον
810 2232 924 2268 ἐνθάδε
941 2231 1056 2278 ῥυπῶν
1071 2247 1109 2268 τε
1125 2234 1178 2268 καὶ
1197 2234 1299 2278 κόμην

257 2287 344 2331 ἔχων
363 2282 612 2333 [κεκαρμένην,]
632 2285 667 2319 ἐν
680 2282 767 2319 οὕτω
785 2285 872 2319 πάνυ
888 2286 967 2330 λιτῇ
985 2299 1048 2320 τινι
1067 2284 1180 2319 ἐλπίδι
1198 2284 1302 2319 τεθει-

257 2338 354 2383 μένος
382 2339 442 2383 τὴν
460 2338 629 2385 σωτηρίαν
646 2341 713 2372 τῶν
729 2333 874 2383 παίδων)
901 2339 1057 2384 λαμπρός
1080 2352 1118 2371 τε
1145 2337 1305 2383 ἐξαίφνης

259 2392 311 2426 καὶ
329 2392 413 2437 μετὰ
441 2391 533 2426 δυοῖν
550 2391 685 2426 παίδοιν
703 2390 856 2430 νεανίαιν,
878 2389 966 2425 θύων
983 2405 1020 2425 τε
1038 2392 1108 2426 τοῖς
1127 2390 1228 2430 θεοῖς,
1249 2389 1306 2435 ἐμέ

260 2459 296 2479 τε
314 2445 424 2490 ὑμνῶν
443 2445 496 2479 καὶ
509 2444 687 2491 περίεπων,
704 2443 756 2478 ὅτι
775 2444 926 2488 σώσαιμι
940 2444 1029 2492 αὐτῷ
1042 2443 1121 2479 τούς
1139 2443 1240 2484 υἱέας,
1254 2444 1307 2479 καὶ

259 2497 318 2542 τὴν
335 2499 437 2533 πόλιν
449 2497 509 2542 τὴν
523 2501 588 2532 τῶν
604 2496 799 2542 Ἀθηναίων,
815 2495 867 2531 ὅτι
885 2495 1057 2533 τοιούτους
1074 2497 1217 2532 πολίτας
1230 2496 1305 2543 τρέ-

259 2551 334 2596 φοι.

310 2603 399 2648 Ἐγὼ
414 2603 450 2638 δὲ
467 2603 585 2638 πολλὰ
598 2603 657 2640 μὲν
671 2604 725 2638 καὶ
742 2602 839 2647 ἕτερα
852 2602 957 2638 εἰπεῖν
970 2603 1051 2648 ἕχω·
1082 2603 1122 2637 οὐ
1135 2601 1307 2646 βούλομαι

264 2656 312 2696 δὲ,
331 2654 515 2691 ἐπιδεικνὺς
539 2653 611 2703 ὅσῳ
637 2654 777 2690 πλείονα
797 2653 834 2689 ἐκ
859 2653 979 2690 τούτου
1007 2655 1149 2690 σεαυτὸν
1172 2653 1304 2700 ὤνησας

265 2708 283 2753 ἢ
303 2709 410 2744 ἄλλον
435 2708 508 2743 τινὰ
534 2708 728 2755 ἀνθρώπων,
752 2708 861 2743 δοκεῖν
884 2708 940 2743 διὰ
960 2710 1060 2743 τοῦτο
1087 2707 1217 2743 ἐλάττω
1245 2707 1303 2742 σοὶ

264 2762 363 2809 χάριν
379 2763 478 2808 ἔχειν.
507 2760 685 2809 (Ομολογῶ
703 2761 740 2797 δὲ
758 2762 856 2798 αὐτός
882 2777 919 2798 τε
945 2760 982 2796 εὖ
1006 2763 1048 2797 τὰ
1073 2760 1219 2808 με’γιστα
1241 2775 1303 2796 πε-

265 2815 423 2850 πονθέναι
464 2815 517 2850 καὶ
550 2815 773 2862 πειράσεσθαι
807 2817 868 2851 τοῦ
911 2816 1014 2850 καλοῦ
1049 2814 1169 2850 τούτου
1203 2816 1304 2862 ἔργου

260 2866 375 2901 πολλὰ
392 2867 479 2900 πάνυ
497 2867 551 2901 καὶ
568 2867 700 2913 μεγάλα
717 2869 909 2913 παρασχεῖν
928 2867 986 2901 σοὶ
1008 2865 1226 2913 χαριστήρια·
1257 2865 1309 2900 ὅτι

260 2920 338 2952 οὔτε
364 2918 422 2953 τὸν
446 2918 595 2954 δείλαιον
618 2919 761 2966 γέροντα
788 2919 923 2963 ἐκεῖνον,
945 2918 1001 2954 ὅτε
1028 2917 1156 2964 ἠτύχει,
1176 2919 1235 2964 τῆς
1254 2917 1310 2964 ἐφ’

262 2970 349 3015 ἡμῖν,
369 2972 445 3005 οὕτε
463 2970 548 3016 ἡμᾶς
574 2973 633 3017 τῆς
657 2972 712 3009 ἐπὶ
739 2972 809 3012 σοὶ,
829 2971 1026 3020 γιγνομένης
1044 2970 1187 3019 ἐψεύσω
1212 2971 1310 3008 ε’λπί·

263 3024 332 3060 δος.
354 3021 530 3070 Ἐρρωσο.

394 3197 620 3229 ΕΠΙΣΤΟΛΗ
649 3193 701 3230 Δ’.
756 3201 974 3233 ΑΡΧΕΛΑΩι
1002 3201 1190 3236 ΒΑΣΙΛΕΙ.

315 3281 379 3316 Καὶ
397 3282 439 3317 τὰ
464 3283 542 3328 περὶ
567 3281 646 3318 τοὺς
672 3283 877 3324 Πελλαίους,
898 3283 924 3319 ὦ
949 3284 1114 3328 βέλτιστε
1131 3285 1312 3334 Ἀρχέλαε,

265 3334 317 3369 καὶ
334 3334 452 3369 πολλὰ
469 3334 572 3375 ἄλλα,
591 3335 831 3371 πεπολίτευταί
849 3350 906 3371 σοι
925 3339 1047 3378 καλῶς,
1068 3339 1121 3374 καὶ
1139 3341 1224 3386 πρὸς
1243 3339 1311 3385 ἐμὲ,

265 3387 318 3421 καὶ
335 3388 420 3433 πρὸς
437 3386 571 3432 ἐτέρους
599 3387 752 3423 ἐπιεικεῖς
780 3400 817 3422 τε
836 3389 889 3423 καὶ
908 3392 1059 3435 σπουδῆς
1086 3391 1201 3435 ἀξίους
1226 3393 1313 3428 πολ-

257 3438 358 3474 λούς.
394 3441 457 3474 Καὶ
482 3440 546 3485 οὐχ
570 3438 684 3484 ἧσσον
702 3440 797 3480 αὐτὰ,
818 3439 855 3475 εὖ
872 3439 958 3485 ἴσθι,
979 3443 1046 3478 ὅσα
1073 3446 1158 3491 πρὸς
1185 3445 1314 3481 ἄλλους

262 3493 368 3539 'nvem
387 3491 406 3542 ἢ
425 3491 492 3530 ὅσα
509 3493 595 3540 πρὸς
621 3492 706 3541 ἡμᾶς
731 3492 797 3543 ἰδίᾳ
815 3493 1002 3543 πέπρακταί
1021 3510 1079 3533 σοι
1098 3499 1219 3538 καλῶς,
1240 3498 1312 3535 ἐπι·

1171 291 1507 335 ΕΥΡΙΠΙΔΟΤ

1334 383 1435 428 μιλές
1451 396 1510 426 μοι
1527 380 1660 422 εἷδέναι,
1680 380 1721 418 οὐ
1744 381 1999 431 φιλοπράγμονι
2017 382 2100 426 ὄντι,
2119 383 2212 421 ἀλλὰ
2228 381 2382 432 χαίροντι

1335 435 1390 481 ἐφ’
1410 433 1461 472 οἷς
1478 436 1715 481 εὐδοκιμοῦντα
1741 436 1949 482 πυνθάνομαι
1973 438 2026 474 σέ·
2055 438 2110 474 καὶ
2126 439 2227 485 χάριν
2245 450 2304 474 σοι
2320 437 2382 474 οὐκ

1334 488 1464 524 ἐλάττω
1493 488 1577 534 ὑπὲρ
1600 488 1709 524 αὐτῶν
1725 489 1807 535 ἔχω·
1837 490 1878 525 οὐ
1893 490 1960 537 γὰρ
1985 489 2048 537 ἀφ’
2067 491 2113 526 ὧν
2129 491 2230 528 αὐτὸς
2257 488 2382 527 ἔπαθόν

1333 595 1449 640 ἔγνων,
1469 594 1576 641 ἔγωγε
1594 594 1729 639 νομίζω.
1758 596 1859 644 ταυτὸ
1878 594 1917 640 δὴ
1936 597 2036 632 τοῦτό
2053 610 2111 642 μοι
2122 595 2298 644 περίεστιν
2313 596 2381 633 ἀπὸ

1332 648 1456 683 παντὸς
1484 647 1598 694 ἔργου,
1618 646 1670 682 ὅτι
1688 647 1729 682 ἂν
1746 647 1793 684 εἷς
1820 650 1970 684 ὁντινοῦν
1995 651 2062 684 τῶν
2087 649 2238 686 ἐπιεικῶν
2253 649 2380 692 πυνθά-

1333 699 1438 744 νωμαί
1457 713 1499 734 σε
1517 702 1627 736 καλῶς
1643 701 1938 746 πεπολιτευμένον.

1385 753 1449 787 Καὶ
1475 752 1628 798 μέμνησο
1654 751 1793 794 τούτων,
1814 753 1840 788 ὦ
1866 753 2036 796 βέλτιστε
2060 753 2240 802 Ἀρχέλαε,
2259 754 2312 791 ὅτι
2338 755 2380 792 τὰ

1338 806 1397 852 μὲν
1427 805 1518 841 ἄλλα
1544 805 1641 841 οὐδὲν
1660 803 1765 842 πλέον
1789 804 1809 852 ἦ
1836 805 1987 843 πολλοὺς
2011 808 2135 843 πόνους
2164 805 2217 841 καὶ
2243 806 2379 844 πολλὰς

1338 860 1533 904 φροντίδας,
1552 858 1651 895 ἔδωκε’
1670 873 1727 894 σοι
1747 860 1766 894 6
1784 856 1871 896 θεός·
1900 857 1936 895 ἓν
1954 859 1991 894 δέ
2017 859 2137 895 ἔδωκεν
2153 858 2292 907 ἀγαθὸν,
2319 857 2380 897 δύ·

1332 909 1453 944 νασθαι
1468 907 1504 944 εὐ
1517 912 1626 945 ποιεῖν
1639 909 1696 946 οὓς
1710 910 1751 945 ἂν
1764 910 1894 955 ἐθέλῃς·
1922 909 2034 945 θέλειν
2047 909 2084 951 δὲ
2098 910 2150 946 δεῖ
2160 910 2239 948 τοὺς
2251 908 2379 956 ἀξίους.
2425 927 2428 929 ·

1334 963 1397 997 Καὶ
1415 962 1457 996 τὰ
1473 962 1535 1006 μὲν
1552 962 1642 998 ἅλλα
1660 962 1711 998 ἐπ’
1730 963 1819 1012 αὐτῷ
1841 962 2042 1012 βουλομένῳ
2060 962 2156 999 ἐστὶν
2172 960 2378 1010 ἀφελέσθαι·

1334 1013 1369 1051 ἓν
1387 1013 1424 1050 δὲ
1442 1015 1520 1049 οὐδὲ
1537 1015 1720 1060 βουληθείς
1746 1030 1830 1051 ποτε
1856 1014 2096 1062 ἀφαιρῆσεται,
2115 1017 2155 1051 τὸ
2172 1015 2326 1053 πολλοὺς
2342 1012 2382 1053 εὖ

1336 1064 1560 1111 πεποιηκέναι.
1584 1064 1695 1101 Ὠστε
1719 1065 1757 1102 εὐ
1784 1065 1858 1103 ἴσθι
1878 1066 1935 1103 ὅτι
1966 1067 2104 1114 οὐδεμία
2133 1068 2254 1114 μείζων
2267 1067 2377 1116 ἀνδρὶ.

1336 1117 1503 1168 γενομένῳ
1520 1119 1605 1156 ποτὲ
1619 1119 1657 1155 ἐν
1672 1120 1819 1166 δυνάμει,
1837 1119 2048 1167 μεταμέλεια,
2061 1119 2081 1168 ἦ
2092 1121 2133 1162 εἷ,
2148 1121 2299 1162 διδόντος
2315 1125 2379 1159 τοῦ

1338 1173 1427 1216 θεοῦ,
1445 1172 1571 1219 μηδένα
1583 1173 1726 1221 ἔδρασεν
1736 1174 1863 1222 ἀγαθὸν
1879 1173 1994 1220 μηδέν·
2013 1175 2210 1226 βουλομένῳ
2223 1176 2261 1212 δὲ
2279 1177 2376 1224 δρᾶν,

1337 1225 1502 1263 πέπαυται
1526 1227 1638 1264 διδοὺς
1663 1229 1683 1263 6
1706 1228 1791 1265 θεός.
1820 1227 1917 1264 Ἀλλ’
1937 1229 1977 1264 οὐ
1996 1229 2042 1265 σύ
2067 1244 2109 1276 γε
2131 1229 2173 1265 ἂν
2188 1232 2289 1266 τοῦτο
2306 1232 2378 1267 πώ-

1334 1293 1419 1313 ποτε
1435 1278 1568 1316 πάθοις·
1606 1279 1685 1315 οὐδὲ
1713 1280 1848 1324 ἀνιάσῃ,
1867 1279 1919 1315 ὅτι
1946 1279 2075 1326 οἴχεται
2093 1281 2112 1315 6
2130 1281 2243 1327 καιρὸς
2260 1278 2308 1317 είς
2324 1279 2383 1315 ἀν·

1336 1331 1479 1378 θρώπων
1497 1332 1704 1378 εὐεργεσίαν,
1724 1332 1852 1369 ἀνεθεὶς
1880 1333 2032 1380 φροῦδος
2048 1333 2123 1379 ἤδη.
2143 1333 2197 1368 καὶ
2219 1331 2384 1369 πέπανται

1335 1385 1450 1431 παρὼν
1468 1386 1487 1419 ὁ
1510 1383 1597 1421 θεός.
1633 1385 1725 1421 ἀλλὰ
1749 1387 1804 1421 καὶ
1826 1386 1994 1432 παρέσται
2011 1386 2073 1431 μὲν
2098 1386 2162 1426 ἀεὶ,
2181 1386 2236 1422 καὶ
2259 1383 2384 1432 κτήσε-

1335 1451 1389 1472 ται
1409 1439 1547 1473 κατόπιν
1564 1437 1648 1486 ἀξίῳ
1666 1453 1707 1485 γε
1730 1438 1813 1479 ὄντι,
1833 1439 1887 1474 καὶ
1912 1439 2074 1487 χρωμένῳ
2092 1438 2164 1477 ταῖς
2182 1439 2302 1474 ἑαυτοῦ
2317 1439 2383 1487 χά·

1334 1505 1408 1537 ρισι
1436 1490 1566 1534 δεξιῶς.
1603 1490 1713 1526 Ἀλλὰ
1744 1492 1837 1537 δῆτα,
1867 1491 1927 1526 κᾶν
1953 1492 2080 1538 ἐπίσχῃ
2107 1491 2226 1532 πνέων,
2253 1491 2387 1530 πάντως

1336 1544 1398 1588 ἤδη
1413 1543 1467 1578 καὶ
1479 1545 1609 1587 πόλεις,
1625 1545 1679 1580 καὶ
1694 1544 1783 1589 ἔθνη,
1799 1545 1853 1580 καὶ
1871 1544 1999 1580 ἰδιῶται
2012 1544 2152 1588 πολλοὶ,
2169 1545 2222 1580 καὶ
2234 1542 2385 1591 ᾔσθοντο

1336 1597 1396 1641 τῆς
1422 1598 1486 1642 σῆς
1511 1597 1681 1642 δυνάμεως
1708 1598 1748 1632 οὐ
1768 1598 1832 1633 σύν
1850 1598 1950 1646 κακῷ,
1970 1598 2023 1632 καὶ
2041 1598 2183 1644 ἔχουσιν
2199 1597 2386 1645 ἀπόμοιραν

1336 1651 1395 1694 τῆς
1414 1650 1478 1694 σῆς
1496 1649 1689 1696 εὐπραξίας.
1728 1651 1793 1686 Καὶ
1811 1651 1844 1686 οἶ
1869 1651 1931 1696 μὲν
1947 1652 2044 1686 πόνοι
2061 1646 2239 1686 παύσαιντ’
2257 1649 2310 1691 ἃν,
2329 1650 2385 1686 ἐκ·

1337 1703 1481 1738 στάντος
1509 1705 1586 1744 σοῦ,
1611 1704 1664 1739 καὶ
1691 1705 1730 1739 τὸ
1758 1702 1968 1744 κινδυνεύειν,
1994 1705 2048 1738 καὶ
2065 1705 2099 1739 αἱ
2117 1703 2308 1751 φροντίδες·
2344 1703 2386 1740 τὸ

1337 1755 1374 1790 δὲ
1402 1756 1567 1796 συνειδὸς,
1589 1756 1635 1791 ὧν
1655 1771 1693 1791 τε
1719 1756 1856 1800 ἔπαθον,
1884 1758 1955 1793 τοῖς
1980 1756 2142 1797 παθοῦσι,
2171 1756 2226 1791 καὶ
2253 1756 2311 1792 σοὶ
2336 1757 2386 1806 τᾷ

1335 1810 1542 1854 πεποιηκότι,
1563 1809 1614 1844 ἀεὶ
1640 1809 1743 1855 μένει,
1763 1810 1803 1844 οὐ
1826 1810 1944 1856 μικρὸν
1962 1811 2040 1844 οὔτε
2057 1810 2176 1855 κτῆμα,
2196 1811 2273 1844 οὔτε
2298 1809 2385 1845 ἀπό-

1335 1862 1486 1906 λαυσμα,
1506 1862 1599 1897 ἀλλὰ
1616 1862 1740 1909 ἀρκοῦν
1757 1864 1858 1898 τοῦτο
1880 1863 1934 1898 καὶ
1961 1862 1997 1898 ἐν
2014 1862 2238 1910 δυσπραγίαις
2263 1861 2386 1907 ἡδονὰς

1334 1914 1504 1961 παρέχειν.

1386 1970 1497 2002 Ταῦτα
1526 1968 1566 2013 δὴ
1595 1967 1865 2015 παρακελεύομαι
1892 1969 2064 2015 πράσσειν
2091 1982 2129 2003 τε
2164 1968 2217 2004 ἀεὶ
2250 1968 2305 2004 καὶ
2337 1966 2384 2014 μὴ

1336 2021 1549 2065 ἀποκάμνειν·
1588 2021 1706 2067 ὥσπερ
1733 2020 1804 2056 οὐδ’
1831 2021 2017 2066 ἀποκάμοις
2047 2021 2099 2062 ἂν,
2127 2020 2207 2056 οὐδέ
2233 2019 2310 2056 ε’στί
2336 2034 2388 2057 τις

1336 2072 1458 2108 τούτου
1476 2076 1584 2121 κόρος·
1614 2075 1656 2108 τὰ
1674 2075 1704 2109 δ’
1721 2074 1812 2110 ἄλλα
1829 2073 1943 2122 πρᾴως
1961 2074 2083 2119 ὁμοίως
2100 2074 2154 2109 καὶ
2167 2073 2284 2118 δεξιός
2299 2073 2400 2121 χρῆ-ν

1338 2126 1419 2161 σθαι
1450 2129 1490 2171 τῇ
1521 2126 1678 2174 παρούσῃ
1708 2128 1856 2172 δυνάμει·
1902 2128 1956 2162 καὶ
1985 2128 2051 2175 γὰρ
2079 2129 2180 2162 τοῦτο
2215 2126 2296 2162 αὐτὸ
2326 2126 2388 2162 οὐκ

1337 2179 1445 2214 ἄλλον
1476 2180 1550 2215 τινὰ
1580 2179 1776 2225 ἀνθρώπων,
1806 2180 1875 2215 οὐδ’
1906 2179 2002 2216 ὅστις
2030 2178 2250 2225 τεθνήξεσθαι
2277 2192 2386 2226 παρα-

1337 2233 1451 2278 χρῆμα
1468 2233 1616 2277 μέλλων,
1637 2235 1702 2267 σοῦ
1727 2231 1934 2273 κελεύοντος,
1955 2233 2078 2278 ἀφεθῇ,
2099 2233 2223 2268 ἐκεῖνον
2238 2233 2386 2278 μᾶλλον,

1338 2284 1356 2329 ἢ
1378 2286 1532 2326 σεαυτὸν,
1553 2285 1714 2332 εὐφρανεῖ
1729 2287 1768 2321 τὸ
1797 2289 1950 2321 τοιοῦτον
1973 2284 2050 2332 [σὲ]
2073 2282 2156 2320 εἶναι
2173 2285 2232 2320 τὸν
2248 2286 2385 2332 τρόπον.

1339 2338 1387 2372 ἔτι
1404 2353 1445 2385 γε
1462 2338 1526 2382 μὴν
1545 2339 1598 2373 καὶ
1616 2339 1654 2373 τὸ
1669 2338 1746 2374 τοὺς
1765 2338 1972 2384 ἁπανταχόθι
1990 2340 2087 2384 τιμῆς
2104 2338 2158 2373 καὶ
2174 2339 2283 2385 λόγου
2299 2338 2387 2375 τινὸς

1339 2394 1406 2424 τῶν
1432 2390 1608 2436 Ἑλλήνων
1635 2391 1762 2435 ἀξίους,
1791 2392 1845 2426 καὶ
1874 2392 2026 2437 μάλιστα
2051 2390 2131 2427 τοὺς
2161 2391 2244 2426 κατὰ
2268 2390 2390 2437 τέχνας

1341 2444 1645 2489 σπουδαζομένους,
1666 2445 1720 2480 καὶ
1736 2445 1840 2480 πάλιν
1858 2443 1900 2480 αὐ
1922 2445 2074 2489 μάλιστα
2091 2442 2219 2479 τούτων
2235 2444 2390 2479 ἁπάντων

1342 2496 1416 2532 τοὺς
1437 2499 1556 2536 ποιεῖν,
1576 2496 1596 2542 ἢ
1614 2496 1728 2544 λέγειν
1741 2512 1774 2532 τι
1793 2498 1875 2532 κατὰ
1892 2497 2044 2533 παιδείαν
2057 2496 2268 2542 δυναμένους,
2286 2510 2388 2542 μετα·

1342 2549 1520 2585 καλεῖσθαί
1539 2564 1580 2584 σε
1598 2550 1819 2596 πανταχόθεν,
1840 2551 1894 2585 καὶ
1910 2550 2086 2597 χορηγίαις
2113 2553 2180 2585 τῶν
2197 2548 2390 2595 ἐπιτηδείων

1342 2601 1517 2647 ἀφθόνοις,
1531 2603 1585 2637 καὶ
1602 2605 1674 2639 ταῖς
1691 2603 1813 2639 ἄλλαις
1827 2601 2106 2650 φιλοφροσύναις
2119 2603 2286 2647 τημελεῖν,
2299 2601 2390 2639 ὅπως

1342 2654 1595 2702 ἀπαλλαγέντες
1613 2659 1679 2690 τῶν
1696 2655 1813 2692 ἄλλων
1831 2656 2033 2702 φροντίδων,
2054 2655 2249 2691 ε’πιδιδῶσιν
2266 2654 2318 2690 ἀεὶ
2336 2654 2391 2690 διὰ

1344 2707 1397 2747 σὲ,
1418 2708 1471 2742 καὶ
1488 2704 1656 2754 προΐωσιν
1674 2708 1710 2744 ἐν
1727 2710 1799 2745 ταῖς
1817 2710 1941 2744 ἑαυτῶν
1958 2708 2102 2755 τέχναις·
2133 2708 2187 2743 καὶ
2206 2709 2246 2743 τὸ
2264 2706 2392 2743 τούτων

1343 2760 1593 2805 ἀναπιμπλάναι
1621 2762 1679 2796 τὸν
1697 2758 1800 2801 οἶκον,
1820 2762 1912 2796 ἀλλὰ
1939 2761 1984 2806 μὴ
2010 2761 2162 2796 κολάκων
2193 2760 2247 2796 καὶ
2271 2762 2391 2806 βωμο-

1342 2815 1458 2859 λόχων
1475 2813 1670 2861 ἀνθρώπων,
1691 2815 1744 2850 καὶ
1762 2813 1901 2850 τούτους
1919 2811 2113 2861 θεραπεύειν
2125 2813 2238 2854 αὐτὸν,
2253 2813 2318 2859 οὐχ
2336 2811 2391 2848 ὑπ’

1345 2866 1477 2902 ἐκείνων
1487 2865 1742 2913 θεραπεύεσθαι,
1755 2867 1890 2912 μᾶλλον
1903 2868 2146 2913 ὁμολογοῦντα·
2172 2865 2290 2913 ὥσπερ
2303 2864 2392 2906 ἐστὶ,

1344 2918 1572 2954 πυνθάνεσθαι
1600 2920 1779 2959 πολλάκις,
1799 2919 1848 2955 ὅτ’
1868 2918 1919 2955 ἐπ’
1939 2919 2076 2955 ἐκείνοις
2092 2919 2228 2964 μᾶλλόν
2246 2917 2333 2959 ἐστι,
2352 2919 2392 2953 τὸ

1347 2972 1388 3006 σὲ
1407 2968 1500 3015 εἶναι,
1517 2973 1632 3009 ὁποῖος
1643 2969 1683 3013 εἴ,
1700 2973 1753 3007 καὶ
1767 2973 1805 3007 τὸ
1824 2973 1976 3008 τοιοῦτον
1989 2971 2068 3007 ὄντα
2085 2971 2176 3018 παρὰ
2192 2973 2263 3008 τοῖς
2281 2971 2395 3007 ἔπειτα

1347 3024 1534 3071 ἀνθρώποις
1550 3026 1657 3073 λόγου
1675 3027 1801 3072 τυχεῖν,
1816 3024 1836 3071 ἢ
1856 3025 1910 3061 ἐπὶ
1929 3024 1998 3066 σοὶ,
2014 3025 2053 3060 τὸ
2068 3023 2394 3070 ἐκείνουςεύτυχεῖν.

1348 3077 1484 3113 ε’κείνοις
1511 3077 1572 3122 μέν
1593 3093 1646 3126 γε,
1667 3078 1727 3113 κᾶν
1752 3077 1968 3114 ὐπολίπωσιν
1991 3078 2025 3112 αἱ
2052 3075 2144 3123 παρὰ
2170 3078 2237 3112 σοῦ
2260 3074 2394 3123 δωρεαὶ,

1348 3129 1401 3165 καὶ
1428 3131 1579 3166 πλοῦτον
1609 3131 1754 3178 αὐτάρκη
1782 3131 1835 3167 καὶ
1859 3128 1961 3175 δόξαν
1987 3126 2070 3166 εἶναι
2097 3129 2151 3165 καὶ
2176 3127 2308 3175 ἡδονὴν,
2337 3127 2397 3166 τὰς

1347 3182 1478 3228 τέχνας.

1399 3235 1457 3271 Τίς
1477 3234 1510 3270 (τ’
1529 3235 1589 3270 οὐκ
1607 3235 1648 3272 ἂν
1665 3235 1832 3284 ἀγάσαιτο
1857 3236 1910 3271 καὶ
1933 3235 2129 3283 μακαρίσειε
2145 3231 2274 3270 τούτων
2290 3233 2396 3270 ἀπάν-

1348 3300 1435 3329 των;
1465 3287 1518 3323 καὶ
1535 3289 1700 3333 μάλιστα,
1720 3288 1772 3324 ὅτι
1795 3289 2027 3336 ὁμολογοῦσιν
2043 3288 2106 3334 ἤδη
2124 3287 2178 3323 καὶ
2195 3285 2296 3322 ’ίσασι
2312 3285 2397 3322 πάν·

1348 3353 1402 3376 τες
1429 3338 1476 3376 εἷς
1504 3343 1604 3376 τοῦτό
1636 3356 1677 3376 σε
1705 3341 1826 3387 ἥκοντα
1853 3342 1912 3387 τῆς
1932 3342 2016 3388 πρὸς
2045 3340 2123 3377 τούς
2150 3340 2313 3375 συνόντας
2339 3350 2399 3374 σοι

1349 3392 1618 3439 φιλανθρωπίας,
1639 3393 1729 3429 ὥστε
1753 3394 1813 3439 τὴν
1836 3394 1898 3440 μὲν
1916 3393 2019 3440 ἰσχὺν
2037 3394 2091 3429 καὶ
2116 3393 2204 3429 πάνυ
2221 3404 2281 3427 σοι
2307 3403 2396 3436 συμ-
2432 3396 2435 3398 ’

1348 3445 1558 3488 βάλλεσθαι·
1600 3447 1639 3482 τὸ
1671 3446 1707 3482 δὲ
1740 3446 1845 3492 ὄνομα
1872 3446 1975 3491 μηδὲν
2001 3446 2245 3492 ἀντιπράσσειν
2270 3444 2310 3479 τὸ
2335 3445 2398 3480 τοῦ

1348 3498 1533 3542 βασιλέως.
1554 3498 1600 3542 εἷς
1618 3500 1656 3541 τὸ
1677 3498 1883 3548 στέργεσθαι
1906 3499 1971 3539 ὑπὸ
1989 3501 2056 3537 τῶν
2072 3498 2199 3544 φίλων.
2219 3493 2395 3544 ‘Emeum-
