2488 3860
255 299 338 340 588

251 456 310 486 ΣΥ.

251 507 307 535 ΔΙ.

250 614 314 643 ΣΥ.

252 720 309 750 ΔΙ.

249 771 313 800 ΣΥ.

250 875 306 905 ΔΙ.

248 1138 305 1169 ΔΙ.

247 1295 311 1325 ΣΥ.

246 1399 303 1429 ΔΙ.

246 1452 312 1482 ΣΥ.

247 1556 317 1586 ΚΑ.

248 1609 317 1639 ΚΑ.

246 1661 310 1691 ΣΥ.

246 1766 310 1796 ΣΥ.

246 1819 315 1848 KA.·

245 1870 310 1900 ΣΥ.

243 1921 313 1953 KA.

245 1974 309 2005 ΣΥ.

243 2024 308 2055 ΣΥ.

244 2077 302 2105 ΚΑ
308 2098 316 2107 .

244 2181 301 2210 ΔῙ.

242 2232 314 2263 ΚΑ.

242 2387 302 2418 ΔΙ.

244 2440 313 2469 ΚΑ.

243 2544 305 2573 ΣΥ.

246 2906 299 2935 ΔΙ.

247 3112 313 3141 ΚΑ.

242 3320 303 3349 ΓΡ.

239 3475 310 3505 ΧΟ.

242 3578 300 3609 ΓΡ.

1103 301 1563 343 ΑΡΙΣΤΟΦΑΝΟΎΣ

353 399 405 435 καὶ
424 403 490 436 τῶν
509 399 601 437 ἰδίων
617 402 760 438 πάντων.
824 410 880 443 ΔΙ.
913 403 957 440 σύ
973 417 982 444 ;
1011 404 1044 439 τί
1060 405 1173 449 μαθών
1193 416 1201 444 ;

995 457 997 460 ’
1055 457 1234 502 βούλομαι.
1259 481 1262 484 «

351 508 421 540 πῶς
439 503 498 539 οὖν
515 505 555 540 ἂν
573 504 640 551 εἰἠς
657 510 819 554 χρηστὸς,
839 510 865 545 ὦ
883 509 1082 557 τοιχωρύχε,

353 555 385 591 εἴ
401 571 458 591 σοι
475 560 649 604 προσῆκον
665 561 767 605 μηδὲν
785 559 843 597 εἶτ’
862 563 1063 608 ἀπεχθάνει;

353 609 393 643 οὗ
409 610 475 656 γὰρ
492 610 656 657 προσήκει
673 613 734 657 τὴν
751 614 893 659 ἐμαυτοῦ
910 629 967 660 μοι
985 617 1086 650 πόλιν

352 660 545 708 εὐεργετεῖν,
567 663 592 697 ὦ
610 665 732 711 κέπφε,
751 666 826 701 καθ’
846 667 929 702 ὅσον
947 667 987 701 ἂν
1006 666 1134 706 σθένω;

351 714 535 760 εὐεργετεῖν
553 714 611 750 οὖν
630 717 704 752 ἐστι
722 719 761 753 τὸ
778 721 1092 766 πολυπραγμονεῖν;

353 767 391 801 τὸ
404 767 465 811 μὲν
482 766 541 802 οὖν
557 768 695 812 βοηθεῖν
712 773 782 807 τοῖς
801 773 912 816 νόμοις
930 774 999 807 τοῖς
1018 772 1177 816 κειμένοις

351 818 405 853 καὶ
421 819 466 863 μὴ
483 819 665 867 ’πιτρέπειν
684 823 740 857 ἐάν
757 837 807 859 τις
827 824 1045 870 ἐξαμαρτάνῃ.

349 872 467 906 οὔκουν
485 872 645 910 δικαστὰς
664 875 853 919 ἐξεπίτηδες
871 875 890 920 ἡ
909 878 1010 912 πόλις

351 923 467 969 ἄρχειν
484 925 684 969 καθίστησιν
699 940 707 967 ;
763 933 827 962 ΣΥ.
854 930 1036 974 4κατηγορεῖ
1052 929 1089 964 δέ
1107 928 1157 964 τίς
1173 942 1181 968 ;

349 977 367 1010 ὁ
384 978 605 1022 βουλόμενος.

1226 577 1288 607 910

1228 836 1287 869 9¹5

678 1032 797 1067 οὐκοῦν
815 1033 937 1068 ἐκεῖνός
955 1032 1016 1077 εἶμ’
1037 1033 1115 1080 ἐγώ.

351 1080 431 1115 ὥστ’
452 1081 498 1117 εἷς
515 1082 565 1127 ἔμ’
584 1083 654 1128 ἥκει
672 1086 730 1128 τῆς
747 1086 878 1120 πόλεως
896 1086 937 1119 τὰ
955 1086 1145 1131 πράγματα.

349 1133 387 1178 νὴ
407 1134 481 1173 Δία,
501 1138 646 1181 πονηρόν
663 1136 747 1182 τῖίρα
764 1138 958 1183 προστάτην
976 1139 1058 1182 ἔχει.

350 1186 453 1220 ἐκεῖνο
473 1186 501 1221 δ’
520 1187 560 1221 οὔ
575 1187 708 1229 βούλοι’
728 1189 779 1228 ἂν,
799 1188 945 1235 ἡσυχίαν
963 1190 1050 1235 ἔχων

351 1239 409 1282 ζῆν
427 1238 549 1285 ἀργός;

572 1292 662 1327 ἀλλὰ
679 1294 867 1339 προβατίου
884 1294 963 1336 βίον
980 1293 1103 1341 λέγεις,
1133 1307 1135 1310 ·

350 1342 379 1377 εἷ
396 1343 440 1388 μὴ
460 1344 614 1389 φανεῖται
633 1345 787 1391 διατριβή
806 1360 856 1382 τις
874 1347 922 1394 τῷ
938 1346 1017 1394 βίῳ.

348 1395 416 1430 οὐδ’
436 1395 476 1430 ἂν
492 1397 694 1441 μεταμάθοις
710 1411 719 1438 ;

729 1450 798 1485 οὐδ’
818 1451 858 1485 ἂν
875 1450 904 1485 εἶ
923 1452 1014 1496 δοίης
1029 1451 1071 1498 γέ
1086 1465 1143 1496 μοι

349 1501 406 1535 τὸν
424 1502 580 1536 Πλοῦτον
598 1502 698 1537 αὐτὸν
716 1503 769 1537 καὶ
787 1505 825 1538 τὸ
844 1504 972 1538 Βάττου
991 1504 1147 1550 σίλφιον.
1225 1518 1265 1550 92
1269 1517 1286 1550 5

348 1552 490 1588 κατάθου
508 1555 637 1599 ταχέως
655 1554 838 1599 θοὶμάτιον.
886 1561 945 1590 ΔΙ.
974 1556 1084 1595 οὗτος,
1106 1557 1163 1591 σοὶ
1180 1558 1286 1604 λέγει.

346 1604 453 1640 ἔπειθ’
472 1606 654 1641 ὑπόλυσαι.
720 1611 776 1640 ΔΙ.
808 1608 916 1643 πάντα
933 1611 1037 1643 ταῦτα
1056 1608 1113 1642 σοὶ
1130 1609 1234 1656 λέγει.

350 1657 404 1691 καὶ
420 1657 486 1703 μὴν
502 1658 720 1705 προσελθέτω
739 1660 824 1705 πρὸς
841 1659 891 1704 ἔμ’
910 1660 1002 1705 ὑμῶν
1020 1661 1133 1695 ἐνθαδὶ

349 1711 368 1743 ὁ
385 1711 606 1755 βουλόμενος.
663 1717 734 1745 ΚΑ.
765 1712 885 1746 οὐκοῦν
903 1713 1025 1749 ἐκεῖνός
1043 1712 1105 1758 εἶμ’
1126 1714 1203 1761 ἐγώ.

351 1759 439 1806 οἴμοι
456 1763 571 1803 τάλας,
591 1762 778 1808 ἀποδύομαι
795 1763 871 1808 μεθ’
891 1763 1027 1811 ἡμέραν.

350 1814 395 1848 σὺ
411 1815 477 1861 γὰρ
495 1814 602 1858 ἀξιοῖς
619 1816 803 1861 τάλλότρια
819 1818 975 1863 πράττων
993 1817 1130 1853 ἐσθίειν.

350 1867 429 1912 ὁρᾷς
446 1866 468 1900 ἃ
484 1869 596 1908 ποιεῖ;
624 1867 714 1902 ταῦτ’
734 1869 799 1914 ἐγὼ
816 1868 1034 1914 μαρτύρομαι.

347 1918 425 1953 ἀλλ’
445 1917 574 1964 οἴχεται
592 1919 728 1966 φεύγων
746 1921 784 1955 ὃν
801 1920 879 1967 ἦγες
896 1922 1057 1966 μάρτυρα.

349 1968 438 2012 οἴμοι
455 1972 690 2016 περιείλημμαι
707 1975 819 2017 μόνος.
876 1978 946 2007 ΚΑ.
976 1976 1046 2008 νυνὶ
1063 1977 1148 2021 βοᾷς
1163 1989 1172 2016 ;

347 2018 436 2065 οἴμοι
453 2020 532 2065 μάλ’
551 2020 655 2058 αὖθις.

680 2075 736 2110 δὸς
755 2074 800 2109 σύ
817 2090 874 2120 μοι
893 2077 931 2110 τὸ
949 2079 1137 2123 τριβώνιον,

345 2122 384 2158 ἵν’
404 2124 562 2170 ἀμφιέσω
580 2127 639 2160 τὸν
657 2128 873 2173 συκοφάντην
890 2130 1032 2163 τουτονί.

347 2176 392 2221 μὴ
410 2177 500 2220 δῆθ’·
531 2179 619 2224 ἱερὸν
635 2179 700 2224 γάρ
719 2179 794 2213 ἐστι
812 2182 872 2213 τοῦ
889 2179 1048 2215 Πλούτου
1065 2184 1181 2217 πάλαι.

349 2229 461 2263 ἔπειτα
478 2232 544 2264 ποῦ
562 2230 702 2264 κάλλιον
719 2231 958 2276 ἀνατεθήσεται

345 2279 364 2324 ἦ
383 2281 460 2326 περὶ
477 2283 622 2327 πονηρὸν
639 2282 742 2329 ἄνδρα
759 2284 813 2318 καὶ
830 2283 1041 2331 τοιχωρύχον
1055 2298 1063 2325 ;

344 2334 501 2367 Πλοῦτον
519 2334 555 2368 δὲ
574 2337 713 2378 κοσμεῖν
731 2336 872 2379 ἱματίοις
890 2339 1024 2380 σεμνοῖς
1041 2338 1172 2384 πρέπει.

1227 1153 1289 1184 9²0

1222 2041 1282 2072 935

1218 2352 1280 2384 940

325 2395 327 2397 ’
346 2386 415 2419 τοῖς
434 2384 461 2419 δ’
482 2386 653 2429 ἐμβαδίοις
670 2387 704 2421 τί
720 2386 886 2432 χρήσεταί
903 2402 976 2429 τις;
1007 2389 1079 2424 εἶπέ
1094 2405 1163 2434 μοι.

348 2436 400 2470 καὶ
417 2439 520 2471 ταῦτα
537 2439 621 2483 πρὸς
638 2439 676 2472 τὸ
693 2440 847 2483 μέτωπον
864 2441 980 2475 αὐτίκα
998 2442 1037 2486 δὴ
1054 2444 1146 2487 μάλα

345 2489 460 2535 ὥσπερ
480 2490 596 2537 κοτίνῳ
613 2491 928 2536 προσπατταλεύσω
947 2495 1079 2542 τουτῳί.

339 2539 464 2584 ἄπειμι·
493 2544 670 2588 γιγνώσκω
687 2543 752 2589 γὰρ
771 2544 878 2588 ἥττων
896 2545 940 2579 ὢν
957 2546 1047 2580 πολὺ

347 2591 447 2634 ὑμῶν·
478 2594 534 2627 ἐὰν
552 2594 588 2628 δέ
608 2594 754 2641 σύζυγον
770 2597 869 2637 λάβω
887 2598 959 2632 τινὰ

349 2646 400 2678 καὶ
418 2643 564 2685 σύκινον,
584 2649 702 2681 τοῦτον
719 2648 777 2681 τὸν
795 2648 938 2695 ἰσχυρὸν
957 2650 1032 2685 θεὸν

347 2694 411 2739 ἐγὼ
430 2696 562 2741 ποιήσω
580 2696 722 2744 τήμερον
736 2700 847 2734 δοῦναι
866 2701 969 2744 δίκην,

344 2747 416 2791 ὁτιὴ
437 2748 592 2784 καταλύει
609 2752 800 2796 περιφανῶς
819 2749 865 2788 εἷς
882 2753 928 2787 ὢν
944 2756 1044 2798 μόνος

348 2799 407 2841 τὴν
425 2800 653 2847 δημοκρατίαν,
673 2805 750 2837 οὔτε
768 2804 827 2848 τὴν
843 2806 973 2850 βουλὴν
990 2806 1096 2841 πιθὼν

347 2849 405 2893 τὴν
420 2855 487 2886 τῶν
503 2855 650 2888 πολιτῶν
667 2857 743 2889 οὕτε
762 2856 820 2900 τὴν
838 2857 1029 2901 ἐκκλησίαν.

347 2901 398 2934 καὶ
413 2903 480 2946 μὴν
498 2904 608 2949 ἐπειδὴ
627 2906 686 2950 τὴν
702 2908 890 2943 πανοπλίαν
906 2909 966 2951 τὴν
984 2910 1064 2952 ἐμὴν

344 2954 431 2997 ἔχων
446 2956 603 2999 βαδίζεις,
620 2958 654 2993 ἐς
671 2959 710 2992 τὸ
730 2959 913 2999 βαλανεῖον
931 2959 1042 3005 τρέχε·

345 3005 444 3040 ἔπειτ’
465 3006 531 3041 ἐκεῖ
543 3010 725 3054 κορυφαῖος
744 3011 891 3054 έστηκὼς
910 3012 1020 3058 θέρου.

344 3056 433 3102 κάγὼ
450 3058 515 3103 γὰρ
534 3056 625 3104 εἶχον
643 3061 702 3104 τὴν
720 3063 843 3096 στάσιν
861 3062 981 3107 ταύτην
998 3066 1092 3100 ποτέ.

341 3107 419 3142 ἀλλ’
439 3111 457 3143 ὁ
474 3111 640 3150 βαλανεὺς
658 3112 756 3156 ἕλξει
775 3113 890 3160 θύραζ’
909 3116 1008 3151 αὐτὸν
1025 3120 1142 3160 λαβὼν

344 3163 410 3194 τῶν
427 3160 624 3206 ὀρχιπέδων·
654 3163 731 3198 ἰδὼν
747 3166 813 3211 γὰρ
831 3168 929 3202 αὐτὸν
946 3170 1111 3214 γνώσεται

344 3211 395 3246 ὅτι
413 3212 483 3246 ἔστ’
504 3214 627 3248 ἐκείνου
645 3218 704 3249 τοῦ
722 3221 868 3262 πονηροῦ
886 3221 1063 3264 κόμματος.

344 3264 388 3297 νὼ
407 3263 435 3298 δ’
454 3265 619 3310 εἰσίωμεν,
640 3265 691 3302 ἵνα
708 3268 879 3314 προσεύξῃ
898 3273 956 3305 τὸν
975 3273 1060 3308 θεόν.

342 3314 407 3361 ἆρ’,
427 3315 453 3350 ὦ
472 3317 572 3362 φίλοι
589 3318 753 3363 γέροντες,
775 3321 828 3355 ἐπὶ
846 3322 905 3365 τὴν
922 3323 1027 3359 οἷκίαν

342 3367 507 3414 ἀφίγμεθ’
524 3369 626 3406 ὅντως
643 3373 702 3405 τοῦ
721 3371 794 3406 νέου
812 3372 931 3408 τούτου
950 3375 1039 3417 θεοῦ,

341 3418 362 3463 ἦ
379 3421 438 3464 τῆς
456 3421 535 3455 ὁδοῦ
553 3422 592 3456 τὸ
609 3424 764 3469 παράπαν
781 3422 1031 3470 ἡμαρτήκαμεν;

338 3471 417 3506 ἀλλ’
435 3470 510 3507 ἴσθ’
529 3474 579 3508 ἐπ’
599 3474 698 3510 αὐτὰς
716 3476 775 3510 τὰς
793 3475 894 3522 θύρας
911 3479 1089 3526 ἀφιγμένη,

342 3522 369 3557 ὦ
385 3525 592 3571 μειρακίσκη·
622 3526 777 3562 πυνθάνει
794 3529 859 3574 γὰρ
879 3530 1013 3575 ὡρικῶς.

338 3575 424 3622 φέρε
442 3591 499 3611 νυν
517 3577 582 3624 ἐγὼ
600 3582 666 3613 τῶν
682 3579 815 3615 ἔνδοθεν
833 3582 966 3617 καλέσω
985 3585 1069 3619 τινά.

1217 2874 1278 2905 950

1211 3132 1271 3163 955

1211 3380 1274 3423 960

1226 1781 1289 1813 930

1337 408 1401 438 ΧΡ.
1433 405 1477 447 μὴ
1496 403 1578 447 δῆτ’·
1609 402 1674 449 ἐγὼ
1691 402 1756 449 γὰρ
1774 402 1872 438 αὐτὸς
1891 401 2089 447 ἐξελήλυθα.

1336 514 1397 542 ΓΡ.

1335 670 1400 698 ΧΡ.

1335 775 1401 803 ΧΡ.

1334 827 1396 854 ΓΡ.

1335 878 1401 907 ΧΡ.

1335 931 1396 959 ΓΡ.

1334 1191 1401 1219 ΧΡ.

1335 1244 1396 1273 ΓΡ.

1334 1557 1400 1587 ΧΡ.

1334 1663 1395 1692 ΓΡ.

1333 1819 1400 1848 ΧΡ.

1333 1872 1396 1900 ΓΡ.

1329 2180 1393 2209 ΓΡ.

1328 2389 1395 2418 ΧΡ.

1329 2546 1389 2575 ΓΡ.
1398 2566 1408 2575 .

1327 2650 1394 2679 ΧΡ.

1327 2703 1389 2732 ΓΡ.

1330 2807 1391 2837 ΓΡ.

1328 2911 1394 2941 ΧΡ.

1327 2964 1387 2993 ΓΡ.

1324 3172 1390 3200 xp,

1325 3223 1384 3252 ΓΡ.

1324 3275 1389 3304 ΧΡ.

1293 3317 1295 3358 ἶ
1324 3327 1384 3356 ΓΡ.

1294 3368 1295 3373 ’
1324 3379 1389 3407 XP.

1324 3431 1384 3460 ΓΡ.

1323 3483 1390 3512 ΧΡ.

1323 3587 1385 3618 ΓΡ.

2297 409 2369 447 ,965

1436 456 1513 489 ἀλλ’
1533 455 1552 489 ὅ
1570 469 1601 489 τι
1618 453 1756 499 μάλιστ’
1776 453 1946 499 ἐλήλυθας
1962 455 2074 501 λέγειν
2092 453 2126 489 σ’
2146 453 2260 499 ἐχρῆν.

1435 507 1585 542 πέπονθα
1603 507 1693 542 δεινὰ
1711 507 1764 541 καὶ
1781 507 1942 553 παράνομ’
1962 507 1988 541 ὦ
2006 507 2163 553 φίλτατε·

1437 559 1497 605 ἀφ’
1517 559 1557 594 οὗ
1573 559 1639 606 γὰρ
1658 561 1676 594 ὁ
1695 558 1770 595 θεὸς
1787 558 1885 595 οὗτος
1902 559 2025 606 ἤρξατο
2043 558 2195 601 βλέπειν,

1437 612 1583 654 ἀβίωτον
1601 608 1685 646 εἷναί
1700 625 1758 655 μοι
1775 612 1934 655 πεποίηκε
1951 612 2008 646 τὸν
2024 611 2113 653 βίον.

1434 664 1467 697 τί
1485 663 1512 698 δ’
1532 664 1626 698 ἔστιν
1637 676 1646 704 ;
1675 661 1695 707 ἦ
1713 678 1779 698 που
1798 663 1851 698 καὶ
1870 663 1914 698 σὺ
1933 664 2163 709 συκοφάντρια
2308 671 2372 707 970

1438 717 1472 749 ἐν
1490 717 1561 751 ταῖς
1577 715 1728 762 γυναιξὶν
1745 714 1836 759 ἦσθα
1847 728 1856 755 ;
1911 721 1973 751 ΓΡ.
2001 716 2047 760 μὰ
2066 715 2120 750 Δί’
2141 715 2206 762 ἐγὼ
2224 713 2284 757 μὲν
2300 716 2353 749 οὕ.

1434 766 1512 802 ἀλλ’
1531 768 1570 802 οὗ
1588 767 1734 812 λαχοῦσ’
1753 768 1860 803 ἔπινες
1879 767 1914 802 ἐν
1930 769 1976 816 τῷ
1993 769 2182 814 γράμματι;

1437 820 1613 855 σκώπτεις·
1643 819 1708 864 ἐγὼ
1727 820 1763 854 δὲ
1781 820 2034 865 κατακέκνισμαι
2052 820 2221 866 δειλάκρα.

1435 873 1555 906 οὔκουν
1572 872 1657 918 ἐρεῖς
1675 870 1830 907 ἀνύσασα
1847 873 1906 906 τὸν
1923 873 2062 916 κνισμὸν
2079 873 2173 912 τίνα;

1438 924 1538 958 ἄκουέ
1555 938 1622 959 νυν.
1650 922 1690 968 ἦν
1707 925 1765 968 μοί
1782 939 1814 959 τι
1831 925 1999 971 μειράκιον
2017 924 2134 970 φίλον,

1436 977 1595 1022 πενιχρὸν
1611 977 1683 1021 μὲν,
1703 977 1816 1013 ἄλλως
1834 976 1862 1011 δ’
1882 977 2102 1023 εὐπρόσωπον
2120 976 2173 1011 καὶ
2191 976 2293 1011 καλὸν

1438 1028 1490 1062 καὶ
1507 1030 1669 1074 χρηστόν·
1700 1029 1729 1063 εἰ
1746 1030 1811 1076 γάρ
1829 1043 1889 1063 του
1907 1029 2055 1073 δεηθείην
2072 1028 2149 1072 ἐγὼ,

1437 1080 1552 1115 ἅπαντ’
1573 1081 1676 1116 ἐποίει
1695 1081 1842 1125 κοσμίως
1858 1095 1916 1125 μοι
1934 1082 1987 1116 καὶ
2005 1083 2126 1117 καλῶς·

1438 1133 1503 1178 ἐγὼ
1522 1132 1550 1167 δ’
1570 1133 1681 1181 ἐκείνῳ
1700 1134 1802 1168 ταύτὰ
1820 1133 1920 1168 πάνθ’
1940 1133 2136 1180 ὑπηρέτουν.

1434 1185 1468 1219 τί
1486 1184 1514 1219 δ’
1533 1183 1573 1228 ἦν
1591 1185 1610 1220 ὅ
1626 1200 1658 1219 τι
1678 1200 1742 1220 σου
1759 1185 1896 1230 μάλιστ’
1916 1185 2017 1220 ἐδεῖθ’
2036 1187 2217 1222 έκάστοτεῖ

1439 1238 1478 1271 οὐ
1495 1238 1622 1272 πολλά·
1653 1239 1706 1273 καὶ
1723 1239 1788 1285 γὰρ
1808 1238 1964 1283 ἐκνομίως
1980 1237 2013 1283 μ’
2031 1237 2211 1283 ᾐσχύνετο.

1437 1289 1514 1324 ἀλλ’
1533 1290 1693 1336 ἀργυρίου
1712 1291 1863 1336 δραχμὰς
1881 1290 1920 1324 ἂν
1937 1288 2035 1335 ᾔτησ’
2054 1289 2181 1326 ε’ίκοσιν

1437 1342 1484 1378 εἷς
1503 1343 1642 1387 ἱμάτιον,
1663 1343 1749 1377 ὀκτὼ
1768 1343 1795 1377 δ’
1816 1343 1856 1377 ἂν
1873 1342 1920 1378 εἷς
1937 1341 2144 1387 ὑποδήματα·

1438 1395 1490 1429 καὶ
1509 1397 1579 1430 ταῖς
1597 1395 1763 1441 ἀδελφαῖς
1780 1395 1947 1442 ἀγοράσαι
1965 1397 2121 1440 χιτώνιον

1437 1447 1613 1482 ἐκέλευσεν
1631 1447 1681 1487 ἂν,
1701 1451 1740 1492 τῇ
1759 1448 1859 1494 μητρί
1876 1447 1910 1481 θ’
1930 1448 2103 1492 ἱματίδιον·

1436 1503 1550 1546 πυρῶν
1566 1499 1595 1534 τ’
1614 1500 1654 1534 ἂν
1672 1499 1787 1544 ἐδεήθη
1805 1501 1969 1544 μεδίμνων
1985 1501 2162 1547 τεττάρων.

1434 1552 1473 1586 οὐ
1491 1552 1607 1586 πολλὰ
1624 1552 1734 1587 τοίνυν
1750 1553 1797 1596 μὰ
1814 1554 1872 1587 τὸν
1889 1552 2048 1587 Ἀπόλλω
2066 1553 2170 1588 ταῦτά
2186 1567 2227 1600 γε

1437 1602 1576 1650 εἴρηκας,
1596 1604 1687 1639 ἀλλὰ
1706 1605 1809 1649 δῆλον
1827 1604 1878 1639 ὅτι
1897 1605 1928 1639 σ’
1947 1604 2127 1650 ᾐσχύνετο.

1438 1658 1491 1691 καὶ
1509 1659 1611 1691 ταῦτα
1629 1657 1739 1692 τοίνυν
1756 1657 1820 1702 οὐχ
1839 1657 1946 1692 ἕνεκεν
1962 1657 2118 1702 μισητίας

1436 1709 1539 1743 αἷτεῖν
1555 1708 1588 1753 μ’
1609 1709 1769 1754 ἔφασκεν,
1790 1710 1881 1744 ἀλλὰ
1899 1709 2018 1756 φιλίας
2035 1708 2162 1752 οὕνεκα,

1435 1759 1488 1796 ἵνα
1505 1761 1628 1805 τούμὸν
1646 1762 1776 1805 ἱμάτιον
1793 1762 1911 1808 φορῶν
1927 1764 2072 1807 μεμνῇτό
2089 1777 2167 1807 μου.

1434 1813 1546 1860 λέγεις
1564 1813 1676 1859 ἐρῶντ’
1695 1813 1870 1859 ἄνθρωπον
1888 1815 2122 1859 ἐκνομιώτατα.

1438 1865 1516 1901 ἀλλ’
1537 1866 1614 1911 οὐχὶ
1630 1868 1688 1901 νῦν
1706 1868 1725 1901 ὁ
1742 1867 1910 1913 βδελυρὸς
1927 1866 1976 1900 ἔτι
1992 1867 2051 1901 τὸν
2068 1869 2145 1902 νοῦν
2163 1867 2233 1912 ἔχει

1436 1919 1495 1952 τὸν
1512 1918 1623 1957 αὐτὸν,
1643 1918 1734 1952 ἀλλὰ
1751 1919 1841 1952 πολὺ
1858 1917 2060 1963 μεθέστηκεν
2076 1919 2174 1954 πάνυ.

1438 1971 1518 2014 ἐμοῦ
1536 1971 1602 2014 γὰρ
1620 1970 1708 2015 αὐτῷ
1726 1971 1785 2004 τὸν
1802 1972 1994 2005 πλακοῦντα
2011 1972 2142 2006 τουτονὶ

1433 2019 1486 2053 καὶ
1504 2018 1615 2052 τίίλλα
1632 2018 1711 2053 τᾶπὶ
1729 2018 1789 2053 τοῦ
1806 2018 1942 2054 πίνακος
1959 2018 2152 2065 τραγήματα

1434 2071 1554 2105 ἐπόντα
1571 2070 1758 2116 πεμψάσης
1775 2069 1981 2115 ὑπειπούσης
1999 2070 2033 2105 θ’
2052 2071 2104 2105 ὅτι

1433 2123 1481 2158 εἷς
1499 2122 1645 2169 ἑσπέραν
1661 2123 1786 2167 ἥξοιμι,
1840 2128 1907 2157 ΧΡ.
1937 2123 1971 2157 τί
1988 2123 2022 2157 σ’
2043 2122 2180 2169 ἕδρασ’;
2209 2123 2280 2159 εἷπε
2296 2138 2365 2169 μοι.

1435 2175 1542 2219 ἄμητα
1559 2174 1852 2221 προσαπέπεμψεν
1869 2174 1947 2219 ἡμῖν
1964 2176 2108 2218 τουτονὶ,

1434 2227 1490 2272 ἐφ’
1507 2224 1534 2275 ᾧ
1551 2226 1579 2261 τ’
1599 2227 1708 2261 ἐκεῖσε
1725 2227 1888 2271 μηδέποτέ
1908 2227 1941 2268 μ’
1961 2227 2073 2262 ἐλθεῖν
2091 2229 2150 2268 ἔτι,

1433 2280 1486 2313 καὶ
1503 2280 1587 2325 πρὸς
1605 2279 1660 2314 ἐπὶ
1676 2278 1807 2315 τούτοις
1825 2276 1916 2314 εἶπεν
1933 2279 2138 2325 ἀποπέμπων
2155 2279 2207 2315 ὅτι

1431 2332 1536 2366 πάλαι
1554 2329 1628 2366 ποτ’
1646 2329 1734 2375 ἦσαν
1751 2331 1886 2376 ἄλκιμοι
1905 2331 2083 2376 Μιλήσιοι.

1429 2384 1532 2428 δῆλον
1550 2383 1601 2418 ὅτι
1618 2383 1696 2420 τοὺς
1713 2386 1857 2430 τρόπους
1874 2399 1924 2420 τις
1941 2384 1980 2418 οὗ
1997 2384 2166 2432 μοχθηρὸς
2183 2383 2234 2429 ἦν.

1431 2436 1544 2471 ἔπειτα
1561 2438 1717 2471 πλουτῶν
1734 2436 1845 2470 οὐκέθ’
1865 2436 1978 2481 ἥδεται
1996 2438 2100 2482 φακῇ·

1431 2489 1496 2535 πρὸ
1514 2491 1574 2523 τοῦ
1593 2488 1621 2523 δ’
1641 2489 1705 2523 ὑπὸ
1723 2490 1782 2532 τῆς
1798 2489 1912 2524 πενίας
1929 2488 2044 2524 ἅπαντ’
2063 2488 2234 2533 ἐπήσθιεν.

1431 2541 1484 2574 καὶ
1501 2541 1566 2585 μὴν
1582 2542 1647 2587 πρὸ
1666 2543 1726 2575 τοῦ
1742 2540 1775 2587 γ’
1794 2542 1956 2588 ὁσημέραι
1974 2541 2012 2586 νὴ
2030 2542 2077 2576 τὼ
2095 2541 2160 2576 θεὼ

1431 2593 1485 2627 ἐπὶ
1503 2593 1562 2637 τὴν
1580 2592 1682 2639 θύραν
1699 2593 1851 2636 ἐβάδιζεν
1868 2593 1919 2628 ἀεὶ
1936 2593 1995 2638 τὴν
2013 2592 2106 2639 ἐμήν.

1430 2643 1481 2680 ἐπ’
1500 2646 1668 2692 ἐκφοράν;

1687 2698 1734 2743 μὰ
1752 2697 1820 2738 Δί’,
1840 2698 1930 2733 ἀλλὰ
1947 2700 2006 2743 τῆς
2023 2699 2138 2744 φωνῆς
2154 2700 2256 2743 μόνον

1738 2756 1805 2784 ΧΡ.
1834 2753 1893 2785 τοῦ
1911 2752 2030 2793 λαβεῖν
2046 2752 2107 2796 μὲν
2124 2750 2183 2786 οὖν
2198 2753 2308 2798 χάριν.

2287 2817 2367 2839 ιοιο

2307 934 2368 970 975

2310 1191 2372 1231 980

2312 1724 2374 1756 990

2291 1995 2294 1998 ·
2313 1984 2373 2017 995

2289 2234 2370 2264 ιοοο

2287 2502 2360 2536 ¹005

1430 2750 1513 2796 ἐρῶν
1530 2750 1683 2785 ἀκοῦσαι.

1435 2803 1487 2838 καὶ
1506 2802 1543 2847 νὴ
1562 2802 1618 2837 Δί’
1638 2802 1667 2837 εἷ
1683 2802 1894 2847 λυπουμένην
1911 2801 2065 2838 αἴσθοιτό
2081 2818 2135 2848 με,

1430 2856 1604 2901 νηττάριον
1621 2854 1661 2889 ἂν
1679 2855 1732 2889 καὶ
1749 2856 1892 2900 φάττιον
1909 2855 2134 2902 ὑπεκορίζετο.

1429 2906 1528 2941 ἕπει-τ’
1547 2905 1632 2942 ἴσως
1648 2905 1746 2952 ᾕτησ’
1766 2907 1806 2941 ἂν
1824 2907 1870 2943 εἷς
1888 2906 2094 2952 ὑποδήματα.

1425 2960 1622 3005 μυστηρίοις
1640 2959 1676 2994 δὲ
1694 2962 1764 2995 τοῖς
1781 2961 1941 3006 μεγάλοις
1958 2959 2143 3005 ὀχουμένην

1429 3011 1483 3046 ἐπὶ
1500 3013 1559 3056 τῆς
1577 3011 1704 3056 ἁμάξης
1721 3011 1772 3046 ὅτι
1789 3012 2036 3058 προσέβλεψέν
2051 3012 2095 3055 μέ
2110 3026 2171 3052 τις,

1428 3063 1612 3107 ἐτυπτόμην
1630 3064 1684 3097 διὰ
1702 3063 1796 3097 τοῦθ’
1809 3064 1892 3107 ὅλην
1909 3064 1968 3108 τὴν
1985 3063 2118 3110 ἡμέραν.

1427 3113 1514 3149 οὕτω
1533 3116 1671 3161 σφόδρα
1690 3116 1874 3159 ζηλότυπος
1892 3118 1910 3150 ὁ
1930 3116 2099 3151 νεανίσκος
2117 3114 2169 3160 ἦν.

1423 3168 1523 3210 μόνος
1540 3168 1605 3213 γὰρ
1624 3167 1730 3211 ἥδεθ’,
1751 3169 1794 3203 ὡς
1813 3169 1928 3206 ἔοικεν,
1949 3167 2083 3202 ἐσθίων.

1426 3219 1478 3252 καὶ
1496 3220 1554 3254 τάς
1571 3234 1611 3265 γε
1629 3221 1743 3265 χεῖρας
1760 3221 1951 3266 παγκάλους
1969 3220 2058 3264 ἔχειν
2073 3219 2107 3264 μ’
2126 3220 2206 3266 ἔφη.

1424 3272 1524 3304 ὁπότε
1541 3271 1745 3316 προτείνοιέν
1761 3286 1801 3317 γε
1819 3272 1969 3318 δαρχμὰς
1987 3270 2125 3306 εἴκοσιν.

1425 3321 1511 3364 ὄζειν
1528 3337 1564 3357 τε
1582 3324 1640 3367 τῆς
1658 3324 1760 3369 χρόας
1778 3323 1928 3369 ἔφασκεν
1945 3322 2006 3367 ἡδύ
2022 3338 2077 3368 με,
2105 3323 2124 3366 J

1424 3374 1453 3407 εἷ
1471 3375 1599 3410 Θάσιον
1617 3375 1752 3420 ἐνέχεις,
1773 3375 1905 3411 εἷκότως
1922 3390 1962 3421 γε
1980 3376 2018 3419 νὴ
2037 3376 2112 3410 Δία.

1424 3427 1462 3460 τὸ
1479 3427 1618 3471 βλέμμα
1636 3425 1670 3461 θ’
1689 3428 1732 3462 ὡς
1751 3428 1861 3472 ἔχοιμι
1877 3428 2027 3472 μαλακὸν
2044 3427 2098 3462 καὶ
2115 3429 2231 3462 καλόν.

1423 3477 1463 3511 οὐ
1482 3479 1598 3514 σκαιὸς
1615 3477 1655 3522 ἦν
1672 3479 1857 3525 ἅνθρωπος,
1877 3479 1955 3514 ἀλλ’
1973 3493 2139 3523 ηπιστατο

1424 3530 1527 3576 γραὸς
1545 3532 1724 3577 καπρώσης
1741 3531 1888 3577 τάφόδια
1905 3531 2102 3566 κατεσθίειν.

1423 3581 1514 3616 ταῦτ’
1533 3581 1591 3617 οὖν
1608 3585 1627 3617 ὁ
1645 3582 1731 3626 θεὸς,
1753 3582 1778 3617 ὦ
1796 3582 1874 3628 φίλ’
1891 3583 1981 3630 ἄνερ,
1999 3582 2061 3618 οὐκ
2076 3581 2186 3630 ὀρθῶς
2200 3583 2302 3622 πονεῖ.

2284 3078 2358 3109 ¹0¹5

2284 3337 2363 3360 1020
