2488 3860
230 295 313 337 676

273 404 399 456 (371.)
422 419 473 441 22.
505 401 677 439 Stobaeus
695 401 881 444 LXXVI,
906 404 965 439 12.

328 463 442 495 Θετῶν
460 459 497 494 δὲ
515 458 644 493 παίδων
661 460 727 493 ποῦ
746 459 886 505 κράτος;
914 459 955 493 τὰ
973 457 1084 505 φύντα
1101 460 1167 507 γὰρ

327 514 477 560 κρείσσω
496 512 640 557 νομίζειν
657 515 723 546 τῶν
742 512 935 557 δοκημάτων
952 515 1073 560 χρεών.

276 564 403 613 (372.)
425 580 475 610 23.
508 564 678 600 Stobaeus
698 563 778 606 III,
804 567 863 600 18.

323 620 454 668 Ὀρθῶς
471 618 504 666 μ’
524 618 660 666 ἐπήρου,
679 618 848 664 βούλομαι
867 619 906 653 δέ
924 635 993 659 σοι,
1013 620 1194 662 τέκνον,-

324 675 462 721 φρονεῖς
479 674 545 721 γὰρ
564 675 626 718 ἤδη
646 672 855 708 κάποσώσαι’
876 673 916 708 ἂν
933 675 1060 721 πατρὸς

324 730 459 775 γνώμας
477 727 686 774 φράσαντος,
706 726 746 771 ἢν
764 727 1106 775 θάνω-παραινέσαι

327 781 466 828 κειμήλι’
487 782 597 816 ἐσθλὰ
616 781 668 816 καὶ
687 781 780 816 νέοισ
816 782 976 826 γοήσιμα,

325 837 451 883 βραχεῖ
467 835 504 870 δὲ
522 833 616 884 μύθῳ
635 835 752 870 πολλὰ
770 836 956 877 συΛΛαβὼν
975 835 1051 881 ε’ρῶ.

325 893 461 936 πρῶτον
478 888 605 936 φρένας
622 889 685 934 μὲν
702 886 821 933 ἠπίους
839 889 929 934 ἔχειν
946 891 1069 934 χρεών.

325 946 372 992 τῷ
390 943 548 991 πλουσίῳ
566 958 605 978 τε
622 942 667 988 μὴ
686 942 799 979 διδοὺς
816 943 929 987 μεῖζον
946 942 1048 989 μέρος

324 995 403 1032 ἴσον
421 998 565 1033 σεαυτὸν
583 997 737 1038 εὐσεβεῖν
754 998 860 1031 πᾶσιν
879 996 986 1030 δίδου.

325 1051 420 1086 δυοῖν
436 1052 617 1098 παρόντοιν
634 1051 846 1097 πραγμάτοιν
862 1050 948 1096 πρὸς
967 1049 1107 1096 θάτερον

322 1106 457 1152 γνώμην
474 1105 681 1151 προσάπτων
698 1105 758 1148 τὴν
777 1103 927 1138 ἐναντίαν
943 1103 1049 1147 μίσει.
1234 1115 1270 1137 ιο

325 1159 446 1195 ἀδίκως
464 1159 501 1194 δὲ
519 1158 563 1204 μὴ
583 1162 649 1194 κτῶ
668 1155 819 1202 κτήματ’,
839 1155 880 1201 ἢν
896 1155 1006 1201 βούλῃ
1025 1155 1135 1191 πολὺν

325 1214 450 1260 χρόνον
467 1212 648 1259 μελάθροις
668 1211 830 1256 ἐμμένειν·
858 1211 900 1245 τὰ
917 1211 982 1257 γὰρ
1002 1213 1106 1245 κακῶς

327 1265 437 1303 οἴκους
457 1264 632 1302 ἐσελθόντ’
653 1266 713 1299 οὐκ
731 1266 801 1310 ἕχει
821 1264 1001 1309 σωτηρίαν.

325 1321 416 1367 ἔχειν
434 1321 471 1356 δὲ
489 1323 605 1368 πειρῶ·
636 1322 735 1354 τοῦτο
752 1319 818 1365 γὰρ
836 1319 875 1352 τό
894 1316 921 1351 τ’
942 1317 1074 1365 εὐγενὲς

327 1375 381 1409 καὶ
398 1375 477 1410 τοὺς
494 1374 622 1421 γάμους
641 1374 761 1407 δίδωσι
779 1371 857 1407 τοὺς
874 1372 1029 1418 πρώτους
1048 1372 1149 1416 ἔχειν.

327 1429 362 1463 ἐν
379 1430 426 1476 τῷ
444 1427 607 1463 πένεσθαι
626 1426 654 1461 δ’
676 1427 771 1461 ἐστὶν
789 1425 810 1470 ἥ
827 1424 854 1459 τ’
875 1424 1004 1468 ἀδοξία,

327 1483 387 1517 κᾶν
404 1479 426 1527 ᾗ
445 1483 559 1527 σοφός
576 1496 637 1522 τις,
658 1480 680 1525 ἥ
696 1479 723 1515 τ’
744 1479 858 1524 ἀτιμία
874 1479 965 1520 βίου.

325 1536 450 1582 φίλους
468 1536 504 1570 δέ
523 1534 600 1570 τοὺς
618 1534 679 1580 μὲν
696 1533 741 1580 μὴ
759 1535 934 1579 χαλῶντας
953 1532 988 1566 ἐν
1005 1533 1122 1579 λόγοις

326 1589 480 1634 κέκτησο,
500 1589 577 1624 τοὺς
596 1589 632 1623 δέ
651 1587 735 1634 πρὸς
753 1588 852 1633 χάριν
871 1586 935 1622 σὺν
953 1586 1053 1631 ἡδονῇ

325 1646 365 1688 τῇ
384 1646 430 1688 σῇ
448 1642 614 1689 πονηροὺς
632 1641 788 1688 κλεῖθρον
806 1640 942 1687 εἰργέτω
962 1640 1098 1686 στέγης.
1232 1653 1271 1674 20

323 1698 455 1743 ὁμιλίας
473 1712 509 1732 τε
527 1697 586 1732 τὰς
603 1695 798 1743 γεραιτέρας
815 1695 923 1741 φίλει,

324 1751 499 1787 ἀκόλαστα
517 1750 546 1785 δ’
566 1750 639 1795 ἤθη,
659 1750 799 1795 λαμπρὰ
818 1749 992 1795 συγγελᾶν
1009 1749 1122 1794 μόνον,

323 1805 428 1851 μίσει·
458 1806 603 1851 βραχεῖα
620 1803 742 1850 τέρψις
761 1803 880 1847 ἡδονῆς
898 1803 1010 1847 κακῆς.

323 1859 462 1905 ἐξουσίᾳ
480 1859 517 1893 δὲ
535 1856 654 1903 μήποτ’
676 1857 833 1903 ἐντυχὼν,
853 1855 979 1897 τέκνον,

323 1913 488 1960 αἰσχροὺς
507 1913 631 1959 ἔρωτας
649 1912 802 1957 δημοτῶν
820 1910 1003 1950 διωκάθειν,

325 1965 343 2000 ὃ
363 1968 415 2001 καὶ
435 1967 576 2013 σίδηρον
594 1966 740 2013 ἀγχόνας
759 1964 787 2000 τ’
808 1964 1003 2010 ἐφέλκεται,

324 2023 483 2066 χρηστῶν
502 2019 649 2064 πενήτων
667 2022 707 2065 ἤν
724 2034 774 2055 τις
792 2017 936 2064 αἰσχύνῃ
955 2017 1065 2052 τέκνα·

324 2075 377 2109 καὶ
396 2074 474 2110 τοὺς
491 2073 657 2120 πονηροὺς
674 2072 718 2118 μή
737 2072 811 2108 ποτ’
832 2072 945 2116 αὔξειν
963 2071 999 2106 ἐν
1016 2071 1128 2105 πόλει.

326 2129 419 2163 κακοὶ
437 2129 503 2175 γὰρ
523 2127 773 2173 ἐμπλησθέντες
791 2125 810 2171 ἢ
830 2126 1048 2171 νομίσματος,

324 2184 347 2227 ἥ
362 2183 488 2218 πόλεος
506 2181 709 2227 ἐμπεσόντες
728 2181 774 2216 εἶς
792 2179 899 2227 ἀρχήν
916 2194 1001 2220 τινα,

325 2239 522 2282 σκιρτῶσιν,
542 2234 674 2280 ἀδόκητ’
695 2234 950 2280 εὐτυχησάντων
968 2233 1092 2278 δόμων.

324 2289 414 2331 ἀλλ’,
434 2289 460 2324 ὦ
478 2290 602 2331 τέκνον,
621 2303 679 2334 μοι
697 2289 756 2324 δὸς
772 2285 860 2334 χέρ’,
882 2288 926 2323 ὧς
944 2286 1021 2334 θίγῃ
1040 2284 1161 2332 πατὴρ,

325 2344 379 2378 καὶ
397 2343 498 2390 χαῖρ’·
527 2343 582 2378 ὑπ’
602 2343 716 2379 αἰδοῦς
733 2341 762 2377 δ’
783 2342 822 2376 οὐ
840 2341 917 2377 λίαν
935 2340 1142 2385 ἀσπάζομαι.

320 2398 556 2446 γυναικόφρων
572 2397 638 2444 γὰρ
658 2396 762 2442 θυμὸς
779 2395 900 2443 ἀνδρὸς
918 2395 957 2430 οὐ
976 2395 1103 2441 σοφοῦ-

470 2669 720 2700 ΕΥΡΥΣΘΕΥΣ
747 2667 999 2699 ΣΑΤΥΡΙΚΟΣ.

272 2765 397 2815 (373.)
421 2784 448 2804 ι.
472 2767 566 2805 Poll.
592 2766 729 2803 Onom.
754 2766 807 2809 X,
831 2767 917 2803 108.
943 2769 1063 2804 σκεῦος
1087 2767 1124 2801 δὲ
1148 2780 1266 2813 μαγει-

217 2823 310 2869 ρικὸν
340 2824 394 2858 καὶ
428 2821 528 2868 ἦθμὸ
536 2838 562 2864 ς,
595 2822 779 2869 Εὐριπίδου
822 2822 856 2856 ἐν
891 2821 1063 2869 Εὐρυσθεῖ
1098 2821 1267 2868 Σατυρικῷ

217 2876 380 2913 εἰπόντος·

323 2949 376 2955 —-
401 2949 456 2955 -—
480 2949 534 2954 —
559 2928 579 2974 ἢ
599 2927 731 2969 κύαθον,
751 2927 771 2973 ἢ
790 2927 1006 2974 χαλκήλατον

322 2981 428 3029 ἠθμὸν
445 2982 648 3030 προσίσχων
665 2983 782 3018 τοῖσδε
799 2984 870 3019 τοῖς
887 2983 1062 3018 ὑπωπίοις.

272 3033 398 3083 (374.)
420 3051 449 3072 2.
482 3034 572 3071 Poll.
603 3033 740 3070 Onom.
770 3033 819 3075 X,
854 3035 939 3071 145.
969 3035 1021 3070 ὅτι
1053 3035 1090 3070 δὲ
1122 3035 1177 3070 καὶ
1207 3033 1267 3079 τὴν

217 3090 351 3135 σπάθην
369 3090 424 3125 ἐπὶ
442 3092 502 3124 τοῦ
520 3089 642 3134 ξίφους
661 3088 824 3134 εἰρήκασι,
844 3087 953 3135 εὕροις
971 3090 1011 3124 ἂν
1029 3089 1064 3124 ἐν
1082 3088 1265 3135 Εὐριπίδου

216 3143 388 3191 Εὐρυσθεῖ
413 3144 593 3189 Σατυρικῲ·
623 3144 705 3177 Πᾶς
737 3142 778 3176 δέ
809 3142 1005 3191 φασγάνῳ
1038 3142 1267 3189 ἐξηθέριζεν

216 3198 320 3233 ὥστε
340 3195 507 3243 πύρινον
529 3195 662 3239 σπάθῃ
685 3193 861 3230 κολούων
882 3196 1097 3243 φασγάνου
1121 3197 1264 3241 μελαν-

399 3247 498 3284 Hinc
517 3245 761 3294 seripserunt:

584 3302 650 3337 πᾶς
668 3300 704 3334 δὲ
723 3301 891 3349 φασγάνῳ

321 3356 520 3404 ἐξηθέριζεν,
540 3355 629 3390 ὥστε
647 3353 784 3399 πύρινον
803 3354 916 3399 σπάθῃ

319 3432 374 3439 —-
389 3429 444 3436 -—·
461 3407 610 3445 κολούων
627 3407 808 3454 φασγάνου
826 3406 1044 3452 μελανδέτου.

271 3463 396 3510 (375.)
417 3478 449 3507 3.
479 3459 645 3497 Erotian.
666 3471 701 3494 v.
721 3459 873 3506 τέρθρον.
902 3458 954 3506 (p.
978 3459 1085 3505 366.)
1114 3460 1262 3508 Τέρθρον

215 3517 334 3561 ἔλεγον
362 3519 393 3552 οἱ
419 3515 558 3553 παλαιοὶ
586 3514 624 3549 τὸ
653 3513 801 3558 ἔσχατον
830 3513 883 3547 καὶ
912 3513 966 3548 ἐπὶ
994 3513 1102 3549 τέλει·
1137 3514 1181 3550 ὣς
1208 3513 1260 3548 καὶ

215 3250 343 3286 δέτου.

1132 298 1465 338 ΕΎΡΙΠῘΔΟΎ

1312 406 1494 453 Εὐριπίδης
1521 405 1556 440 ἐν
1587 404 1758 452 Εὐρυσθεῖ
1786 406 1875 441 ποιεῖ
1905 403 1965 442 τὸν
1989 405 2035 442 ‘H
2039 406 2188 455 ρακλέα
2219 406 2361 456 λέγοντα

1310 458 1427 497 οὕτως·

1415 512 1573 560 Πέμψεις
1591 512 1621 548 δ’
1642 513 1675 550 ἐς
1692 511 1775 559 ᾅδου
1795 513 1900 556 ζῶντα
1917 514 1976 550 κού
1993 515 2184 560 τεθνηκότα,

1415 567 1469 601 καί
1485 581 1543 612 μοι
1561 567 1599 601 τὸ
1618 567 1760 615 τέρθρον
1778 567 1883 612 δῆλον
1901 567 2152 616 εἷσπορεύομαι.

1361 616 1488 668 (376.)
1508 634 1540 662 4.
1571 617 1742 655 Stobaeus
1761 617 1884 659 LXII,
1906 621 1966 655 23.

1414 675 1548 709 Πιστὸν
1564 674 1626 719 μὲν
1644 672 1703 709 οὖν
1721 671 1804 709 εἶναι
1821 674 1888 721 χρὴ
1907 675 1966 710 τὸν
1984 675 2136 711 διάκονον

1339 745 1341 751 ⁴
1413 729 1566 762 τοιοῦτον
1585 724 1678 769 εἶναι,
1699 728 1752 762 καὶ
1771 727 1907 774 στέγειν
1924 729 1967 763 τὰ
1985 729 2174 766 δεσποτῶν.

1361 775 1488 827 (377.)
1508 794 1541 825 5.
1572 778 1744 815 Stobaeus
1761 778 1970 822 LXXVII,
1995 783 2055 817 11.

1415 834 1534 879 Μάτην
1552 834 1589 869 δὲ
1609 834 1722 880 θνητοὶ
1740 834 1818 871 τοὺς
1837 835 1955 873 νόθους
1972 835 2140 883 φεύγουσ’
2159 837 2224 884 ἄρα

1412 888 1533 925 παῖδας
1551 887 1720 935 φυτεύειν·
1751 887 1788 925 ὃς
1804 889 1871 936 γὰρ
1889 889 1930 924 ἂν
1947 891 2099 936 χρηστὸς
2116 891 2200 938 φυῇ,

1412 941 1452 975 οὗ
1469 941 1604 987 τοῦνομ’
1623 943 1725 978 αὐτοῦ
1743 943 1804 988 τὴν
1821 941 1930 989 φύσιν
1949 943 2136 991 διαφθερεῖ.

1360 990 1487 1042 (378.)
1510 999 1542 1031 6.
1574 992 1744 1030 Stobaeus
1764 994 1895 1037 CXII,
1916 994 1954 1033 7.

1413 1050 1485 1084 Νῦν
1501 1049 1530 1084 δ’
1550 1050 1591 1094 ἠ’ν
1607 1064 1659 1086 τις
1676 1047 1774 1084 οἵκων
1791 1050 1962 1086 πλουσίαν
1979 1051 2041 1097 ἔχῃ
2060 1052 2201 1098 φάτνην,

1412 1106 1547 1149 πρῶτος
1563 1102 1751 1150 γέγραπται
1769 1107 1836 1139 τῶν
1854 1106 2013 1140 κακιόνων
2030 1106 2156 1152 κράτει·

1413 1157 1455 1191 τὰ
1473 1156 1502 1192 δ’
1522 1156 1592 1205 ἔργ’
1613 1158 1756 1193 ἐλάσσω
1774 1159 1955 1204 χρημάτων
1973 1159 2160 1205 νομίζομεν.

1361 1206 1488 1255 (379.)
1512 1221 1542 1255 7.
1573 1208 1744 1245 Stobaeus
1759 1208 1942 1252 XCVIII,
1964 1211 2027 1247 40.

1415 1263 1483 1298 Οὐκ
1501 1262 1564 1300 οἷδ’
1584 1263 1651 1313 ὅτῳ
1669 1264 1735 1311 χρὴ
1755 1266 1866 1300 κανόνι
1883 1266 1943 1301 τὰς
1959 1267 2094 1312 βροτῶν
2110 1264 2215 1313 τύχας

1413 1316 1522 1364 ὀρθῶς
1539 1317 1721 1365 ἀθρήσαντ’
1742 1318 1862 1354 εἰδέναι
1880 1320 1919 1354 τὸ
1938 1319 2119 1366 δραστέον.

1362 1367 1486 1416 (380.)
1521 1376 1554 1407 8.
1598 1368 1724 1407 Schol.
1763 1370 1889 1419 Eurip.
1925 1370 2069 1408 Hecub.
2104 1372 2191 1408 821.
2232 1369 2360 1419 (837.)

1305 1423 1371 1458 Τὸν
1389 1424 1560 1460 Δαίδαλον
1578 1425 1670 1472 φασὶ
1693 1427 1802 1461 ποιεῖν
1826 1425 1960 1468 εἴδωλα,
1980 1427 2033 1461 καὶ
2050 1428 2134 1472 μετὰ
2151 1428 2190 1462 τὸ
2208 1428 2361 1475 πληροῦν

1308 1473 1559 1526 (ἀποπληροῦν)
1580 1479 1665 1514 αὐτὰ
1685 1482 1794 1515 ποιεῖν
1819 1482 1924 1516 ταῦτα
1951 1481 2114 1516 κινεῖσθαι
2138 1481 2192 1516 καὶ
2210 1481 2360 1528 φθέγγε-

1307 1531 1401 1566 σθαι.
1430 1531 1483 1567 ὅτι
1501 1533 1539 1568 δὲ
1559 1533 1695 1569 ἐκινεῖτο
1715 1534 1767 1568 καὶ
1785 1531 1895 1581 προΐει
1909 1534 2036 1581 φωνὴν,
2053 1535 2153 1571 αὐτός
2169 1549 2207 1571 τε
2220 1534 2360 1582 Εὐριπί-

1307 1585 1366 1630 δης
1385 1585 1420 1620 ἐν
1438 1587 1611 1633 Εὐρυσθεῖ
1626 1586 1733 1634 λέγει·

1414 1640 1483 1675 Οὐκ
1501 1641 1608 1683 ἔστιν,
1629 1640 1655 1675 ὦ
1672 1641 1798 1688 γεραιὲ,
1817 1641 1862 1688 μὴ
1881 1642 1998 1687 δείσῃς
2014 1642 2108 1677 τάδε·

1411 1694 1453 1728 τὰ
1471 1695 1654 1730 Δαιδάλεια
1670 1696 1779 1730 πάντα
1797 1696 1960 1731 κινεῖσθαι
1978 1696 2071 1731 δοκεῖ

1410 1748 1534 1789 βλέπει
1552 1747 1580 1783 τ’
1603 1747 1794 1795 ἀγάλμαθ’·
1824 1746 1880 1785 ὧδ’
1901 1749 1984 1796 ἀνὴρ
2002 1751 2107 1786 κεῖνος
2125 1751 2251 1797 σοφός.

1360 1798 1487 1846 (381.)
1508 1816 1541 1847 9.
1571 1800 1712 1837 Athen.
1734 1800 1807 1843 XI,
1827 1814 1864 1850 p.
1886 1803 1961 1838 498
1981 1801 2031 1838 D.
2062 1803 2245 1851 Εὐριπίδης
2271 1803 2301 1840 δ’
2325 1804 2361 1840 ἐν

1305 1854 1476 1901 Εὐρυσθεῖ
1492 1855 1675 1903 ἀρσενικῶς
1693 1856 1774 1903 ἔφη·

1412 1907 1546 1956 Σκύφος
1564 1925 1601 1946 τε
1618 1911 1746 1957 μακρός

1305 1961 1358 1996 καὶ
1376 1961 1515 2008 Ἀχαιὸς
1542 1963 1578 1999 ἐν
1594 1963 1771 2011 Ὀμφάλῃ·
1803 1964 1878 2000 “‘O
1900 1965 1937 2001 δὲ
1965 1963 2100 2012 σκύφος
2125 1981 2168 2013 με
2193 1969 2263 2003 τοῦ
2281 1965 2361 2002 θεοῦ

1305 2014 1439 2051 καλεῖ.”

1359 2066 1487 2117 (382.)
1524 2085 1575 2106 10.
1615 2068 1745 2119 Steph.
1782 2070 1875 2120 Byz.
1908 2084 1944 2108 V.
1975 2073 2158 2122 Τάρταρος.
2178 2091 2231 2099 -·
2247 2092 2302 2099 —
2317 2073 2358 2110 ‘0

1305 2122 1446 2171 οἰκήτωρ
1469 2125 1665 2172 Ταρτάριος,
1682 2126 1735 2160 καὶ
1754 2126 1810 2161 διὰ
1827 2128 1886 2172 τῆς
1904 2141 1933 2162 ει
1951 2127 2144 2175 διφθόγγου
2164 2124 2204 2175 (ἱ.
2220 2137 2252 2162 e.
2271 2133 2350 2175 Ταρ-

1227 2190 1269 2220 30
1304 2178 1451 2226 τάρειος)
1472 2179 1654 2226 Εὐριπίδης
1673 2179 1709 2215 ἐν
1727 2180 1897 2227 Εὐρυσθεῖ
1914 2184 2096 2231 Σατυρικῷ.

1620 2273 1822 2305 ΘΕΡΙΣΤΑΙ
1850 2274 2044 2304 ΣΑΤΥΡΟῙ.
2063 2313 2073 2322 l

1581 2347 1806 2397 Fragmenta
1822 2348 1924 2386 nulla
1941 2354 2081 2387 extant.

1742 2434 1930 2464 ΘΗΣΕΥΣ·

1358 2492 1485 2542 (383.)
1510 2510 1538 2532 ῐ.
1569 2495 1700 2544 Steph.
1720 2495 1812 2546 Byz.
1832 2510 1868 2534 v.
1898 2500 2056 2547 Εὐρώπη.
2085 2499 2223 2548 λέγεται
2245 2499 2283 2536 δὲ
2305 2500 2358 2536 καὶ

1303 2548 1412 2583 -διὰ
1429 2552 1489 2584 τοῦ
1508 2565 1519 2585 ι
1538 2551 1945 2600 Εὐρωπία.-Εὗριπίδης
1962 2554 1998 2589 ἐν
2016 2555 2136 2599 Θησεῖ·

1410 2604 1539 2649 σχεδὸν
1555 2604 1634 2651 παρ’
1654 2606 1767 2643 αὐτοῖς
1785 2608 1989 2654 κρασπέδοις
2006 2608 2196 2655 Εὐρωπίας.

1357 2653 1485 2704 (384.)
1515 2672 1545 2694 2.
1590 2656 1721 2694 Galen.
1752 2657 1797 2694 de
1827 2658 1923 2696 Plat.
1953 2664 1991 2696 et
2018 2659 2197 2708 Hippoer.
2227 2659 2356 2709 dogm.

1305 2706 1375 2750 IV,
1398 2709 1432 2749 7,
1452 2721 1489 2756 p.
1512 2711 1587 2746 283
1607 2710 1665 2747 ed.
1693 2710 1780 2747 Bas.
1804 2711 1862 2758 (Τ.
1876 2711 1925 2754 V,
1940 2725 1978 2760 p.
2001 2713 2076 2750 418
2106 2712 2164 2749 ed.
2185 2712 2354 2760 Kuehn.)

1304 2759 1404 2798 Plut.
1425 2762 1564 2800 consol.
1586 2762 1633 2798 ad
1657 2763 1833 2811 Apollon.
1855 2765 1917 2802 21.
1940 2765 1994 2814 (p.
2020 2768 2094 2802 112
2114 2764 2191 2815 D.)
2236 2770 2358 2804 Καλῶς

1300 2816 1367 2863 γὰρ
1386 2818 1405 2851 ὁ
1423 2818 1514 2864 παρὰ
1537 2819 1585 2866 τῷ
1609 2819 1773 2866 Εὐριπίδῃ
1793 2820 1949 2864 Θησεὺς
1975 2821 2249 2868 παρεσκευάσθαι
2273 2821 2355 2868 φαί-

1303 2884 1391 2905 νεται
1409 2871 1495 2918 πρὸς
1512 2872 1554 2906 τὰ
1572 2875 1722 2907 τοιαῦτα·
1752 2873 1874 2909 ἐκεῖνος
1891 2875 1957 2921 γάρ
1976 2875 2087 2921 φησιν

1408 2923 1499 2972 Ἐγὼ
1518 2925 1555 2960 δέ
1573 2928 1674 2961 τοῦτο
1691 2927 1783 2973 παρὰ
1800 2928 1918 2973 σοφοῦ
1936 2930 2026 2965 τινὸς
2038 2928 2165 2974 μαθὼν,

1409 2978 1456 3014 εἷς
1474 2979 1658 3025 φροντίδας
1676 2982 1755 3015 νοῦν
1773 2981 1956 3028 συμφοράς
1973 2980 2001 3017 τ’
2021 2982 2227 3028 ἐβαλλόμην,

1348 3058 1351 3062 .
1407 3032 1521 3078 φυγάς
1538 3032 1566 3067 τ’
1587 3033 1716 3082 ἐμαυτῷ
1733 3034 1931 3081 προστιθεὶς
1947 3036 2077 3082 πάτρας
2095 3036 2185 3082 ἐμῆς,
2201 3032 2205 3037 ’

1407 3085 1569 3123 θανάτους
1585 3085 1614 3122 τ’
1633 3086 1774 3133 ἀώρους,
1794 3089 1847 3123 καὶ
1866 3092 1973 3124 κακῶν
1990 3089 2099 3126 ἄλλας
2115 3089 2225 3130 ὁδοὺς,

1405 3136 1459 3180 ἵν’,
1480 3137 1512 3173 εἴ
1527 3154 1559 3174 τι
1576 3139 1754 3186 πάσχοιμ’,
1775 3141 1820 3176 ὧν
1838 3141 1998 3186 ἐδόξαζον
2015 3143 2127 3190 φρενὶ,

1404 3190 1449 3236 μή
1468 3206 1525 3236 μοι
1545 3194 1663 3239 νεωρὲς
1679 3196 1883 3240 προσπεσὸν
1899 3197 2033 3241 μᾶλλον
2051 3197 2145 3241 δάκῃ.

1352 3239 1483 3291 (385.)
1504 3259 1537 3288 3.
1566 3244 1704 3282 Athen.
1727 3245 1776 3289 X,
1797 3258 1834 3294 p.
1851 3248 1927 3283 454
1946 3246 1992 3283 Β.
2021 3249 2204 3296 Εὐριπίδης
2224 3250 2262 3285 δὲ
2289 3251 2349 3295 τὴν

1297 3297 1333 3332 ἐν
1363 3299 1410 3346 τῷ
1442 3299 1551 3342 Θησεῖ
1579 3299 1640 3344 τὴν
1671 3300 1906 3347 ἐγγράμματον
1941 3302 2027 3337 ἔοικε
2061 3304 2202 3348 ποιῆσαι
2231 3302 2345 3350 ῥῆσιν.

1294 3350 1402 3397 βοτὴρ
1430 3350 1459 3386 δ’
1479 3351 1574 3387 ἐστὶν
1591 3352 1809 3400 ἀγράμματος
1835 3354 1952 3390 αὐτόθι
1978 3356 2090 3401 δηλῶν
2115 3358 2261 3401 τοῦνομα
2286 3358 2347 3392 τοῦ

1297 3404 1437 3447 Θησέως
1455 3404 1742 3452 ἐπιγεγραμμένον
1759 3405 1876 3444 οὕτως·

1399 3457 1489 3504 Ἐγὼ
1507 3459 1643 3504 πέφυκα
1660 3462 1865 3507 γραμμάτων
1881 3461 1943 3507 μὲν
1961 3462 2020 3497 οὐκ
2037 3461 2133 3510 ἴδρις,

1397 3511 1536 3558 μορφὰς
1554 3512 1591 3546 δὲ
1608 3511 1698 3556 λέξω
1717 3515 1770 3548 καὶ
1789 3515 1887 3561 σαφῆ
1905 3514 2073 3561 τεκμήρια.
