2488 3860
135 1844 140 1850 ,
213 1808 271 1846 ed.
312 1808 476 1846 Bekker.

219 276 302 325 734

269 384 356 423 390.
377 385 442 433 (2.)
461 383 636 423 stobaeus
654 383 840 431 cxvm,
859 384 918 423 16.
934 384 1008 423 v01.
1025 383 1110 429 ΙΙΙ,
1126 398 1161 435 p.
1178 387 1267 423 451.

321 441 366 476 Τὸ
384 441 451 488 γὰρ
470 440 660 488 φοβεῖσθαι
678 442 737 476 τὸν
751 441 894 477 θάνατον
910 442 1017 487 λῆρος
1033 440 1152 478 πολύς·

320 495 428 529 πᾶσιν
445 495 511 542 γὰρ
530 493 607 540 ἡμῖν
624 490 715 530 τοῦτ’
736 493 916 541 ὀφείλεται
933 494 1065 531 παθεῖν.

216 543 388 587 Alterum
403 558 564 589 versum,
578 546 647 582 nisi
663 545 752 595 quid
763 546 861 595 apud
877 545 1065 587 Stoboeum
1081 546 1268 583 turbatum

215 603 281 642 est,
303 599 459 647 sumpsit
487 599 533 636 ab
560 598 755 648 Sophocle,
785 599 891 648 cujus
916 612 960 637 ea
979 605 1067 637 sunt
1095 600 1207 636 verba
1230 599 1268 636 in

215 651 367 688 Electra
384 664 418 688 v.
443 649 555 689 1173.

267 707 357 742 391.
380 704 450 755 (3.)
471 705 604 742 Suidas
622 705 661 742 in
679 707 860 755 ἀνάριστος

317 760 434 807 Τρέχω
454 761 508 796 διὰ
526 762 586 806 τῆς
604 761 729 809 ἀγορᾶς
747 760 970 808 ἀναρίστητος
989 760 1046 797 ὥν.

265 811 356 849 392.
380 813 449 860 (4.)
472 811 608 849 Pollux
627 811 705 855 IX,
726 813 789 850 31.

316 866 562 913 Ἐλλιμενίζεις
580 866 599 912 ἢ
615 866 810 904 δεκατεύεις.

266 918 355 956 393.
378 918 448 969 (5.)
469 917 629 956 Photius
647 933 683 970 p.
708 920 768 963 13,
793 920 852 956 19.
882 918 1025 961 Suidas,
1052 918 1266 968 Etymolog.

214 970 268 1010 M.
297 985 335 1021 p.
365 971 455 1017 373,
483 973 545 1010 19.
575 980 613 1010 et
640 972 804 1009 Michael
831 972 1050 1020 Apostolius
1077 970 1154 1017 IX,
1173 974 1210 1014 9,
1230 984 1266 1020 p.

214 1025 304 1063 10⁹5.
352 1025 533 1075 Ἐρημον
570 1027 797 1074 ἐμβλέπειν
813 1040 821 1062 :
852 1027 1007 1072 ἀκίνητον
1042 1028 1096 1062 καὶ
1128 1026 1266 1073 νωθρόν.

213 1078 285 1116 οἷον
320 1080 400 1116 ὅταν
436 1081 483 1118 εἷς
519 1078 659 1129 ἐρημίαν
693 1080 713 1126 ἢ
745 1081 900 1127 πέλαγος
934 1081 1022 1127 μέγα
1058 1081 1112 1115 καὶ
1148 1080 1269 1126 ἀχανὲς

213 1135 406 1180 βλέπωμεν.
429 1133 682 1182 Ἀριστοφάνης
701 1131 874 1182 Πολυΐδῳ.

267 1189 353 1224 394.
369 1186 437 1234 (6.)
451 1186 665 1235 Etymolog.
682 1186 735 1222 M.
750 1199 786 1234 p.
801 1188 891 1228 451,
907 1188 967 1222 51.
983 1186 1266 1234 Θησειότριψε

213 1243 232 1277 ὁ
252 1242 287 1277 ἐν
304 1243 351 1290 τῷ
372 1242 510 1289 Θησείῳ
530 1241 723 1288 διατρίψας.
746 1241 999 1288 Ἀριστοφάνης
1019 1237 1191 1288 Πολυΐδῳ.
1215 1241 1268 1274 καὶ

213 1294 465 1341 θησομύζειν
485 1295 520 1329 δὲ
540 1295 576 1329 ἐν
593 1297 640 1343 τῷ
660 1294 748 1342 αὐτῷ
767 1293 914 1341 λέγεται.

266 1348 354 1383 395.
375 1346 440 1395 (7.)
462 1346 595 1383 Moeris
613 1359 650 1394 p.
672 1345 761 1382 286.
793 1348 872 1382 Οὐκ
900 1345 1092 1395 ἀπὴρκειέ
1123 1346 1195 1382 ἀντὶ
1209 1349 1269 1382 τοῦ

213 1401 272 1436 οὐκ
291 1401 434 1448 ἀπέχρη.
468 1400 720 1448 Ἀριστοφάνης
739 1401 930 1448 Πολυείδῳ.

265 1455 354 1491 396.
378 1455 446 1500 (8.)
475 1452 610 1490 Pollux
639 1451 717 1494 IX,
750 1454 836 1489 130.
893 1453 1146 1502 Ἀριστοφάνης
1172 1453 1208 1488 δὲ
1237 1453 1271 1488 ἐν

212 1508 392 1557 Πολυείδῳ
414 1510 467 1544 καὶ
485 1507 781 1556 προσεμφερὴς
800 1504 882 1543 εἶπε.

413 1691 595 1724 ΣΚΗΝΑΣ
624 1692 1077 1724 ΚΑΤΑΔΑΜΒΑΝΟΥΣΑῙ.

266 1755 355 1794 397.
379 1754 448 1803 (ι.)
470 1753 680 1794 Scholiasta
700 1755 867 1793 Platonis
889 1755 1120 1801 Clarkianus,
1137 1767 1172 1804 p.
1194 1755 1270 1793 330

534 1811 788 1859 Ἀριστοφάνης
811 1829 864 1837 -
888 1811 1095 1860 ἐκωμῳδεῖτο
1133 1810 1187 1846 ἐπὶ
1224 1813 1270 1859 τῷ

214 1866 383 1901 σκώπτειν
409 1864 471 1909 μὲν
499 1865 691 1912 Εὐριπίδην,
725 1864 902 1910 μιμεῖσθαι
931 1863 962 1900 δ’
1000 1865 1112 1900 αὐτόν.
1140 1884 1193 1889 -
1217 1866 1271 1900 καὶ

214 1919 312 1955 αὐτὸς
331 1917 360 1953 δ’
383 1917 639 1965 ἐξομολογεῖται
660 1919 785 1963 Σκηνὰς
804 1917 1148 1963 καταλαμβανούσαις

318 1974 458 2018 Χρῶμαι
494 1973 560 2019 γὰρ
596 1972 698 2007 αὐτοῦ
735 1968 866 2019 (φησὶ)
908 1974 969 2007 τοῦ
1012 1974 1180 2017 στόματος
1221 1974 1269 2019 τῷ

375 2024 592 2074 στρογγύλῳ,

317 2077 395 2115 τοὺς
414 2081 490 2114 νοῦς
508 2077 537 2114 δ’
557 2078 736 2126 ἀγοραίους
755 2077 855 2124 ἦττον
872 2078 892 2124 ἢ
910 2075 1028 2116 ’κεῖνος
1045 2081 1144 2115 ποιῶ.

224 2131 264 2170 17.
289 2132 323 2167 2.
343 2134 420 2168 νοῦς
433 2130 628 2179 ἀγοραίους]
648 2129 811 2167 Bekkeri
829 2131 969 2167 Anecd.
990 2129 1024 2175 Ῑ,
1040 2144 1077 2180 Ρ.
1094 2132 1185 2172 339,
1206 2132 1265 2166 10.

219 2183 348 2225 Priora
358 2182 621 2232 Aristophanis
634 2184 748 2220 verba
759 2183 882 2221 attulit
899 2184 1121 2221 Plutarchus
1131 2183 1267 2221 Moral.

215 2249 239 2289 Ρ
269 2292 356 2328 398.
382 2286 450 2339 (2.)
473 2288 630 2327 Photius
650 2303 686 2339 p.
710 2292 798 2337 340,
820 2291 882 2328 22.

322 2345 386 2381 Καὶ
403 2344 469 2390 μὴν
486 2345 646 2388 ἄκουσον,
665 2345 691 2380 ὦ
709 2345 819 2393 γύναι,
839 2346 947 2392 θυμοῦ
966 2346 1045 2392 δίχα

323 2399 376 2434 καὶ
395 2401 506 2445 κρῖνον
523 2398 604 2444 αὐτὴ
623 2399 667 2445 μὴ
686 2398 758 2445 μετ’
779 2399 994 2447 ὀξυρεγμίας.
1046 2422 1049 2425 <

269 2450 359 2488 399.
383 2450 448 2497 (3.)
471 2450 602 2487 Pollux
621 2450 675 2497 X,
696 2451 758 2489 67.

228 2522 233 2527 ·
954 2504 1105 2551 Λήκυθον

322 2558 382 2604 τὴν
401 2559 637 2601 ἑπτακότυλον,
657 2559 717 2604 τὴν
736 2558 908 2606 χυτραίιιν,
926 2558 988 2604 τὴν
1005 2559 1122 2604 καλὴν,

322 2610 363 2657 ἣν
381 2612 563 2659 ἐφερόμην,
583 2610 624 2648 ἵν’
645 2613 758 2658 ἔχοιμι
777 2612 1010 2659 συνθεάτριαν.

219 2659 271 2702 V.
292 2664 330 2701 3.
353 2665 573 2713 συνθεάτριαν
591 2675 637 2700 ex
655 2663 906 2713 Aristophane
922 2663 1028 2700 affert
1044 2662 1182 2701 Pollux
1201 2662 1272 2704 IV,

223 2719 313 2755 121.
368 2715 478 2754 Idem
503 2715 578 2761 VI,
607 2718 693 2753 158.
750 2719 972 2765 Συνθεάτριαν
998 2719 1034 2754 δὲ
1061 2720 1115 2754 καὶ
1139 2716 1271 2763 συλλή-

221 2786 342 2819 στριαν
360 2773 414 2807 καὶ
439 2770 619 2819 σύγκοιτον
647 2770 900 2819 Ἀριστοφάνης
921 2769 1024 2807 εἶπεν.
1054 2776 1093 2806 et
1119 2768 1179 2812 II,
1208 2770 1272 2806 56.

222 2826 287 2861 Καὶ
306 2824 442 2872 θεάτρια
466 2826 520 2861 καὶ
543 2824 783 2872 συνθεάτριαὴ
810 2826 941 2861 παλαιὰ
962 2825 1126 2873 κωμῳδία.
1182 2822 1273 2868 Qui-

221 2876 293 2913 bus
312 2876 483 2913 addimus
502 2882 663 2926 cognata
681 2889 729 2914 ex
742 2874 816 2922 IV,
841 2877 925 2913 106.
973 2880 1220 2925 Πρόσχορον
1238 2877 1275 2912 δὲ

223 2932 476 2979 Ἀριστοφάνης
496 2931 556 2976 τὴν
573 2930 786 2979 χορεύουσαν
804 2931 954 2976 κέκληκε,
974 2930 1034 2976 τὴν
1052 2930 1082 2966 δ’
1102 2931 1204 2977 αὐτὴν
1222 2930 1276 2966 καὶ

225 2984 565 3032 συγχορεύτριαν.

279 3038 367 3073 400.
391 3036 459 3086 (4.)
479 3035 684 3073 Athenaeus
702 3034 801 3082 VII,
821 3049 856 3085 p.
876 3037 951 3076 287
971 3048 1004 3073 a.

537 3090 636 3126 Ἀλλ’
657 3092 786 3136 ἔχουσα
806 3091 958 3139 γαστέρα

332 3143 462 3189 μεστὴν
478 3144 615 3186 βοάκων
633 3143 838 3188 ἀπεβάδιζον
854 3142 978 3179 οἴκαδε.

229 3194 316 3232 Sine
335 3196 483 3232 nomine
501 3195 634 3232 fabulae
660 3193 876 3244 Etymolog.
899 3195 956 3233 M.
983 3207 1019 3244 p.
1042 3195 1131 3237 218,
1152 3193 1215 3232 30.
1241 3197 1280 3230 et

227 3248 362 3298 partim
382 3249 545 3285 Zonaras
562 3247 635 3284 vol.
656 3245 691 3290 I,
711 3260 748 3296 p.
768 3248 859 3285 413.

283 3303 372 3337 401.
396 3302 464 3350 (5.)
481 3300 616 3338 Pollux
635 3299 729 3343 VII,
753 3300 837 3338 157.

335 3357 400 3391 Καὶ
418 3360 486 3392 τῶν
502 3356 754 3404 πλατυλόγχων
772 3355 931 3397 διβολίαν
949 3354 1118 3391 ἀκοντίων.

231 3406 340 3445 Idem
377 3405 430 3451 X,
466 3409 553 3444 144.
591 3413 742 3457 propter
777 3405 999 3443 vocabulum
1033 3407 1284 3454 πλατυλόγχων

1048 271 1513 320 ΑΡΙΣΤΟΦΑΝΟΎΣ

1365 387 1456 423 402.
1478 381 1700 434 (6.).Pollux
1718 383 1815 428 VII,
1836 383 1924 423 202.

1415 440 1483 485 Τὴν
1500 438 1668 486 πάρδαλιν
1685 440 1832 475 καλοῦσι
1849 439 1910 485 τὴν
1928 439 2140 484 κασαλβάδα.

1364 493 1453 529 403.
1475 491 1544 541 (7.)
1573 490 1778 529 Athenaeus
1797 490 1866 538 IV,
1886 504 1922 541 p.
1947 494 2020 530 169
2040 504 2072 531 c.
2093 499 2131 531 et
2150 492 2289 533 Pollux
2309 491 2361 540 X,

1416 599 1483 645 Τὴν
1501 601 1670 645 κακκάβην
1687 600 1754 648 γὰρ
1773 602 1831 636 κᾶε
1849 602 1909 636 τοῦ
1928 599 2147 638 διδασκάλου.

1364 651 1453 689 404.
1476 650 1548 701 (8.)
1570 651 1703 689 Pollux
1721 651 1770 695 X,
1796 653 1880 689 114.
1911 652 2079 703 “”Ωσπερ
2098 655 2254 691 κόσκινον
2271 653 2363 702 αι’ρό-

1311 720 1410 742 πινον
1426 704 1619 754 τέτρηται.”

1366 760 1457 795 405.
1490 755 1557 806 (9.)
1588 756 1723 796 Pollux
1758 758 1808 803 X,
1842 758 1927 796 147.

1312 811 1553 855 καταβαλεῖν.”

1364 860 1452 902 4‘06.
1475 863 1566 914 (ιο.)
1587 864 1797 903 Scholiasta
1814 864 1991 914 Equitum
2010 877 2046 903 v.
2067 866 2156 903 422.

1315 920 1497 956 συσπάσαι
1516 919 1569 955 δεῖ
1584 919 1644 957 τὰς
1662 918 1848 967 κοχώνας.”

1364 971 1454 1009 407.
1491 970 1582 1022 (ιι.)
1618 971 1843 1021 Hesychius,
1877 973 1931 1009 Οὐ
1966 973 2044 1021 γὰρ
2077 973 2264 1010 ἄκανθαΗ
2301 988 2366 1012 ml-

1311 1026 1437 1073 ροιμία.
1494 1025 1748 1075 Ἀριστοφάνης
1766 1027 1892 1072 Σκηνὰς
1910 1024 2250 1074 καταλαμβανούσαις

1419 1079 1497 1115 Οὐδ’
1525 1079 1613 1117 ἰ’σως
1641 1080 1822 1128 ἀντέλεγες
1848 1078 1955 1128 τούτῳ
1983 1083 2030 1130 τῷ
2057 1080 2204 1130 δειπνίῳ·
2233 1080 2273 1116 οὗ
2299 1081 2366 1129 γὰρ

1468 1132 1619 1169 ἄκανθαι.

1365 1184 1453 1220 408.
1476 1182 1564 1235 (12.)
1586 1185 1717 1222 Pollux
1735 1183 1789 1228 X,
1810 1188 1870 1222 28.
1926 1186 1972 1221 Τὸ
1997 1188 2125 1235 κόρημα
2149 1188 2301 1225 καλεῖται
2317 1205 2370 1214 ·-

1313 1239 1352 1273 τὸ
1381 1238 1584 1286 κορούμενον
1611 1241 1646 1275 ἐν
1671 1241 1795 1284 Σκηνὰς
1832 1239 2172 1286 καταλαμβανούσαις
2210 1240 2368 1290 Ἀριστο-

1313 1292 1456 1337 φάνους.
2333 1303 2336 1306 ’

1366 1344 1454 1382 409.
1478 1341 1573 1392 (13.)
1594 1342 1748 1380 Photlus
1766 1357 1802 1393 p.
1823 1344 1913 1387 404,
1934 1344 1996 1381 20.
2020 1346 2194 1391 Πεζίδιιτ
2225 1346 2286 1392 τὴν
2303 1346 2371 1383 ὦαν

1314 1400 1374 1433 τοῦ
1395 1399 1538 1445 ἱματίου.
1596 1398 1848 1446 Ἀριστοφάνης
1867 1400 1989 1444 Σκηνὰς
2012 1400 2369 1446 καταλαμβανούσαις.

1367 1452 1455 1488 410.
1478 1450 1566 1501 (14.)
1586 1451 1722 1489 Pollux
1737 1451 1786 1493 X,
1807 1453 1893 1491 172.
1923 1453 1990 1499 Τὴν
2004 1453 2040 1488 δέ
2054 1452 2164 1501 πήραν
2177 1453 2370 1502 πηρίόιον

1317 1503 1424 1543 εἴποις
1443 1506 1494 1549 ἂν,
1510 1507 1555 1543 ὣς
1566 1507 1602 1542 ἐν
1617 1506 1741 1551 Σκηνὰς
1752 1505 2092 1551 καταλαμβανούσαις
2107 1505 2369 1555 Ἀριστοφάνης.

1370 1558 1459 1596 411.
1484 1557 1577 1607 (15.)
1613 1558 1838 1607 Hesychius,
1872 1565 1924 1606 Τρ
1934 1562 2171 1606 ιτοστάτης;
2211 1557 2370 1608 Ἀριστο-

1318 1610 1427 1658 φάνης
1444 1614 1479 1649 ἐν
1497 1616 1645 1659 Σκηναῖς.
1705 1610 1861 1659 Corrigc
1880 1614 2108 1660 Τριτοστάτις.
2140 1610 2276 1650 Pollux
2301 1610 2370 1654 IV,

1322 1665 1407 1701 106.
1467 1668 1530 1703 Καὶ
1556 1666 1617 1712 τὴν
1647 1668 1785 1715 γυναῖκα
1814 1666 1850 1702 δὲ
1878 1669 2092 1713 τριτοστάτιν
2120 1664 2372 1714 Ἀριστοφάνης

1317 1721 1421 1756 καλεῖ.

1370 1771 1458 1809 412.
1483 1771 1573 1821 (16.)
1615 1770 1875 1821 Harpocratio,
1918 1771 2154 1821 Δῆμαρχοςε
2174 1793 2226 1799 -
2245 1772 2298 1809 ὅτι
2333 1773 2371 1809 δὲ
2423 1759 2426 1762 -

1317 1824 1535 1874 ἧνεχυρίαζον
1553 1828 1585 1862 οἱ
1604 1827 1770 1875 δήμαρχοι
1789 1827 1890 1871 δηλοῖ
1913 1825 2166 1874 Ἀριστοφάνης
2183 1826 2220 1863 ἐν
2245 1825 2370 1873 Σκηνὰς

1317 1879 1667 1927 καταλαμβανούσαις.

1985 762 2007 779 “
2026 761 2088 796 'rof
2085 774 2151 808 χον
2183 761 2366 811 μοχλίσκφ

2213 871 2237 885 ·‘
2254 864 2367 904 Ἀλλὰ

1698 2098 1977 2130 ΤΑΓΗΝΙΣΤΑῙ.

1366 2179 1457 2215 413.
1481 2176 1550 2226 (ι.)
1572 2177 1778 2215 Athcnaeus
1796 2178 1849 2224 X,
1868 2191 1904 2227 p.
1927 2177 2002 2214 418
2021 2177 2059 2214 d.

1419 2233 1460 2269 Τί
1477 2234 1562 2280 πρὸς
1581 2234 1623 2268 τὰ
1642 2233 1758 2268 Λυδῶν
1776 2233 1892 2268 δεῖπνα
1911 2233 1964 2268 καὶ
1983 2234 2024 2268 τὰ
2043 2233 2222 2270 Θετταλὸν
2233 2247 2246 2276 3

1419 2287 1461 2322 τὰ
1480 2287 1668 2322 Θετταλικὰ
1686 2286 1747 2332 μὲν
1764 2287 1854 2322 πολὺ
1874 2287 2134 2332 καπανικώτερα.

1370 2340 1460 2376 414.
1483 2335 1550 2385 (2.)
1571 2337 1780 2374 Athenaeus
1797 2337 1886 2382 XV,
1905 2351 1941 2386 p.
1963 2337 2038 2375 677
2055 2336 2091 2374 b.

1420 2393 1461 2428 Τί
1479 2391 1538 2428 οὖν
1555 2397 1726 2437 ποιῶμεν,
1754 2391 1885 2439 χλανίδ’
1905 2392 2009 2439 ἐχρῆν
2025 2391 2149 2437 λευκὴν
2164 2392 2297 2436 λαβεῖν·

1422 2443 1479 2482 εἶτ’
1500 2445 1661 2492 ἶσθμιακὰ
1679 2446 1843 2487 λαβόντες
1861 2445 1977 2492 ὥσπερ
1996 2446 2028 2480 οἶ
2045 2445 2145 2492 χοροὶ

1420 2498 1552 2546 ᾄδωμεν
1569 2500 1617 2536 εἷς
1634 2499 1693 2534 τὸν
1711 2499 1880 2544 δεσπότην
1898 2499 2072 2545 ἐγκώμιον.

1369 2553 1459 2589 415.
1480 2549 1550 2599 (3.)
1572 2550 1731 2588 Photius
1748 2563 1785 2599 p.
1811 2552 1871 2593 13,
1893 2552 1928 2586 2.

1423 2605 1624 2653 Ἐρείδετον,
1645 2606 1736 2652 κάγὼ
1756 2606 1894 2641 κατόπιν
1912 2605 2016 2653 σφῷν
2034 2602 2174 2651 ἕψομαι.

1371 2658 1459 2695 416.
1483 2654 1552 2707 (4.)
1575 2657 1720 2702 suidas,
1739 2657 2082 2704 Ἀπασκαρίζεινε
2098 2677 2151 2682 -

1422 2712 1682 2759 Ἀπαο-καρίζειν
1701 2712 1848 2758 ὡσπερεὶ
1865 2711 1991 2757 πέρκην
2007 2710 2124 2756 χαμαί.

1371 2762 1459 2801 417.
1481 2763 1550 2813 (5.)
1569 2763 1701 2800 Suidas
1720 2769 1757 2800 et
1776 2762 2039 2811 grammaticus
2054 2761 2214 2798 Bekkeri
2228 2774 2264 2811 p.
2280 2761 2368 2808 439,

1319 2821 1382 2855 22.
1402 2818 1697 2865 Ἀποχρώντως
1714 2830 1722 2854 :
1742 2837 1796 2843 —

1424 2925 1635 2972 ἀποχρῶσαν
1652 2925 1726 2970 ἤδη.

1373 2978 1463 3014 418.
1486 2975 1556 3024 (6.)
1575 2975 1783 3013 Scholiasta
1807 2974 1975 3012 Nubium
2002 2986 2033 3011 v.
2063 2975 2213 3012 360.-et
2230 2971 2370 3014 Suidu

1319 3031 1358 3068 in
1376 3031 1554 3080 Πρόδικος,

1425 3086 1491 3120 Τὸν
1509 3084 1613 3132 ἄνδρα
1630 3083 1718 3119 τόνδ’
1737 3082 1756 3129 ἢ
1774 3081 1916 3125 βιβλίον
1934 3080 2124 3128 διέφθορεν,

1408 3136 1444 3184 ’ἢ
1465 3138 1630 3184 Πρόδικος
1648 3135 1667 3182 ἢ
1687 3140 1753 3172 τῶν
1770 3135 1971 3181 ἀδολεσχῶν
1989 3130 2037 3170 εἷς
2054 3136 2095 3181 γε’
2111 3147 2172 3170 τις.

1321 3189 1370 3228 V.
1391 3188 1428 3226 2.
1450 3189 1605 3226 Proclus
1623 3187 1695 3224 vol.
1716 3186 1785 3231 IV,
1803 3199 1839 3235 p.
1861 3187 1911 3223 50
1930 3186 1989 3223 ed.
2011 3184 2162 3222 cousin.

1376 3243 1465 3280 419.
1489 3239 1559 3289 (7.)
1585 3239 1844 3290 Harpocratio,
1870 3241 2136 3286 Ἀπολαχεῖνε
2164 3237 2238 3276 ἀντὶ
2259 3238 2370 3276 ἁπλοῦ

1323 3301 1385 3335 τοῦ
1402 3299 1531 3344 λαχεῖν.
1552 3315 1604 3321 —
1621 3295 1874 3343 Ἀριστοφάνης
1890 3294 2112 3341 Ταγηνισταῖς

1695 3348 1744 3384 Οὔ
1762 3346 1827 3393 μὴν
1845 3346 1865 3382 ὅ
1882 3361 1923 3394 γε
1941 3347 2003 3382 σὸς
2022 3344 2174 3391 ἀδελφὸς
2191 3343 2232 3381 οὗ

1430 3403 1678 3450 ἀπελιὶγχανεν.

231 3461 330 3500 hunc
348 3473 496 3497 versum
516 3460 673 3497 afferens
692 3459 875 3496 diversam
894 3459 1035 3507 praebet
1050 3458 1268 3508 scripturam
1329 3455 1437 3494 Conf.
1458 3453 1722 3504 grammaticus
1741 3443 1902 3489 nokkeri
1921 3461 1957 3498 p.
1978 3451 2067 3490 430.
2088 3450 2108 3485 t

338 3516 402 3553 Καὶ
420 3519 487 3551 τῶν
503 3515 765 3564 πλατυλόγχων,
786 3514 830 3552 ὣς
848 3514 939 3562 ὁρᾷς,
959 3512 1130 3550 ἀκοντίων.

1382 3508 1469 3546 4⁶20.
1492 3508 1558 3554 (8.)
1579 3506 1782 3544 Athenaeus
1802 3503 1874 3549 111,
1892 3517 1926 3554 p.
1953 3505 2026 3541 110
2045 3502 2072 3540 f.
