2488 3860
247 284 299 338 ‘78

244 613 315 644 Ae.

241 1033 314 1063 XO.

240 1403 312 1433 ΑΘ.

951 282 1250 333 ΑΙΣΧΥΛΟΥ
1298 285 1659 333 ΕὙΜΕΝῙΔΕΣ.

346 398 504 445 χάρματα
522 397 550 433 δ’
570 398 768 434 ἀντιδιδοῖεν

347 455 529 490 κοινοθελεῖ
547 451 687 498 διανοίᾳ,

351 504 405 538 καὶ
423 505 560 551 στυγεῖν
576 509 636 551 μιᾷ
654 505 764 552 φρενί.

346 557 487 591 πολλῶν
503 557 570 604 γὰρ
586 557 655 593 τόδ’
675 559 710 594 ἐν
726 559 864 604 βροτοῖς
881 558 970 595 ι’ίκος.

345 607 409 655 ἆρα
427 610 607 656 φρονοῦσα
624 610 788 658 γλώσσης
805 611 930 660 ἀγαθῆς

348 662 426 697 ὁδὸν
444 662 630 708 εὑρίσκεινς
639 680 652 706 ,·

349 714 385 748 ἐκ
403 718 469 750 τῶν
487 715 648 762 φοβερῶν
665 716 768 751 τῶνδε
785 718 979 763 προσώπων

346 767 432 815 μέγα
451 767 567 814 κέρδος
584 770 653 814 ὁρῶ
670 769 787 803 τοῖσδε
803 769 972 805 πολίταις.

343 821 450 857 τάσδε
465 821 531 868 γὰρ
550 821 717 867 εὔφρονας
732 821 894 865 εὔφρονες
911 822 962 856 ἀεὶ

344 872 431 920 μέγα
449 876 607 918 τιμῶντες
625 876 678 912 καὶ
694 877 738 924 γῆ
757 876 810 911 καὶ
826 874 927 911 πόλις

344 925 551 971 ὀρθοδίκαιοι

343 977 497 1025 πρέψετε
513 980 635 1015 πάντες
653 978 836 1025 διάγοντες.

342 1032 476 1076 χαίρετε
492 1033 617 1078 χαίρετ’
638 1033 674 1068 ἐν
690 1033 874 1079 αἰσιμίαισι
891 1033 1053 1078 πλούτου,

343 1083 472 1130 χαίρετ’
493 1083 633 1119 ἀστικὸς
649 1083 749 1124 λεὼς,

343 1133 440 1182 ’ίκταρ
459 1137 573 1182 ἥμενοι
592 1137 684 1176 Διὸς,

342 1187 510 1235 παρθένου
528 1189 636 1235 φίλας
653 1188 756 1234 φίλοι

346 1241 605 1288 σωφρονοῦντες
623 1241 659 1276 ἐν
675 1242 799 1288 χρόνῳ.

344 1295 530 1331 Παλλάδος
547 1293 576 1330 δ’
596 1293 662 1329 ὑπὸ
680 1295 815 1340 πτεροῖς

343 1344 440 1383 ὄντας
457 1347 568 1390 ἅζεται
585 1343 708 1393 πατήρ.

341 1399 477 1446 χαίρετε
494 1399 625 1445 χύμεῖς·
653 1398 821 1445 προτέραν
839 1397 868 1433 δ’
888 1397 946 1442 ε’μέ
963 1396 1030 1444 χρὴ

343 1452 493 1497 στείχειν
513 1451 684 1496 θαλάμους
702 1451 963 1495 ἀποδείξουσαν.

341 1505 426 1550 πρὸς
444 1505 520 1550 φῶς
538 1505 627 1551 ἱερὸν
644 1504 748 1539 τῶνδε
765 1507 979 1550 προπομπῶν

342 1555 404 1597 ἵτε,
426 1558 480 1592 καὶ
499 1556 659 1603 σφαγίων
677 1556 772 1591 τῶνδ’
794 1556 859 1591 ὑπὸ
879 1559 1011 1601 σεμνῶν

344 1610 428 1644 κατὰ
445 1612 508 1657 γῆς
527 1608 680 1654 σύμεναι,
700 1610 739 1643 τὸ
757 1609 818 1654 μὲν
836 1609 959 1655 ἀτηρὸν

340 1664 454 1709 χώρας
472 1662 635 1707 κατέχειν,
656 1662 695 1696 τὸ
715 1662 751 1696 δέ
770 1661 951 1707 κερδαλέον

341 1715 484 1760 πέμπειν
501 1716 633 1750 πόλεως
651 1714 714 1753 ἐπὶ,
725 1714 810 1758 νίκῃ.

344 1768 437 1813 ὑμεῖς
455 1765 484 1803 δ’
502 1766 654 1815 ἡγεῖσθε,
674 1768 922 1811 πολισσοῦχοι,

304 1858 306 1860 ,
339 1821 456 1857 παῖδες
475 1821 639 1867 Κραναοῦ,
660 1819 777 1854 ταῖσδε
794 1818 971 1864 μετοίκοις.

341 1871 389 1918 εἴη
409 1872 438 1908 δ’
457 1872 590 1920 ἀγαθῶν

340 1925 447 1974 ἀγαθὴ
468 1926 596 1961 διάνοια
612 1925 780 1960 πολίταις.

1223 458 1283 500 58⁵

1222 728 1285 760 990
1329 727 1399 756 Ae.

1220 987 1281 1040 99‘5

1137 1043 1215 1076 στρ.
1235 1044 1259 1076 γ
1271 1053 1280 1064 .

1202 1253 1282 1277 1000

1200 1513 1281 1549 1005
1301 1503 1306 1530 ἵ

1201 1781 1281 1802 1010

240 1985 310 2016 ΚΟ.
338 1979 485 2025 χαίρετε,
504 1977 641 2025 χαίρετε
659 1976 687 2013 δ’
707 1975 813 2018 αὖθις,
831 1976 911 2012 ἕπος
929 1975 1101 2018 διπλοίζω,
1139 1976 1212 2013 ἀντ.
1232 1975 1274 2024 γ’.

1327 1307 1399 1336 ΠΡ.

1430 402 1553 439 πάντες
1570 401 1602 436 οἱ
1621 398 1704 434 κατὰ
1720 398 1855 436 πτόλιν,

1432 453 1588 501 δαίμονές
1604 467 1642 488 τε
1660 451 1715 487 καὶ
1731 449 1866 497 βροτοὶ,

1434 507 1619 543 Παλλάδος
1635 506 1739 540 πόλιν
1756 503 1871 548 νέμον-

1432 570 1498 598 τες·
1528 558 1699 605 μετοικίαν
1716 556 1746 592 δ’
1766 555 1847 601 ε’μὴν

1432 613 1468 649 εὖ
1488 614 1650 655 σέβοντες
1668 611 1741 645 οὔτι
1758 609 1841 655 μέμ-

1430 666 1547 714 ψεσθε
1567 663 1750 710 συμφορὰς
1766 662 1860 705 βίου.

1430 720 1509 755 αἰνῶ
1529 719 1565 754 δέ
1583 717 1710 763 μύθους
1727 716 1831 750 τῶνδε
1848 716 1916 749 τῶν
1933 711 2179 759 κατευγμάτων,

1430 773 1560 819 πέμψω
1578 786 1615 806 τε
1634 770 1761 818 φέγγει
1777 771 1961 816 λαμπάδων
1979 766 2209 814 σελασφόρων

1432 831 1465 866 ἐς
1482 826 1558 862 τοὺς
1577 822 1689 870 ἔνερθε
1707 821 1762 856 καὶ
1778 820 1866 855 κάτω
1883 819 2005 864 χθονὸς
2021 820 2153 861 τόπους,

1431 877 1492 921 ξὺν
1510 877 1779 923 προσπόλοισιν,
1799 873 1870 908 αἵτε
1888 872 2103 919 φρουροῦσιν
2118 869 2244 917 βρέτας

1430 930 1554 975 τούμὸν
1573 928 1719 963 δικαίως.
1748 926 1839 972 ὄμμα
1854 925 1921 972 γὰρ
1939 923 2052 968 πάσης
2068 922 2194 970 χθονὸς

1432 982 1590 1027 Θησῇδος
1609 978 1743 1025 ἐξίκοιτ’
1763 979 1804 1014 ἂν
1821 977 1960 1022 εὐκλεὴς
1976 978 2086 1023 λόχος

1431 1036 1561 1071 παίδων
1577 1037 1743 1082 γυναικῶν
1760 1032 1814 1067 καὶ
1833 1033 1960 1067 στόλος
1977 1029 2229 1078 πρεσβυτίδων.

1432 1088 1714 1135 φοινικοβάπτοις
1733 1086 1882 1121 ἐνδυτοῖς
1899 1081 2072 1128 ἐσθήμασι

1431 1143 1559 1187 τιμᾶτε,
1581 1141 1635 1175 καὶ
1653 1141 1692 1175 τὸ
1710 1139 1842 1186 φέγγος
1860 1135 2022 1184 ὁρμάσθω
2040 1136 2158 1182 πυρὸς,

1431 1194 1522 1231 ὅπως
1540 1195 1580 1229 ἂν
1597 1194 1734 1240 εὔφρων
1752 1189 1803 1237 ἥδ’
1821 1189 1938 1236 ὁμιλία
1954 1188 2077 1236 χθονὸς

1430 1249 1470 1283 τὸ
1487 1248 1610 1283 λοιπὸν
1629 1246 1822 1292 εὐάνδροισι
1840 1243 2035 1289 συμφοραῖς
2052 1241 2176 1288 πρέπῃ.

1427 1303 1513 1344 βᾶτε
1532 1301 1635 1348 δόμῳ,
1654 1299 1801 1346 μεγάλαι
1819 1298 1997 1344 φιλότιμοι

1431 1355 1563 1389 Νυκτὸς
1579 1353 1696 1389 παῖδες
1714 1351 1863 1391 ἄπαιδες,
1883 1347 1938 1384 ὑπ’
1957 1347 2097 1394 εὔφρονι
2113 1346 2246 1392 πομπᾷ-

1431 1407 1613 1452 εὗφαμεῖτε
1633 1406 1682 1445 δὲ,
1701 1406 1861 1452 χωρῖται-

1430 1462 1493 1507 γᾶς
1511 1460 1575 1495 ὑπὸ
1595 1457 1751 1493 κεύθεσιν
1769 1457 1948 1503 ὦγυγίοισι

1431 1515 1540 1559 τιμαῖς
1558 1513 1612 1547 καὶ
1630 1512 1764 1548 θυσίαις
1777 1510 1979 1557 περίσεπται
1996 1506 2083 1554 τύχᾳ
2098 1521 2146 1542 τε.

1431 1566 1613 1611 εὐφαμεῖτε
1631 1565 1668 1600 δὲ
1685 1563 1863 1609 πανδαμεί.

1429 1616 1522 1653 ’ίλαοι
1541 1619 1578 1653 δὲ
1597 1618 1651 1653 καὶ
1669 1615 1876 1663 εὐθύφρονες
1892 1617 1938 1663 γᾷ

1430 1670 1519 1717 δεῦρ’
1538 1669 1589 1706 ἵτε
1607 1670 1739 1716 σεμναὶ,
1754 1670 1953 1716 πυριδάπτῳ

1429 1725 1582 1769 λαμπάδι
1599 1725 1799 1770 τερπόμεναι
1820 1722 1890 1758 καθ’
1910 1723 2000 1757 ὁδὸν.

1430 1776 1622 1820 ὀλολύξατε
1639 1779 1698 1811 νῦν
1715 1776 1771 1811 ἐπὶ
1787 1776 1949 1820 μολπαῖς.

1431 1830 1577 1866 σπονδαὶ
1595 1829 1624 1864 δ’
1644 1829 1679 1865 ἐς
1696 1830 1735 1863 τὸ
1752 1830 1819 1863 πᾶν
1837 1827 1984 1863 ἕνδαιδες
2001 1824 2112 1863 οἴκων.

1431 1883 1617 1919 Παλλάδος
1635 1882 1754 1917 ἀστοῖς
1767 1879 1846 1915 Ζεὺς
1864 1879 1883 1912 ὁ
1900 1878 2069 1912 πανόπτας

1429 1933 1520 1971 οὕτω
1538 1936 1639 1982 μοῖρά
1655 1949 1693 1969 τε
1712 1934 1920 1981 συγκατέβα.

1429 1986 1621 2034 ὀλολύξατε
1639 1989 1697 2024 νῦν
1715 1987 1770 2023 ἐπὶ
1786 1987 1948 2032 μολπαῖς.

2251 1025 2270 1045 Ο

2292 452 2370 488 ¹0¹5

2293 668 2371 692 1020

2293 932 2371 966 1025

2294 1199 2373 1230 1030

2292 1410 2370 1443 ¹03⁸

2352 1432 2369 1444 υ

2293 1626 2304 1648 ι
2309 1624 2373 1656 040

2291 1891 2369 1924 1035
