2488 3860
818 916 1387 969 ΕΥΡΙΠΙΔΟΥ
1458 916 1804 969 ΕΚΑΒΗ,

506 1311 769 1342 ΠΟΛΥΔΩΡΟΥ
799 1311 1007 1342 ΕΙΔΩΛΟΝ.

352 1348 459 1402 ι’Ῐ-Ῑκω,
479 1362 601 1404 νεκρῶν
619 1359 789 1404 κευθμῶνα
807 1359 861 1393 καὶ
879 1361 1003 1394 σκότου
1021 1358 1130 1397 πύλας

352 1407 473 1446 λιπὼν,
492 1404 532 1442 ἵν’
546 1407 663 1452 Ἀιδης
679 1409 783 1455 χωρὶς
800 1407 938 1457 ᾤκισται
957 1409 1050 1450 θεῶν,

353 1457 567 1506 Πολύδωρος,
586 1459 730 1504 Ἑκάβης
747 1463 824 1496 παῖς
840 1462 947 1508 γεγὼς
964 1463 1022 1506 τῆς
1040 1462 1206 1502 Κισσέως,

353 1511 506 1556 Πριάμου
523 1526 560 1546 τε
577 1513 713 1558 πατρὸς,
733 1512 769 1548 ὅς
786 1512 832 1557 μ’,
853 1513 923 1548 ἐπεὶ
942 1517 1080 1560 Φρυγῶν
1095 1516 1195 1550 πόλιν

353 1562 498 1600 κίνδυνος
517 1564 600 1609 ἔσχε
618 1565 691 1608 δορὶ
708 1567 825 1600 πεσεῖν
854 1567 1038 1614 Ελληνικῷ,

353 1614 467 1651 δείσας
485 1616 703 1662 ὑπεξέπεμψε
720 1619 865 1663 Τρωικῆς
882 1617 1004 1663 χθονὸς

351 1666 619 1715 Πολυμήστορος
636 1670 720 1715 πρὸς
738 1670 841 1715 δῶμα,
862 1671 1006 1717 Θρῃκίου
1024 1670 1130 1715 ξένου,

353 1717 390 1755 ὃς
406 1719 466 1764 τὴν
483 1720 624 1767 ἀρίστην
641 1722 874 1768 Χερσονησίαν
891 1724 1003 1758 πλάκα

353 1772 495 1818 σπείρει,
515 1773 685 1817 φίλιππον
701 1775 785 1809 λαὸν
802 1773 945 1810 εὐθύνων
962 1775 1048 1821 δορί.

351 1829 460 1860 πολὺν
477 1825 513 1860 δὲ
533 1826 596 1860 σὺν
614 1826 686 1870 ἐμοὶ
704 1827 835 1872 χρυσὸν
853 1827 1009 1872 ἐκπέμπει
1026 1827 1136 1875 λάθρα

351 1876 472 1923 πατὴρ,
491 1875 543 1918 ἵν’,
564 1876 596 1912 εἴ
610 1877 684 1913 ποτ’
703 1877 808 1913 Ἰλίου
825 1880 919 1925 τείχη
937 1880 1048 1923 πέσοι,

351 1931 421 1964 τοῖς
439 1930 541 1972 ζῶσιν
558 1929 607 1974 εἴη
625 1931 723 1965 παισὶ
739 1931 783 1975 μὴ
803 1933 922 1967 σπάνις
938 1932 1029 1974 βίου.

351 1982 511 2018 νεώτατος
529 1979 558 2017 δ’
574 1981 615 2027 ἦν
631 1983 835 2029 Πριαμιδῶν·
865 1982 883 2018 ὃ
902 1984 955 2019 καί
971 1999 1013 2029 με
1028 1985 1089 2030 γῆς

351 2033 601 2081 ὑπεξέπεμψεν·
631 2037 707 2069 οὔτε
723 2036 789 2081 γὰρ
807 2035 923 2082 φέρειν
940 2036 1030 2071 ὅπλα

352 2085 419 2120 οὔτ’
440 2087 540 2133 ἔγχος
557 2084 627 2123 οἷός
644 2086 672 2122 τ’
691 2086 731 2131 ἦν
749 2087 810 2135 νέῳ
827 2088 997 2134 βραχίονι.

352 2138 414 2174 ἕως
431 2139 491 2183 μὲν
508 2137 567 2174 οὖν
583 2141 644 2186 γῆς
662 2137 738 2186 ὄρθ’
756 2138 857 2175 ἔκειθ’
875 2141 1052 2187 ὁρίσματα,

351 2189 474 2238 πύργοι
492 2190 520 2226 τ’
539 2191 725 2238 ἄθραυστοι
742 2194 888 2239 Τρωικῆς
904 2191 992 2237 ἦσαν
1007 2193 1141 2239 χθονὸς,

345 2241 478 2290 ’Ἕκτωρ
495 2243 524 2278 τ’
543 2244 695 2289 ἀδελφὸς
712 2244 814 2290 οὑμὸς
826 2244 963 2291 ηὐτύχει
981 2246 1066 2292 δορὶ,

354 2297 462 2332 καλῶς
478 2295 556 2342 παρ’
576 2296 670 2343 ἀνδρὶ
688 2297 804 2343 Θρῃκὶ,
823 2297 965 2345 πατρῴῳ
983 2298 1079 2345 ξένῳ,

351 2349 546 2393 τροφαῖσιν,
566 2349 610 2385 ὥς
627 2363 677 2384 τις
694 2349 850 2396 πτόρθος,
869 2350 1015 2394 ηὐξάμην
1031 2351 1148 2387 τάλας.

354 2401 426 2435 ἐπεὶ
444 2401 480 2436 δὲ
497 2401 598 2447 Τροία
616 2400 650 2436 θ’
663 2399 824 2448 Ἕκτορός
843 2401 870 2436 τ’
889 2402 1077 2437 ἀπόλλυται

351 2452 462 2498 ψυχὴ,
481 2452 669 2501 πατρῴα,θ’
689 2454 786 2488 ἑστία
803 2455 1010 2500 κατεσκάφη,

352 2505 451 2541 αὐτὸς
468 2506 504 2540 δὲ
521 2507 625 2553 βωμῷ
643 2506 727 2552 πρὸς
745 2505 914 2554 θεοδμὴτῳ
931 2507 1050 2547 πίτνει,

354 2557 500 2604 σφαγεὶς
516 2556 703 2603 Ἀχιλλέως
720 2559 838 2594 παιδὸς
856 2559 891 2593 ἐκ
908 2560 1100 2605 μιαιφόνου,

353 2610 469 2644 κτείνει
486 2625 527 2652 με
544 2613 677 2655 χρυσοῦ
694 2611 752 2645 τὸν
768 2611 976 2657 ταλαίπωρον
992 2611 1092 2657 χάριν

353 2661 447 2705 ξένος
463 2664 627 2711 πατρῷος,
648 2662 701 2697 καὶ
719 2663 843 2698 κτανὼν
861 2664 894 2700 ἐς
911 2661 996 2709 οἶδμ’
1015 2665 1096 2700 ἁλὸς

419 2711 540 2726 astet,

352 2713 460 2759 μεθηχ
473 2740 482 2753 ,
503 2728 533 2748 ιν
561 2715 658 2750 αὐτὸς
674 2716 806 2761 χρυσὸν
824 2716 858 2750 ἐν
877 2717 989 2761 δόμοις
1007 2717 1080 2762 ἔχῃ.

354 2767 461 2809 κεῖμαι
478 2765 506 2800 δ’
527 2765 576 2801 ἐπ’
595 2767 718 2806 ἀκταῖς,
737 2766 854 2802 ἄλλοτ’
874 2768 909 2803 ἐν
926 2769 1049 2803 πόντου
1068 2768 1175 2815 σάλῳ,

353 2819 495 2853 πολλοῖς
513 2817 661 2854 διαύλοις
679 2820 829 2864 κυμάτων
846 2819 1065 2867 φορούμενος,

1248 1841 1284 1863 10

1244 2362 1285 2386 20

353 2869 553 2910 ἄκλαυστος,
573 2870 714 2918 ἄταφος·
744 2874 801 2907 νῦν
818 2872 847 2908 δ“
866 2872 949 2919 ὑπὲρ
966 2874 1089 2919 μητρὸς
1105 2871 1211 2919 φίλης
1241 2884 1284 2915 30

353 2920 498 2965 Ἑκάβης
516 2919 641 2962 «itam,
663 2922 747 2968 σῶμ’
768 2924 942 2971 ἐρημώσας
960 2925 1049 2970 ἐμὸν,

355 2975 500 3019 τριταῖον
517 2975 578 3018 ἤδη
597 2974 726 3021 φέγγος
743 2975 973 3023 αι’ωρούμενος,

356 3025 502 3072 ὅσονπερ
521 3026 556 3060 ἐν
572 3029 615 3073 γῇ
633 3028 711 3071 τῇδε
729 3029 942 3074 Χερσονησίᾳ

355 3076 461 3123 μήτηρ
480 3077 539 3122 ε’μὴ
559 3077 720 3122 δύστηνος
738 3080 773 3114 ἐκ
791 3081 909 3127 Τροίας
925 3082 1027 3126 πάρα.

356 3130 475 3165 πάντες
493 3129 520 3163 δ’
539 3127 669 3175 Ἀχαιοὶ
687 3134 762 3168 ναῦς
780 3133 912 3178 ἔχοντες
929 3133 1052 3179 ἥσυχοι

357 3180 526 3216 θάσσουσ’
546 3181 596 3217 ἐπ’
615 3182 726 3219 ἀκταῖς
743 3185 846 3229 τῆσδε
865 3185 1008 3231 Θρῃκίας
1024 3184 1157 3231 χθονός·

359 3235 378 3268 ὁ
394 3233 537 3278 Πηλέως
550 3234 616 3280 γὰρ
633 3236 710 3270 παῖς
728 3235 810 3282 ὑπὲρ
828 3235 957 3281 τύμβου
975 3238 1092 3282 φανεὶς

358 3284 494 3332 κατέσχ’
511 3285 690 3332 Ἀχιλλεὺς
706 3289 772 3322 πᾶν
790 3288 965 3334 στράτευμ’
982 3288 1193 3334 Ἑλληνικὸν,

358 3338 442 3384 πρὸς
458 3334 549 3373 οἶκον
565 3336 758 3375 εὐθύνοντας
775 3339 907 3375 ε’ναλίαν
923 3342 1065 3385 πλάτην·

361 3389 447 3425 αἶτεῖ
462 3388 490 3424 δ’
509 3390 660 3437 ἀδελφὴν
677 3390 736 3434 τὴν
753 3391 834 3436 ε’μῆν
851 3393 1043 3438 Πολυξένην
1060 3404 1070 3414 ·

360 3440 478 3489 τύμβῳ
495 3442 601 3488 φίλον
617 3443 830 3490 πρόσφαγμα
847 3444 900 3478 καὶ
916 3445 1016 3491 γέρας
1032 3447 1163 3487 λαβεῖν.

362 3494 415 3529 καὶ
431 3492 580 3538 τεύξεται
597 3493 700 3535 τοῦδ’,
719 3495 788 3530 οὐδ’
807 3496 973 3543 ἀδώρητος
990 3498 1102 3543 φίλων

362 3547 458 3584 ἔσται
474 3548 558 3596 πρὸς
574 3547 712 3596 ἀνδρῶν·
740 3546 760 3594 ἡ
778 3549 972 3597 πεπρωμένη
991 3550 1020 3585 δ’
1037 3549 1110 3599 ἄγει

1246 3143 1284 3175 35

1247 3404 1289 3436 4ο

1424 1307 1533 1343 θανεῖν
1550 1306 1703 1352 ἀδελφὴν
1720 1305 1797 1354 τῷδ’
1816 1305 1896 1352 ε’μὴν
1913 1306 1948 1342 ἐν
1965 1307 2076 1351 ἤματι.

1421 1361 1513 1395 δυοῖν
1525 1360 1562 1395 δὲ
1579 1360 1710 1395 παίδοιν
1727 1357 1786 1394 δύο
1804 1359 1906 1406 νεκρὼ
1924 1359 2107 1405 κατόψεται

1422 1411 1540 1458 μήτηρ,
1560 1412 1640 1457 ε’μοῦ
1658 1426 1694 1447 τε
1711 1413 1769 1456 τῆς
1786 1426 1823 1446 τε
1840 1410 2005 1456 δυστήνου
2023 1412 2135 1457 κόρης.

1422 1463 1617 1510 φανήσομαι
1633 1464 1711 1511 γὰρ,
1731 1464 1774 1500 ὡς
1791 1464 1902 1510 τάφου
1920 1462 2054 1508 τλήμων
2071 1461 2174 1508 τύχω,

1423 1516 1545 1561 δούλης
1561 1517 1673 1552 ποδῶν
1689 1515 1847 1563 πάροιθεν
1864 1516 1899 1551 ἐν
1916 1515 2098 1563 κλυδωνίῳ.

1423 1569 1500 1605 τοὺς
1517 1569 1582 1616 γὰρ
1601 1570 1687 1604 κάτω
1707 1568 1886 1605 σθένοντας
1904 1568 2113 1613 ἐξῃτησάμην

1424 1620 1553 1667 τύμβου
1571 1623 1724 1668 κυρῆσαι,
1748 1622 1806 1658 κάς
1825 1621 1928 1667 χέρας
1944 1621 2066 1667 μητρὸς
2083 1621 2212 1656 πεσεῖν.

1425 1674 1548 1719 τούμὸν
1564 1674 1625 1719 μὲν
1642 1672 1700 1708 οὖν
1717 1672 1863 1718 ὅσονπερ
1881 1672 2003 1718 ἤθελον
2019 1674 2133 1718 τυχεῖν

1425 1727 1532 1761 ἔσται·
1561 1729 1678 1773 γεραιᾷ
1696 1725 1723 1761 δ’
1743 1725 1890 1761 ἐκποδὼν
1906 1723 2104 1772 χωρήσομαι
2150 1733 2153 1739 ⁴

1425 1777 1566 1823 Ἑκάβῃ·
1593 1781 1679 1824 περᾷ
1694 1778 1760 1824 γὰρ
1778 1777 1828 1823 ἥδ’
1846 1777 1911 1813 ὑπὸ
1931 1778 2052 1822 σκηνῆς
2069 1777 2156 1812 πόδα

1427 1830 1683 1878 Ἀγαμέμνονος,
1702 1831 1886 1876 φάντασμα
1904 1829 2106 1875 δειμαίνουσ’
2126 1829 2216 1875 ἐμόν.

1428 1884 1509 1929 φεῦ·

1431 1935 1456 1969 ὦ
1474 1936 1590 1982 μῆτερ,
1610 1935 1681 1979 ἥτις
1700 1935 1736 1969 ἐκ
1754 1938 1952 1982 τυραννικῶν
1969 1935 2078 1979 δόμων

1431 1985 1584 2021 δούλειον
1600 1984 1688 2032 ἦμαρ
1706 1982 1801 2026 εἶδες,
1822 1986 1866 2021 ὧς
1882 1986 2050 2031 πράσσεις
2068 1988 2184 2027 κακῶς,

1428 2037 1578 2084 ὅσονπερ
1596 2036 1632 2072 εὗ
1649 2037 1738 2073 ποτ’.
1767 2037 2002 2083 ἀντισηκὼσας
2019 2036 2058 2072 δέ
2074 2052 2116 2072 σε

1385 2127 1393 2133 ,
1430 2090 1563 2136 φθείρει
1582 2090 1665 2124 θεῶν
1682 2104 1732 2125 τις
1750 2091 1808 2134 τῆς
1824 2089 1960 2136 πάροιθ’
1979 2089 2168 2136 εὐπραξίας.

1329 2148 1398 2177 ΕΚ.

1428 2141 1530 2189 ἄγετ’,
1551 2142 1576 2176 ὦ
1593 2142 1718 2182 παῖδες,
1738 2141 1798 2186 τὴν
1813 2144 1918 2188 γραῦν
1933 2142 2000 2188 πρὸ
2017 2142 2138 2187 δόμων,

1430 2192 1532 2241 ἄγετ’,
1552 2194 1714 2241 ὀρθοῦσαι
1732 2194 1791 2238 τὴν
1809 2195 2007 2238 ὁμόδουλον,

1429 2247 1592 2293 Τρῳάδες,
1612 2246 1699 2291 ὑμῖν,
1718 2246 1850 2292 πρόσθε
1867 2245 1896 2281 δ’
1914 2246 2078 2281 ἄνασσαν.

1429 2299 1565 2342 λάβετε,
1585 2298 1718 2344 φέρετε,
1737 2297 1888 2343 πέμπετ’,
1907 2299 2034 2344 ἇείρετέ
2049 2312 2114 2343 μου

1428 2353 1563 2398 γεραιᾶς
1579 2351 1692 2397 χειρὸς
1708 2349 1991 2396 προσλαζύμεναι·

1429 2403 1519 2451 κάγὼ
1538 2404 1666 2451 σκολιῷ
1684 2402 1825 2438 σκίπωνι
1841 2403 1942 2449 χερὸς

1431 2454 1664 2502 διερειδομένα,
1685 2453 1826 2490 σπεύσω
1842 2453 2038 2501 βραδύπουν

1434 2509 1562 2548 ἤλυσιν
1579 2506 1710 2554 ἄρθρων
1726 2507 1934 2554 προτιθεῖσα.

1432 2559 1458 2594 ὧ
1476 2560 1627 2606 στεροπὰ
1644 2560 1734 2599 Διὸς,
1754 2558 1780 2594 ὦ
1799 2559 1918 2594 σκοτία
1936 2559 2006 2604 νὺξ,

1432 2612 1465 2647 τί
1481 2610 1555 2648 ποτ’
1573 2610 1706 2658 αἴρομαι
1724 2612 1859 2658 ἔννυχος
1877 2610 1963 2647 οὕτω

1432 2664 1578 2709 δείμασι,
1597 2665 1798 2710 φάσμασιν;
1828 2663 1854 2698 ὦ
1870 2666 1988 2699 πότνια
2004 2664 2109 2711 χθὼν.

1431 2715 1730 2763 μελανοπτερύγων
1746 2718 1849 2763 μᾶτερ
1867 2716 2012 2762 ὀνείρων,

1433 2769 1670 2814 ἆποπέμπομαι
1687 2769 1824 2814 ἔννυχον
1841 2767 1935 2815 ἄψιν,

2311 1368 2351 1403 ⁴5

2318 1632 2358 1665 50

2322 1947 2360 1978 55

2324 2674 2364 2708 70

1432 2820 1472 2856 ἂν
1488 2821 1565 2867 περὶ
1582 2822 1700 2857 παιδὸς
1717 2821 1798 2866 ἐμοῦ
1815 2823 1875 2856 τοῦ
1893 2821 2083 2866 σωζομένου
2101 2820 2183 2855 κατὰ
2200 2818 2331 2866 θρῄκην

1432 2873 1520 2918 ἀμφὶ
1538 2873 1744 2917 Πολυξείνης
1761 2888 1797 2908 τε
1815 2873 1919 2919 φίλης
1937 2873 2099 2921 θυγατρὸς
2116 2871 2158 2908 δι’
2175 2871 2310 2920 ὀνείρων
2324 2882 2362 2917 75

1434 2926 1588 2971 φοβερὰν
1605 2924 1689 2971 ὄψιν
1707 2925 1839 2968 ἔμαθον,
1860 2926 1966 2969 ἐδάην.

1434 2976 1460 3011 ὦ
1477 2976 1606 3022 χθόνιοι
1624 2976 1705 3018 θεοὶ,
1726 2978 1861 3013 σώσατε
1877 2976 1964 3013 παῖδ’
1984 2977 2072 3020 ε’μὸν,

1434 3027 1471 3065 ὃς
1487 3030 1585 3074 μόνος
1609 3027 1707 3063 οἴκων
1725 3028 1839 3075 ἄγκυρ’
1858 3028 1903 3064 ἔτ’
1922 3030 2020 3075 ἐμῶν,

1434 3080 1493 3126 τὴν
1509 3082 1652 3126 χιονώδη
1671 3080 1801 3128 Θρῄκην
1818 3081 1959 3127 κατέχει,

1435 3132 1544 3176 ξείνου
1562 3132 1716 3182 πατρῴου
1734 3134 1952 3179 φυλακαῖσιν.

1435 3185 1531 3220 ἔσται
1548 3199 1580 3219 τι
1598 3185 1682 3226 νέον,

1435 3236 1506 3281 ἥξει
1523 3251 1556 3271 τι
1572 3237 1675 3282 μέλος
1691 3238 1810 3284 γοερὸν
1825 3238 1967 3284 γοεραῖς.

1435 3288 1548 3324 οὔποτ’
1568 3290 1630 3335 ε’μὰ
1647 3290 1738 3336 φρὴν
1755 3289 1810 3325 ὧδ’
1829 3290 1990 3325 ἀλίαστος

1435 3341 1594 3387 φρίσσει,
1613 3343 1743 3388 ταρβεῖ.

1435 3395 1501 3427 ποῦ
1518 3408 1600 3428 ποτε
1618 3393 1708 3429 θείαν
1723 3393 1861 3429 Ἑλένου
1877 3392 1996 3440 ψυχὰν

1435 3443 1455 3489 ἢ
1474 3446 1672 3492 Κασάνδραν
1689 3446 1803 3485 ἐσίδω,
1821 3445 1982 3493 Τρῳάδες,

1436 3496 1482 3532 ὥς
1497 3511 1554 3541 μοι
1572 3498 1728 3543 κρίνωσιν
1745 3498 1914 3544 ὀνείρουςς

1436 3545 1525 3586 εἶδον
1540 3550 1605 3598 γὰρ
1621 3551 1745 3592 βαλιὰν
1762 3550 1896 3597 ἔλαφον
1911 3545 2016 3586 λύκου
2032 3545 2140 3596 αῗμονι
2155 3549 2246 3598 χαλᾷ

2322 3029 2364 3064 8ο

2321 3559 2365 3599 9ο
