2488 3860
246 286 328 330 360

249 600 323 631 ΠΟ.

254 2062 327 2092 ΧΟ.

255 2168 321 2198 ΕΤ.

258 3575 328 3605 XO.

1151 289 1480 330 ΕΥΡΙΠΙΔΟΥ

348 387 453 433 λόγος
469 385 530 431 μὲν
547 385 606 421 οῦν
623 387 686 422 σὸς
702 386 846 433 πρόσθε,
866 386 1067 423 Πόλυνεικες
1083 385 1209 422 τέκνον·
1223 389 1284 431 465

351 438 397 473 σὺ
413 439 479 486 γὰρ
499 439 690 485 στράτευμα
708 440 878 487 Δαναϊδῶν
895 440 984 485 ἥκεις
1001 439 1103 485 ἄγων,

349 490 446 526 ἄδικα
463 491 648 531 πεπονθὼς,
664 491 708 528 ὧς
726 491 771 527 σὺ
789 491 870 538 φῄς·
898 492 1010 539 κριτὴς
1028 492 1067 527 δέ
1081 506 1131 528 τις

351 542 435 578 θεῶν
451 543 581 590 γένοιτο
600 544 653 579 καὶ
671 544 873 589 διαλλακτὴς
891 548 1010 580 κακῶν.

352 597 482 631 ἁπλοῦς
499 597 519 631 ὁ
536 595 641 640 μῦθος
658 597 716 641 τῆς
733 596 890 641 ἀληθείας
907 598 987 643 ἔφυ,

350 647 411 682 κοῦ
427 647 589 683 ποικίλων
607 649 659 683 δεῖ
675 648 801 695 τᾶνδιχ’
819 649 1082 696 ἑρμηνευμάτων·

350 701 422 746 ἔχει
438 701 505 747 γὰρ
522 701 606 736 αὐτὰ
623 701 747 747 καιρόν·
777 703 796 736 ὁ
814 701 842 736 δ’
861 701 973 738 ἄδικος
989 703 1095 748 λόγος

351 756 463 787 νοσῶν
481 753 516 787 ἐν
533 753 622 801 αὑτῷ
640 753 825 799 φαρμάκων
843 754 947 789 δεῖται
965 754 1100 800 σοφῶν.

351 805 418 852 ἐγὼ
436 805 474 840 δὲ
490 807 616 852 πατρὸς
633 806 794 849 δωμάτων
810 806 1081 853 προύσκεψάμην

351 857 475 903 τούμόν
490 872 528 893 τε
546 858 599 893 καὶ
616 857 719 898 τοῦδ’,
738 858 898 906 ἐκφυγεῖν
915 857 1048 905 χρῄζων
1064 857 1158 904 ἄρας,

352 908 392 946 ἃς
409 909 569 947 Οἶδίπους
586 909 768 957 ἐφθέγξατ’
787 910 834 947 εἷς
851 910 936 955 ἡμᾶς
952 925 1046 950 ποτε,

352 961 497 1007 ἐξῆλθον
514 962 579 1007 ἔξω
596 963 692 1007 τῆσδ’
712 963 795 998 έκὼν
811 963 911 999 αὐτὸς
927 963 1062 1008 χθονὸς,

353 1014 432 1050 δοὺς
449 1014 526 1063 τῷδ’
547 1015 710 1050 ἀνάσσειν
727 1015 887 1062 πατρίδος
905 1015 1055 1050 ἐνιαυτοῦ
1073 1013 1207 1055 κύκλον.

354 1066 436 1102 ὥστ’
454 1067 553 1103 αὐτὸς
570 1067 687 1114 ἄρχειν
703 1067 798 1103 αὖθις
815 1067 877 1102 ἀνὰ
893 1067 995 1114 μέρος
1010 1068 1140 1110 λαβὼν,

354 1120 408 1154 καὶ
423 1119 469 1165 μὴ
488 1118 528 1154 δι’
548 1119 671 1166 ἔχθρας
687 1120 773 1167 τῷδε
791 1120 844 1154 καὶ
861 1120 971 1166 φόνου
988 1120 1104 1164 μολὼν

353 1173 453 1207 κακόν
470 1186 502 1206 τι
520 1172 643 1218 δρᾶσαι
661 1172 715 1206 καὶ
731 1171 860 1211 παθεῖν,
880 1171 902 1206 ἃ
918 1172 1079 1218 γίγνεται.

353 1225 373 1258 ὁ
391 1223 422 1259 δ’
439 1224 575 1260 αἰνέσας
591 1223 688 1259 ταῦθ’
708 1224 840 1270 ὁρκίους
857 1238 894 1259 τε
912 1224 990 1260 δοὺς
1008 1224 1103 1261 θεοὺς

353 1275 497 1323 ἔδρασεν
515 1276 612 1311 οὐδὲν
630 1276 675 1311 ὧν
692 1275 866 1322 ὑπέσχετ’,
885 1275 965 1311 ἀλλ’
985 1277 1057 1322 ἔχει

1223 662 1286 692 470

1226 921 1285 955 475

1228 1180 1289 1218 480

354 1326 520 1375 τυραννίδ’
539 1328 639 1364 αὐτὸς
656 1329 710 1363 καὶ
728 1329 839 1373 δόμων
856 1329 935 1373 ἐμὸν
952 1328 1066 1375 μέρος.

354 1382 408 1416 καὶ
426 1383 484 1416 νῦν
501 1380 632 1425 ἕτοιμός
649 1380 716 1426 εἶμι
734 1380 902 1424 τάμαυτοῦ
919 1381 1038 1423 λαβὼν

355 1433 502 1479 στρατὸν
518 1433 579 1477 μὲν
596 1433 662 1477 ἔξω
679 1431 776 1477 τῆσδ’
795 1433 1001 1468 ἀποστεῖλαι
1019 1433 1153 1479 χθονὸς,

355 1485 456 1519 οἷκεῖν
473 1485 510 1520 δέ
528 1486 586 1519 τὸν
604 1485 683 1530 ἐμὸν
700 1481 792 1520 οἶκον
809 1485 871 1519 ἀνὰ
888 1485 989 1531 μέρος
1005 1486 1135 1528 λαβὼν,

356 1535 410 1570 καὶ
427 1536 506 1583 τῷδ’
521 1535 657 1582 ἀφεῖναι
673 1536 733 1571 τὸν
748 1533 828 1571 ἴσον
844 1535 938 1572 αὖθις
955 1536 997 1571 αὖ
1013 1539 1148 1583 χρόνον,

357 1587 410 1622 καὶ
426 1586 510 1632 μήτε
526 1587 664 1634 πορθεῖν
680 1588 826 1635 πατρίδα
842 1587 926 1634 μήτε
942 1590 1154 1637 προσφέρειν

354 1638 518 1686 πύργοισι
536 1643 669 1684 πηκτῶν
687 1641 855 1685 κλιμάκων
872 1642 1143 1687 προσαμβάσεις,

355 1691 377 1726 ἀ
393 1691 438 1737 μὴ
457 1690 604 1738 κυρήσας
622 1694 680 1737 τῆς
699 1693 790 1737 δίκης
806 1695 997 1740 πειράσομα

356 1745 451 1791 δρᾶν.
479 1745 648 1791 μάρτυρας
666 1746 702 1780 δὲ
720 1746 823 1780 τῶνδε
841 1746 997 1790 δαίμονας
1013 1748 1117 1787 καλῶ,

356 1799 401 1834 ὡς
417 1797 525 1832 πάντα
541 1798 710 1843 πράσσων
728 1798 792 1833 σὺν
809 1798 882 1843 δίκῃ
902 1799 993 1843 δίκης
1010 1799 1090 1845 ἄτερ

356 1850 606 1896 ἀποστεροῦμαι
623 1851 783 1898 πατρίδος
800 1851 1018 1886 ἀνοσιώτατα.

355 1901 447 1937 ταῦτ’
465 1900 542 1936 αὕθ’
561 1902 698 1943 ἕκαστα,
717 1905 833 1949 μῆτερ,
853 1903 931 1948 οὐχὶ
947 1905 1151 1950 περιπλοκὰς

354 1956 468 1998 λόγων
485 1954 648 1998 ἀθροίσας
665 1952 770 1995 εἶπον,
790 1956 882 1990 ἀλλὰ
899 1957 952 1990 καὶ
971 1957 1096 2002 σοφοῖς

359 2005 411 2039 καὶ
428 2006 519 2038 τοῖσι
537 2003 684 2049 φαύλοις
701 2005 816 2051 ἔνδιχ’,
837 2007 881 2042 ὡς
900 2007 973 2052 ἐμοὶ
991 2009 1091 2045 δοκεῖ.

356 2056 430 2101 ἐμοὶ
446 2056 518 2101 μὲν,
538 2056 567 2090 εἶ
585 2058 638 2091 καὶ
655 2058 699 2102 μὴ
719 2058 794 2093 καθ’
813 2058 986 2104 Ἐλλήνων
1002 2061 1109 2106 χθόνα

357 2107 572 2156 τεθράμμεθ’,
592 2109 670 2144 ἀλλ’
689 2109 748 2145 οὖν
766 2111 885 2154 ξυνετά
901 2127 959 2157 μοι
977 2114 1084 2150 δοκεῖς
1101 2114 1226 2163 λέγειν.

354 2162 384 2196 εἶ
400 2163 487 2197 πᾶσι
505 2163 625 2197 ταυτὸν
642 2164 746 2198 καλὸν
763 2164 830 2209 ἔφυ
850 2165 964 2210 σοφόν
981 2165 1015 2200 θ’
1034 2167 1113 2212 ἅμα,

357 2215 417 2249 οὐκ
434 2213 474 2258 ἦν
492 2214 532 2248 ἂν
549 2214 757 2261 ἀμφίλεκτος
775 2216 961 2262 ἀνθρώποις
979 2219 1059 2265 ἔρις·

357 2270 415 2303 νῦν
433 2265 461 2302 δ’
480 2266 554 2301 οὔθ’
574 2266 688 2312 ὅμοιον
706 2269 803 2304 οὐδὲν
820 2268 888 2303 οὔτ’
906 2268 984 2305 ἴσον
1001 2273 1150 2318 βροτοῖς,

355 2319 445 2364 πλὴν
462 2319 638 2365 ὀνομάσαι,
657 2322 696 2356 τὸ
715 2320 743 2356 δ’
763 2322 862 2368 ἔργον
879 2322 938 2357 οὐκ
956 2323 1051 2358 ἔστιν
1067 2325 1156 2360 τόδε.

356 2373 423 2418 ἐγὼ
440 2372 506 2419 γὰρ
524 2372 632 2415 οὐδὲν,
650 2375 766 2420 μῆτερ,
786 2374 987 2422 ἀποκρύψας
1005 2376 1082 2423 ἐρῶ·

355 2427 491 2471 ἄστρων
508 2424 547 2459 ἂν
567 2425 699 2471 ἔλθοιμ’
719 2426 851 2473 αἶθέρος
867 2429 952 2473 πρὸς
970 2428 1114 2465 ἀντολὰς

356 2479 410 2513 καὶ
426 2479 488 2524 γῆς
506 2477 630 2524 ἔνερθε,
651 2479 788 2515 δυνατὸς
806 2479 851 2514 ὢν
869 2481 992 2526 δρᾶσαι
1009 2482 1099 2521 τάδε,

355 2531 415 2575 τὴν
433 2529 516 2564 θεῶν
533 2531 696 2578 μεγίστην
714 2531 795 2566 ὥστ’
815 2533 904 2578 ἔχειν
921 2534 1109 2579 τυραννίδα.

355 2581 443 2618 τοῦτ’
463 2581 522 2617 οὗν
539 2584 577 2618 τὸ
594 2585 758 2630 χρηστὸν,
777 2586 892 2631 μῆτερ,
914 2585 991 2630 οὐχὶ
1009 2585 1179 2633 βούλομαι

354 2636 452 2684 ἄλλῳ
469 2637 622 2682 παρεῖναι
638 2638 772 2681 μᾶλλον
789 2636 808 2682 ἢ
829 2639 949 2681 σώζειν
967 2638 1053 2683 ἐμοί’

354 2688 511 2735 ἀνανδρία
527 2689 605 2735 γὰρ,
625 2690 664 2724 τὸ
681 2689 787 2724 πλέον
805 2688 901 2726 ὅστις
917 2690 1091 2728 ἀπολέσας

354 2743 552 2776 τοῦλασσον
569 2742 691 2784 ἔλαβε.
718 2743 803 2788 πρὸς
820 2743 856 2777 δὲ
874 2741 983 2777 τοῖσδ’
1002 2743 1204 2790 αἷσχύνομαι
1231 2759 1294 2790 510

354 2793 501 2828 ἐλθόντα
520 2793 584 2828 σὺν
602 2793 721 2829 ὅπλοις
738 2795 834 2829 τόνδε
852 2795 905 2830 καὶ
922 2796 1112 2841 πορθοῦντα
1127 2798 1191 2844 γῆν

355 2848 468 2891 τυχεῖν
484 2844 507 2880 ἃ
523 2845 652 2892 χρῄζει·
681 2848 753 2882 ταῖς
770 2847 835 2893 γὰρ
854 2847 894 2882 ἂν
913 2846 1042 2892 Θήβαις
1059 2849 1137 2884 τόδε

353 2897 473 2944 γένοιτ’
494 2897 631 2938 ὄνειδος,
650 2898 680 2933 εἷ
699 2900 890 2943 Μυκηναίου
909 2900 1008 2946 δορὸς

354 2951 458 2998 φόβῳ
475 2951 613 2997 παρείην
633 2952 787 2997 σκῆπτρα
805 2951 893 2996 τάμὰ
910 2952 987 3000 τῷδ’
1006 2953 1108 2999 ἔχειν.

353 3003 442 3049 χρῆν
458 3002 487 3037 δ’
507 3003 607 3038 αὐτὸν
624 3003 689 3048 οὐχ
707 3003 848 3038 ὅπλοισι
866 3004 924 3040 τὰς
943 3005 1142 3053 διαλλαγὰς,

353 3056 469 3100 μῆτερ,
488 3055 670 3090 ποιεῖσθαι·
699 3057 765 3090 πᾶν
782 3057 848 3102 γὰρ
866 3057 993 3102 ἐξαιρεῖ
1008 3059 1113 3105 λόγος

355 3105 374 3141 ὃ
393 3108 447 3141 καὶ
466 3106 605 3152 σίδηρος
620 3108 792 3152 πολεμίων
810 3108 965 3154 δράσειεν
982 3109 1033 3144 ἄν.

354 3154 435 3190 ἀλλ’
453 3155 484 3190 εἷ
499 3157 560 3201 μὲν
577 3158 692 3193 ἄλλως
709 3157 807 3202 τήνδε
823 3160 886 3204 γῆν
904 3159 1005 3193 οἰκεῖν
1023 3158 1132 3199 θέλει,

355 3207 480 3251 ἔξεστ’·
510 3207 636 3243 ἐκείνου
653 3208 682 3243 δ’
701 3209 766 3254 οὐχ
783 3210 866 3244 ἑκὼν
882 3209 1084 3255 μεθήσομαι,

354 3259 471 3306 ἄρχειν
488 3262 595 3306 παρόν
611 3274 680 3304 μοι,
700 3261 785 3308 τῷδε
803 3261 987 3296 δουλεῦσαί
1003 3277 1097 3298 ποτε.

355 3312 440 3357 πρὸς
456 3311 546 3346 ταῦτ’
565 3310 625 3346 ῖτω
643 3312 703 3356 μὲν
720 3314 799 3358 πῦρ,
818 3311 878 3347 ’ίτω
897 3313 933 3348 δέ
951 3315 1125 3360 φάσγανα,

359 3362 542 3410 ζεύγνυσθε
560 3362 589 3399 δ’
606 3362 742 3404 ἵππους,
759 3364 857 3400 πεδία
873 3365 1043 3410 πίμπλαθ’
1062 3367 1227 3414 ἁρμάτων,

359 3416 403 3451 ὣς
420 3416 460 3450 οὗ
475 3414 619 3463 παρήσω
637 3416 713 3464 τῷδ’
733 3416 813 3460 ἐμὴν
830 3418 1018 3463 τυραννίδα.

359 3465 452 3514 εἴπερ
468 3468 534 3514 γὰρ
551 3468 675 3503 ἀδικεῖν
691 3468 770 3514 χρὴ,
789 3469 981 3515 τυραννίδος
998 3471 1075 3517 πέρι

358 3520 545 3555 κάλλιστον
562 3520 698 3560 ἀδικεῖν,
716 3520 827 3555 τᾶλλα
845 3520 873 3555 δ’
893 3522 1047 3564 εὐσεβεῖν
1063 3523 1185 3568 χρεών.
1232 3536 1290 3568 525

355 3571 417 3606 οὐκ
435 3570 472 3608 εὖ
488 3572 601 3620 λέγειν
617 3572 683 3620 χρὴ
700 3572 745 3618 μὴ
762 3572 811 3609 ’πὶ
829 3575 898 3611 τοῖς
915 3574 1026 3621 ἔργοις
1044 3577 1170 3616 καλοῖς,

1229 1441 1290 1481 485

1231 1710 1292 1741 490

1230 1969 1291 2003 495

1230 2234 1292 2266 500

1231 2496 1290 2529 505

1231 3019 1292 3055 5¹5

1232 3277 1292 3307 5²0

1336 449 1395 479 [Ο.

1339 3470 1408 3499 XO.

1340 3574 1403 3605 ET.

1439 391 1479 426 οὔ
1495 390 1561 437 γὰρ
1579 390 1682 425 καλὸν
1699 388 1780 432 τόδ’,
1800 389 1892 424 ἀλλὰ
1909 392 1950 434 τῇ
1967 389 2040 434 δίκῃ
2058 389 2189 436 πικρόν.

1441 443 1468 478 ὦ
1485 442 1610 483 τέκνον,
1629 442 1694 488 οὐχ
1711 442 1840 477 ἅπαντα
1856 443 1903 490 τῷ
1919 439 2005 488 γήρᾳ
2024 442 2117 480 κακὰ,

1438 496 1642 535 Ἐτεόκλεες,
1660 495 1860 541 πρόσεστιν,
1879 493 1957 529 ἀλλ’
1976 492 2133 541 ἡμπειρία

1441 549 1512 593 ἔχει
1529 561 1562 582 τι
1581 546 1679 590 λέξαι
1700 550 1766 581 τῶν
1785 546 1865 581 νέων
1883 546 2095 592 σοφώτερον.

1440 600 1474 635 τί
1490 600 1549 644 τῆς
1566 599 1723 641 κακίστης
1741 599 1904 643 δαιμόνων
1921 598 2046 644 ἐφίεσα

1441 651 1648 698 φιλοτιμίας,
1667 652 1749 691 παῖ;
1777 650 1822 695 μὴ
1842 649 1887 685 σύ
1903 649 1948 698 γ’·
1978 650 2091 697 ἄδικος
2107 647 2132 694 ἢ
2147 649 2234 686 θεός·

1441 703 1593 740 πολλοὺς
1610 703 1639 739 δ’
1659 704 1692 739 ἐς
1709 701 1819 739 οἴκους
1837 703 1889 737 καὶ
1906 703 2022 739 πόλεις
2039 702 2234 747 εὐδαίμονας

1440 753 1579 799 εἰσῆλθε
1593 754 1699 799 κάξῆλ
1728 754 1737 766 ’
1749 754 1799 790 ἐπ’
1818 754 1948 803 ὀλέθρῳ
1966 756 2032 790 τῶν
2047 754 2241 800 χρωμένων·

1443 807 1498 854 ἐφ’
1518 805 1539 852 ᾗ
1557 807 1602 842 σὺ
1619 807 1739 852 μαίνει.
1769 809 1854 842 κεῖνο
1874 807 2023 847 κάλλιον,
2043 807 2169 848 τέκνον,

1443 860 1583 905 ἶσότητα
1599 861 1707 905 τιμᾶν,
1727 858 1746 905 ἦ
1766 860 1894 906 φίλους
1911 859 1961 895 ἀεὶ
1979 859 2102 905 φίλοις

1444 914 1561 949 πόλεις
1578 927 1615 947 τε
1632 914 1757 948 πόλεσι
1775 912 1972 958 συμμάχους
1989 926 2027 947 τε
2045 912 2236 957 συμμάχοις

1444 965 1566 1010 ξυνδεῖ·
1596 965 1634 1000 τὸ
1652 965 1718 1011 γὰρ
1735 962 1813 1000 ἴσον
1831 966 1968 1010 νόμιμον
1984 963 2172 1012 ἀνθρώποις
2188 964 2268 1011 ἔφυ,

1444 1020 1491 1066 τῷ
1508 1018 1626 1053 πλέονι
1645 1016 1672 1052 δ’
1692 1018 1743 1052 ἀεὶ
1759 1017 1922 1061 πολέμιον
1938 1016 2136 1052 καθίσταται

1445 1071 1654 1110 τοῦλασσον,
1675 1069 1797 1116 ἐχθρᾶς
1815 1068 1848 1104 θἸ
1867 1068 1990 1115 ἡμέρας
2007 1069 2219 1115 κατάρχεται.

1445 1123 1499 1158 καὶ
1515 1123 1581 1170 γὰρ
1598 1121 1690 1169 μέτρ’
1709 1121 1916 1169 ἀνθρώποισι
1933 1122 1986 1156 καὶ
2004 1121 2086 1168 μέρη
2105 1121 2265 1166 σταθμῶν

1446 1173 1562 1219 ἰσότης
1579 1175 1676 1218 ἔταξε
1692 1174 1852 1221 κάριθμὸν
1869 1174 2016 1220 διώρισε,

1446 1227 1561 1263 νυκτός
1578 1226 1607 1262 τ’
1625 1227 1775 1273 ἀφεγγὲς
1791 1226 1971 1273 βλέφαρον
1988 1225 2087 1270 ἡλίου
2103 1240 2141 1261 τε
2156 1226 2234 1273 φῶς

1445 1277 1524 1315 ἴσον
1541 1279 1670 1322 βαδίζει
1688 1280 1747 1314 τὸν
1764 1277 1931 1314 ἐνιαύσιον
1949 1278 2087 1316 κύκλον,

1447 1332 1642 1378 κούδέτερον
1659 1332 1771 1366 αὐτοῖν
1789 1331 1918 1377 φθόνον
1935 1332 2006 1377 ἔχει
2024 1332 2213 1375 νικώμενον.

1447 1382 1511 1420 εἷθ’
1529 1385 1630 1430 ἥλιος
1647 1384 1707 1429 μὲν
1725 1383 1785 1428 νύξ
1802 1398 1839 1418 τε
1857 1382 2008 1418 δουλεύει
2025 1384 2174 1428 βροτοῖς,

1448 1437 1493 1473 σὺ
1511 1437 1540 1472 δ’
1558 1437 1618 1472 οὐκ
1636 1436 1744 1480 ἀνέξει
1762 1436 1921 1481 δωμάτων
1938 1437 2025 1481 ἔχων
2040 1433 2130 1477 ἴσον,

1448 1490 1502 1525 καὶ
1519 1489 1596 1537 τῷδ’
1614 1489 1808 1532 ἀπονεμεῖς;
1838 1485 1920 1534 κᾷτα
1936 1491 2003 1523 ποῦ
2019 1487 2108 1523 ’στιν
2125 1487 2145 1532 ἦ
2163 1488 2258 1529 δίκης

1448 1539 1483 1575 τί
1498 1539 1559 1584 τὴν
1575 1539 1750 1585 τυραννίδ’,
1770 1540 1899 1575 ἀδικίαν
1917 1540 2105 1585 εὐδαίμονα,

1449 1593 1544 1637 τιμᾷς
1562 1592 1727 1638 ὑπέρφευ,
1747 1593 1800 1627 καὶ
1817 1591 1891 1639 μέγ’
1909 1592 2036 1639 ἥγησαι
2052 1592 2142 1636 τόδε,

1447 1644 1717 1690 περιβλέπεσθαι
1735 1645 1864 1689 τίμιον;
1895 1646 1988 1679 κενὸν
2004 1645 2065 1689 μὲν
2081 1643 2154 1680 οὖν.

1448 1695 1467 1740 ἢ
1486 1697 1602 1731 πολλὰ
1619 1696 1759 1741 μοχθεῖν
1775 1698 1879 1731 πόλλ’
1897 1698 1984 1742 ἔχων
2002 1697 2037 1731 ἐν
2055 1697 2187 1740 δώμασι

1448 1747 1589 1790 βούλει;
1618 1749 1652 1783 τί
1669 1748 1696 1783 δ’
1716 1749 1791 1783 ἔστι
1808 1749 1847 1783 τὸ
1865 1748 1970 1784 πλέον
1981 1762 1991 1790 ;
2020 1748 2110 1794 ὄνομ’
2129 1749 2200 1795 ἔχει
2216 1748 2331 1797 μόνον·

1449 1800 1520 1835 ἐπεὶ
1538 1802 1579 1835 τά
1596 1800 1627 1847 γ’
1647 1800 1804 1847 ἀρκοῦνθ’
1824 1801 1916 1836 ἱκανὰ
1933 1803 2004 1837 τοῖς
2019 1816 2059 1848 γε
2077 1802 2272 1848 σώφροσιν.

1448 1855 1539 1887 οὔτοι
1557 1854 1599 1887 τὰ
1615 1853 1756 1899 χρήματ’
1775 1851 1843 1888 ’ίδια
1861 1852 2029 1898 κέκτηνται
2046 1854 2179 1900 βροτοὶ,

1448 1906 1489 1939 τὰ
1507 1909 1573 1940 τῶν
1591 1904 1675 1940 θεῶν
1693 1905 1721 1940 δ’
1740 1906 1875 1951 ἔχοντες
1892 1904 2149 1951 ἐπιμελούμεθα·

1448 1957 1527 1991 ὅταν
1545 1957 1581 1991 δέ
1598 1956 1761 2002 χρῄζωσ’,
1781 1957 1851 1991 αὕτ’
1870 1957 2090 2003 ἀφαιροῦνται
2106 1958 2223 1993 πάλιν.

1446 2007 1485 2058 [ὁ
1504 2008 1533 2043 δ’
1552 2009 1659 2051 ὄλβος
1677 2009 1716 2043 οὐ
1733 2008 1884 2051 βέβαιος,
1905 2005 1982 2041 ἀλλ’
2001 1999 2202 2053 ἐφήμερος]

1444 2060 1509 2107 ὅγ’,
1530 2063 1568 2104 ἤν
1587 2060 1620 2095 ‹r‘
1641 2061 1764 2107 ἔρωμαι
1783 2058 1842 2094 δύο
1859 2061 1953 2103 λόγω
1970 2058 2124 2104 προθεῖσ’
2140 2057 2219 2102 ἅμα,

1443 2117 1567 2159 πότερα
1585 2115 1764 2159 τυραννεῖν,
1785 2110 1804 2156 ἢ
1823 2114 1923 2147 πόλιν
1941 2114 2053 2146 σῶσαι
2071 2110 2205 2149 θέλεις;

1448 2167 1532 2212 ἐρεῖς
1550 2167 1739 2212 τυραννεῖν;
1769 2164 1809 2210 ἢν
1827 2165 1864 2199 δὲ
1881 2163 1998 2208 νικήσῃ
2019 2162 2053 2197 σ’
2072 2162 2140 2201 ὅδε,

1445 2218 1581 2264 Ἀργεῖά
1598 2218 1626 2252 τ’
1645 2219 1728 2265 ἔγχη
1748 2219 1828 2263 δόρυ
1846 2218 1884 2251 τὸ
1905 2214 2076 2260 Καδμείων
2094 2214 2170 2258 ἕλῃ,

1447 2270 1529 2317 ὄψει
1548 2271 1718 2315 δαμασθὲν
1736 2270 1823 2304 ἄστυ
1842 2269 2000 2311 Θηβαίων
2017 2268 2105 2306 τόδε,

1443 2322 1525 2369 ὄψει
1543 2323 1579 2357 δὲ
1597 2323 1729 2358 πολλὰς
1748 2320 1994 2367 αἰχμαλωτίδας
2013 2321 2111 2365 κόρας

1440 2376 1503 2420 βίᾳ
1519 2374 1605 2420 πρὸς
1621 2373 1751 2419 ἀνδρῶν
1770 2373 1942 2418 πολεμίων
1960 2371 2204 2417 πορθουμένας.

1444 2424 1621 2472 [ὀδυνηρὸς
1638 2423 1690 2470 ἆρ’
1709 2426 1728 2459 ὁ
1746 2425 1908 2463 πλοῦτος,
1929 2421 1967 2457 ὃν
1988 2424 2093 2467 ζητεῖς
2111 2423 2216 2467 ἔχειν,

1437 2476 1615 2524 γενήσεται
1634 2475 1796 2521 Θήβαισι,
1817 2476 1999 2522 φιλότιμος
2017 2476 2053 2510 δέ
2073 2472 2150 2519 σύ.]
2170 2483 2173 2486 ’

1438 2530 1496 2564 σοὶ
1514 2529 1574 2573 μὲν
1591 2527 1662 2563 τάδ’
1680 2529 1781 2563 αὐδῶ·
1812 2529 1869 2563 σοὶ
1887 2528 1936 2567 δὲ,
1956 2526 2167 2566 Πολύνεικες,
2186 2525 2290 2572 λέγω,

1436 2581 1574 2625 ἀμαθεῖς
1583 2579 1777 2626 ’Ἄδραστος
1795 2581 1933 2627 χάριτας
1951 2580 1984 2615 ἔς
2003 2577 2036 2614 σ’
2055 2577 2221 2624 ἀνήψατο·

1437 2632 1583 2668 ἀσύνετα
1601 2633 1629 2668 δ’
1648 2632 1749 2677 ἦλθες
1767 2633 1820 2667 καὶ
1839 2632 1884 2667 σὺ
1901 2630 2083 2678 πορθήσων
2099 2633 2214 2666 πόλιν.

1438 2685 1529 2731 φέρ’,
1548 2685 1588 2730 ἢν
1606 2685 1690 2730 ἕλῃς
1707 2688 1770 2733 γῆν
1786 2684 1888 2730 τήνδ’,
1909 2683 1926 2719 ὃ
1945 2684 1988 2729 μὴ
2007 2683 2104 2729 τύχοι
2120 2683 2216 2723 ποτέ,

1437 2739 1522 2784 πρὸς
1540 2738 1637 2777 θεῶν,
1657 2739 1800 2784 τροπαῖα
1816 2740 1888 2773 πῶς
1905 2737 1968 2783 ἄρα
1986 2735 2124 2780 στήσεις
2142 2735 2262 2782 δορός;

1439 2793 1509 2826 πῶς
1526 2789 1555 2825 δ’
1574 2789 1616 2824 αὖ
1634 2790 1788 2836 κατάρξει
1806 2789 1970 2834 θυμάτων,
1991 2789 2077 2823 ἐλὼν
2093 2789 2235 2834 πάτραν,

1441 2844 1500 2880 κάς
1524 2844 1634 2878 σκῦλα
1653 2843 1801 2890 γράψεις
1817 2845 1888 2877 πῶς
1906 2841 1956 2877 ἐπ’
1974 2840 2107 2886 Ἰνάχου
2123 2839 2228 2887 ῥοαῖς,

1443 2894 1558 2940 Θήβας
1575 2896 1736 2940 πυρώσας
1753 2895 1858 2929 τάσδε
1876 2893 2080 2937 Πολυνείκης
2098 2892 2188 2928 θεοῖς

1441 2947 1587 2983 ἀσπίδας
1605 2947 1712 2992 ἔθηκε·
1740 2945 1875 2992 μήποτ’,
1895 2946 1921 2980 ὦ
1939 2946 2063 2984 τέκνον,
2083 2944 2182 2980 κλέος

1439 3000 1569 3034 τοιόνδε
1587 3013 1644 3034 σοι
1661 2999 1751 3045 γένοι
1778 2998 1788 3011 ’
1806 2998 1867 3044 ὑφ’
1885 2997 2057 3042 Ἑλλήνων
2072 2998 2204 3038 λαβεῖν.

1439 3051 1480 3096 ἢν
1498 3052 1524 3086 δ’
1545 3050 1586 3086 αὖ
1604 3051 1766 3098 κρατηθῇς
1784 3052 1837 3086 καὶ
1853 3051 1896 3086 τὰ
1913 3049 2002 3084 τοῦδ’
2021 3049 2225 3096 ὑπερδράμῃ,

1439 3102 1649 3150 πῶς”Αργος
1665 3103 1766 3148 ἥξεις,
1785 3103 1923 3147 μυρίους
1939 3102 2048 3136 λιπὼν
2066 3098 2220 3147 νεκρούς;

1436 3153 1506 3199 ἐρεῖ
1522 3154 1558 3188 δὲ
1576 3152 1616 3198 δή
1633 3167 1694 3192 τις,
1715 3152 1741 3186 ὦ
1759 3152 1841 3187 κακὰ
1858 3150 2089 3196 μνηστεύματα

1431 3203 1604 3251 Ἀδραστε
1621 3204 1795 3251 προσθεὶς,
1815 3204 1870 3239 διὰ
1887 3206 1964 3249 μιᾶς
1981 3202 2112 3249 νύμφης
2128 3203 2251 3249 γάμον·

1438 3256 1678 3301 ἀπωλόμεσθα.
1709 3255 1769 3291 δύο
1787 3257 1873 3290 κακὼ
1893 3255 2059 3294 σπεύδεις,
2078 3254 2203 3293 τέκνον,

1439 3308 1552 3343 κείνων
1572 3308 1766 3354 στέρεσθαι,
1784 3308 1887 3343 τῶνδέ
1903 3308 1931 3343 τ’
1952 3309 1987 3342 ἐν
2003 3308 2096 3353 μέσῳ
2113 3308 2242 3341 πεσεῖν.

1437 3360 1577 3405 μέθετον
1594 3362 1633 3395 τὸ
1649 3361 1738 3404 λίαν,
1758 3360 1908 3405 μέθετον·
1937 3358 2059 3404 ἀμαθία
2077 3359 2180 3398 δυοῖν,

1439 3413 1473 3447 ἐς
1490 3412 1587 3447 ταῦθ’
1607 3412 1685 3447 ὅταν
1702 3415 1861 3457 μόλητον,
1881 3410 2062 3457 αἴσχιστον
2079 3412 2188 3446 κακόν.

1438 3463 1464 3498 ὦ
1483 3465 1564 3504 θεοὶ,
1583 3464 1740 3511 γένοισθε
1758 3464 1853 3499 τῶνδ’
1871 3465 2056 3509 ἀπότροποι
2074 3466 2190 3506 κακῶν,

1440 3517 1493 3551 καὶ
1511 3515 1682 3562 ξύμβασίν
1699 3515 1759 3551 τιν’
1778 3516 1918 3552 Οἰδίπου
1935 3516 2059 3551 τέκνοις
2077 3515 2165 3550 δότε.

1435 3569 1552 3616 μῆτερ,
1571 3568 1611 3604 οὗ
1627 3570 1741 3613 λόγων
1757 3567 1809 3604 ἔθ’
1827 3569 1926 3616 ἁγὼν,
1946 3567 2024 3604 ἀλλ’
2042 3567 2208 3603 ἀνάλωται
2224 3567 2346 3615 χρόνος

2313 557 2374 590 530

2317 1079 2378 1114 ⁵40

2319 1344 2378 1377 545

2324 1603 2384 1636 550

2318 1865 2378 1898 555

2303 2160 2306 2162 η
2317 2110 2378 2152 560

2314 2373 2375 2413 5⁶5

2307 2643 2370 2676 570

2311 2902 2372 2937 575

2307 3154 2369 3194 580

2308 3414 2369 3456 5⁸5
