2488 3860
212 322 264 364 98

312 407 343 445 εἰ
361 406 612 457 σωφρονήσεις,
633 406 659 444 ὦ
677 407 777 455 φίλη,
797 406 936 454 δράσεις
952 405 1044 441 τάδε.

213 468 282 499 ΧΡ.
312 463 443 510 δράσω.
472 463 511 498 τὸ
528 462 595 509 γὰρ
614 462 742 497 δίκαιον
759 460 818 495 οὐκ
836 461 907 505 ἔχει
924 460 1031 505 λόγον

315 516 408 551 δυοῖν
426 515 557 563 ἐρίζειν,
578 514 656 550 ἀλλ’
677 511 891 550 ἐπισπεύδειν
908 513 946 547 τὸ
966 512 1059 559 δρᾶν.

313 568 499 616 πειρωμένῃ
519 569 555 603 δὲ
574 568 678 603 τῶνδε
695 570 762 602 τῶν
779 566 887 611 ἔργων
905 565 978 610 ἐμοὶ

317 621 397 669 σιγὴ
415 620 492 668 παρ’
513 621 615 667 ὑμῶν,
633 620 718 667 πρὸς
737 619 831 662 θεῶν,
850 617 951 660 ἔστω,
970 615 1083 661 φίλαι·

317 675 362 711 ὣς
381 673 410 709 εἰ
428 674 499 710 τάδ’
519 673 538 718 ἡ
557 675 706 708 τεκοῦσα
722 670 897 709 πεύσεται,
916 669 1037 710 πικρὰν
1192 678 1255 712 470
1278 690 1280 707 ,

317 728 404 763 δοκῶ
422 741 464 772 με
480 728 598 773 πεῖραν
615 724 714 770 τήνδε
731 720 917 768 τολμήσειν
934 723 995 757 ἔτι.
1278 712 1282 762 ¹1

216 785 287 817 XO.
319 779 348 815 εἰ
365 779 411 825 μὴ
427 778 489 826 ’γὼ
507 776 699 823 παράφρων
716 774 833 820 μάντις
851 772 938 818 ἔφυν
959 770 1012 805 καὶ
1030 769 1163 817 γνώμας
1177 787 1255 820 στρ.

320 832 504 878 λειπομένα
524 830 650 876 σοφᾶς,

1190 406 1251 451 465
1271 409 1276 439 1

1282 845 1284 856 .

321 883 410 920 εἰσιν
428 887 449 920 ἁ
466 886 650 932 πρόμαντις
1195 888 1256 922 475
1285 925 1286 932 ¹

321 938 418 978 Δίκα,
439 937 550 974 δίκαια
567 934 739 983 φερομένα
757 936 872 981 χεροῖν
890 933 1004 980 κράτη·

320 991 483 1038 μέτεισιν,
504 990 529 1025 ὦ
548 990 674 1029 τέκνον,
695 988 735 1023 οὗ
752 989 881 1034 μακροῦ
898 987 1036 1032 χρόνου.
1285 998 1288 1020 ι

323 1042 448 1080 ὕπεστί
464 1057 522 1090 μοι
541 1042 680 1090 θράσος,
1286 1071 1288 1084 Ι

322 1098 497 1132 ἁδυπνόων
515 1094 686 1130 κλύουσαν
1200 1092 1265 1133 480

324 1149 447 1192 ἀρτίως
465 1149 656 1192 ὀνειράτων.

323 1204 363 1239 οὐ
397 1203 464 1250 γάρ
500 1202 575 1238 ποτ’
614 1202 780 1247 ἀμναστεῖ
818 1200 850 1244 γ’
889 1202 907 1234 ὁ
943 1197 1057 1245 φύσας
1096 1196 1290 1232 Ἑλλάνων

379 1255 474 1301 ἅναξ»

328 1308 398 1345 οὔδ’
451 1312 473 1346 ά
516 1308 646 1345 παλαιὰ
695 1307 958 1353 χαλκόπλακτος
1009 1304 1166 1350 ἀμφάκης
1214 1301 1272 1348 γε’-
1292 1327 1293 1348 ἢ

377 1377 444 1405 νυς,
1211 1359 1273 1399 485
1292 1377 1294 1392 ι

330 1411 352 1446 ἅ
370 1425 420 1446 νιν
438 1409 646 1455 κατέπεφνεν
663 1409 861 1453 αἰσχίσταις
878 1407 914 1442 ἐν
931 1406 1062 1443 αἰκίαις.

324 1464 398 1510 ἥξει
417 1465 470 1499 καὶ
490 1461 668 1499 πολύπους
687 1461 740 1496 καὶ
757 1458 925 1506 πολύχειρ
944 1461 966 1494 ά
983 1459 1103 1496 δεινοῖς
1198 1461 1270 1496 ἀντ.

325 1516 537 1564 κρυπτομένα
553 1517 675 1562 λόχοις
1208 1526 1272 1557 490

330 1569 526 1615 χαλκόπους
541 1564 687 1613 Ἐρινύς.

330 1619 465 1668 ἄλεκτρ’
485 1619 624 1664 ἄνυμφα
640 1619 706 1665 γὰρ
726 1617 833 1661 ἐπέβα
850 1618 1039 1663 μιαιφόνων

331 1674 448 1720 γάμων
466 1671 677 1718 ἁμιλλήμαθ’
695 1668 786 1706 οἷσιν
804 1670 844 1705 οὗ
863 1670 969 1716 θέμις.

331 1727 398 1773 πρὸ
416 1724 522 1761 τῶνδέ
538 1725 592 1760 τοί
610 1724 642 1770 μ’
663 1725 746 1770 ἔχει,
1211 1735 1272 1771 495

331 1777 462 1825 μήποτε
477 1775 569 1824 μήπο
596 1776 605 1789 ’
624 1776 702 1822 ἡμῖν

334 1832 466 1880 ἀψεγὲς
482 1833 592 1866 πελᾶν
608 1830 706 1876 τέρας

331 1885 403 1921 τοῖς
421 1885 530 1930 δρῶσι
548 1883 603 1918 καὶ
623 1883 828 1930 συνδρῶσιν.
857 1884 882 1928 ἤ
897 1897 949 1918 τοι
966 1886 1117 1929 μαντεῖαι
1134 1887 1268 1933 βροτῶν

327 1938 387 1973 οὐκ
429 1936 519 1973 εἰσὶν
556 1936 591 1972 ἐν
629 1935 749 1973 δεινοῖς
784 1934 925 1984 ὀνείροις
961 1937 1030 1972 οὐδ’
1065 1937 1100 1973 ἐν
1139 1938 1274 1985 θεσφά-

379 2006 463 2031 τοις,
1209 2004 1275 2036 500

334 2034 364 2069 εἶ
381 2034 425 2080 μὴ
444 2035 521 2070 τόδε
539 2035 664 2081 φάσμα
683 2036 799 2072 νυκτὸς
817 2034 855 2071 εὖ
872 2034 1096 2082 κατασχήσει.

338 2087 363 2122 ὦ
381 2088 546 2125 Πέλοπος
563 2091 584 2122 ἁ
601 2089 754 2134 πρόσθεν
1079 2089 1181 2137 ἐπῳδ.
1212 2101 1275 2132 504

335 2139 528 2177 πολύπονος
547 2141 674 2182 ἱππεία,
1212 2155 1272 2187 505

336 2194 380 2229 ὡς
398 2195 519 2238 ἔμολες
537 2193 631 2239 αἷανὴ

334 2247 413 2292 τᾷδε
430 2248 486 2294 γᾷ.

335 2298 409 2333 εὖτε
426 2300 492 2346 γὰρ
511 2301 529 2334 ὁ
547 2299 742 2336 ποντισθεὶς

335 2352 510 2399 Μυρτίλος
528 2352 698 2398 ἐκοιμάθη,

335 2403 545 2451 παγχρύσων
564 2405 599 2439 ἐκ
618 2406 750 2453 δίφρων

335 2458 514 2493 δυστάνοις
531 2458 652 2494 αἰκίαις

334 2511 514 2557 πρόρριζος
532 2510 715 2558 ἐκριφθεὶς,

335 2564 376 2597 οὔ
393 2563 427 2598 τί
443 2577 496 2598 πω

336 2616 454 2651 ἔλιπεν
473 2616 508 2650 ἐκ
526 2615 616 2651 τοῦδ’
636 2614 729 2651 οἴκου

336 2667 531 2705 πολύπονος
548 2669 650 2704 αἰκία.

236 2725 306 2756 ΚΛ.
335 2721 487 2766 ἀνειμένη
505 2722 578 2766 μὲν,
599 2722 643 2758 ὡς
661 2723 780 2765 ἔοικας,
801 2721 843 2758 αὖ
862 2723 1019 2770 στρέφει.

338 2774 378 2808 οὐ
395 2774 462 2821 γὰρ
479 2774 621 2821 πάρεστ’
642 2773 817 2822 Αἴγισθος,
838 2775 875 2813 ὅς
893 2776 926 2812 σ’
948 2774 1054 2822 ἐπεῖχ’
1072 2776 1124 2811 ἀεὶ

337 2825 381 2871 μή
400 2841 453 2860 τοι
472 2826 610 2874 θυραίαν
627 2827 659 2864 ’ν’
679 2827 786 2863 οὖσαν
803 2828 978 2875 αἰσχύνειν
996 2830 1135 2876 φίλους·

339 2882 397 2914 νῦν
415 2878 443 2914 δ’
464 2880 508 2916 ὡς
526 2879 637 2915 dmm-
667 2883 802 2922 εκεῖνος,
822 2882 920 2916 οὐδὲν
938 2882 1087 2928 ἐντρέπει

341 2932 422 2977 ἐμοῦ
439 2940 493 2979 γε·
523 2933 629 2968 καίτοι
647 2934 764 2969 πολλὰ
780 2935 866 2980 πρὸς
883 2933 1038 2971 πολλούς
1055 2949 1096 2980 με
1115 2934 1154 2979 δὴ

340 2984 474 3029 ἐξεῖπας
492 2985 536 3021 ὣς
554 2985 696 3032 θρασεῖα
715 2987 768 3021 καὶ
785 2987 873 3033 πέρα
892 2987 984 3031 δίκης

342 3037 449 3084 ἄρχω,
470 3037 724 3085 καθυβρίζουσα
742 3039 795 3074 καὶ
815 3040 856 3074 σὲ
875 3040 928 3074 καὶ
946 3040 987 3074 τὰ
1006 3040 1066 3074 σά.

340 3091 406 3136 ἐγὼ
425 3090 453 3125 δ’
473 3088 573 3136 ὕβριν
589 3091 651 3135 μὲν
668 3091 727 3125 οὐκ
746 3092 826 3137 ἔχω·
857 3095 963 3128 κακῶς
982 3092 1020 3127 δέ
1038 3107 1079 3127 σε

339 3142 432 3189 λέγω
451 3146 558 3179 κακῶς
575 3142 727 3178 κλύουσα
744 3145 830 3190 πρὸς
849 3144 950 3179 σέθεν
968 3144 1067 3189 θαμά.

340 3195 450 3241 πατὴρ
467 3196 545 3242 γὰρ,
566 3196 663 3231 οὐδὲν
681 3196 770 3231 ἄλλο
790 3197 848 3231 σοὶ
865 3197 1039 3242 πρόσχημ’
1059 3197 1123 3238 ἀεὶ,

342 3248 387 3284 ὧς
405 3248 443 3292 ἐξ
462 3249 543 3293 ἐμοῦ
561 3248 728 3291 τέθνηκεν.
759 3249 796 3293 ἐξ
815 3249 908 3295 ἐμοῦ·
939 3252 1049 3286 καλῶς

342 3301 467 3344 ἔξοιδα·
497 3300 592 3335 τῶνδ’
612 3301 751 3349 ἄρνησις
770 3302 829 3336 οὐκ
847 3302 960 3337 ἔνεστί
976 3317 1046 3347 μοι.

341 3352 362 3397 ἡ
379 3353 446 3400 γὰρ
465 3353 547 3398 Δίκη
567 3368 617 3388 νιν
635 3350 740 3394 εἶλεν,
761 3354 820 3388 οὐκ
839 3354 905 3401 ἐγὼ
922 3356 1018 3400 μόνη,

341 3402 365 3450 ᾗ
381 3407 469 3452 χρῆν
487 3403 521 3440 σ·’
539 3405 686 3453 ἀρήγειν,
707 3406 736 3441 εἰ
754 3406 920 3453 φρονοῦσ’
941 3406 1134 3454 ἐτύγχανες·

342 3458 415 3494 ἐπεὶ
432 3457 542 3505 πατὴρ
560 3457 658 3495 οὗτος
676 3460 749 3499 σὸς,
770 3458 808 3494 ὃν
827 3459 956 3506 θρηνεῖς
973 3460 1036 3503 ἀεὶ,

344 3510 405 3555 τὴν
422 3510 488 3556 σὴν
505 3510 647 3557 ὅμαιμον
664 3514 787 3558 μοῦνος
803 3511 980 3557 Ἐλλήνων
997 3514 1078 3558 ἔτλη

344 3563 446 3598 θῦσαι
465 3563 606 3603 θεοῖσιν,
625 3565 685 3599 οὐκ
703 3563 782 3599 ἴσον
800 3566 912 3605 καμὼν
930 3566 1002 3605 ἐμοὶ

344 3613 467 3658 λύπης,
487 3615 535 3650 ὅτ’
555 3616 698 3662 ἔσπειρ’,
719 3618 836 3664 ὥσπερ
856 3616 874 3661 ή
893 3616 1043 3652 τίκτουσ’
1064 3617 1144 3663 ἐγώ.

1215 2418 1278 2451 510

1218 2683 1277 2716 5¹5

1219 2947 1282 2980 520

1219 3210 1278 3243 5²5

1223 3475 1282 3507 530

1292 1354 1293 1361 ¹
1312 1357 1388 1388 HA.

1316 1571 1387 1601 KA.

1315 1681 1389 1712 HA.

1081 297 1481 342 ΣΟΦΟΚΛΕΟΥΣ

1406 394 1483 436 εἶεν,
1504 392 1642 438 δίδαξον
1660 389 1700 436 δή
1719 404 1761 436 με
1779 391 1840 426 τοῦ
1858 389 1958 437 χάριν
1974 387 2075 427 τίνων

1406 450 1528 485 ἔθυσεν
1546 444 1658 491 αὐτήν.
1687 445 1832 491 πότερον
1848 440 2011 490 Ἀργείων
2028 441 2115 488 ἐρεῖς
2129 451 2139 480 3

1407 501 1486 538 ἀλλ’
1507 501 1547 536 οὐ
1565 501 1668 545 μετῆν
1685 498 1820 533 αὐτοῖσι
1837 495 1898 542 τήν
1914 495 1947 543 γ’
1967 494 2050 540 ἐμὴν
2067 492 2213 531 κτανεῖν.

1408 554 1488 591 ἀλλ’
1509 553 1577 589 ἀντ’
1598 551 1754 597 ἀδελφοῦ
1772 550 1856 595 δῆτα
1873 547 2037 584 Μενέλεω
2056 546 2184 582 κτανὼν

1406 608 1480 653 τᾶμ’
1501 607 1561 642 οὐκ
1580 607 1705 651 ἔμελλε
1722 602 1828 639 τῶνδέ
1843 616 1901 648 μοι
1919 602 2043 639 δώσειν
2061 599 2176 643 δίκην;

1405 663 1551 708 πότερον
1570 658 1683 706 ἐκείνῳ
1701 657 1818 693 παῖδες
1835 656 1895 691 οὐκ
1913 653 2002 699 ἦσαν
2020 654 2148 691 διπλοῖ,

2289 447 2347 484 535

1407 713 1465 750 οὓς
1483 714 1589 759 τῆσδε
1607 713 1742 757 μᾶλλον
1760 709 1848 746 εἰκὸς
1864 707 1905 753 ἦν
1923 706 2093 752 θνήσκειν,
2111 704 2240 752 πατρὸς
2294 714 2356 747 540

1409 768 1463 802 καὶ
1481 766 1607 813 μητρὸς
1624 763 1734 804 ὄντας,
1753 762 1793 808 ἧς
1811 764 1830 797 ὁ
1847 763 1958 798 πλοῦς
1975 759 2023 795 ὅδ’
2042 757 2084 804 ἦν
2100 757 2213 805 χάριν,

1408 820 1429 865 ἢ
1447 824 1514 855 τῶν
1532 818 1620 864 ἐμῶν
1632 816 1751 862 Ἀιδης
1769 815 1829 851 τιν*
1849 813 1964 862 ἵμερον
1980 812 2104 852 τέκνων

1410 873 1429 918 ἢ
1448 877 1515 908 τῶν
1534 871 1659 915 ἐκείνης
1677 871 1763 916 ἔσχε
1781 867 1968 905 δαίσασθαι
1986 865 2094 902 πλέον
2109 877 2118 906 ;

1411 926 1430 972 ἢ
1450 929 1496 974 τῷ
1515 926 1665 961 πανώλει
1682 923 1786 971 πατρὶ
1803 926 1870 958 τῶν
1887 921 1948 968 μὲν
1966 920 2005 964 ἐξ
2023 919 2106 964 ἐμοῦ

1410 979 1539 1015 παίδων
1556 977 1663 1014 πόθος
1680 978 1833 1024 παρεῖτο,
1853 973 2014 1010 Μενέλεω
2033 971 2061 1008 δ’
2083 971 2159 1016 ἐνῆν
2174 982 2183 1010 ;

1413 1033 1452 1067 οὐ
1471 1029 1562 1067 ταῦτ’
1582 1029 1736 1074 ἀβούλου
1755 1030 1810 1065 καὶ
1828 1029 1930 1064 κακοῦ
1947 1027 2083 1074 γνώμην
2099 1023 2227 1070 πατρός
2243 1034 2251 1062 ;

1413 1086 1500 1121 δοκῶ
1518 1084 1591 1130 μὲν.
1613 1083 1642 1119 εἰ
1662 1083 1715 1118 καὶ
1734 1084 1799 1128 σῆς
1818 1082 1899 1127 δίχα
1915 1080 2050 1127 γνώμης
2066 1078 2172 1124 λέγω.

1414 1138 1499 1185 φαίη
1518 1136 1547 1173 δ’
1567 1137 1608 1172 ἂν
1624 1136 1644 1182 ἦ
1664 1136 1817 1172 θανοῦσά
1833 1134 1879 1182 γ’,
1899 1133 1929 1169 εἰ
1947 1131 2066 1179 φωνὴν
2081 1129 2202 1173 λάβοι.

1414 1192 1480 1238 ἐγὼ
1499 1191 1560 1236 μὲν
1578 1189 1638 1226 οὖν
1655 1190 1716 1225 οὐκ
1734 1189 1801 1235 εἰμὶ
1819 1189 1891 1224 τοῖς
1907 1184 2157 1233 πεπραγμένοις

1416 1243 1602 1290 δύσθυμος·
1633 1243 1663 1278 εἷ
1681 1241 1718 1280 δὲ
1738 1240 1796 1278 σοὶ
1815 1242 1903 1277 δοκῶ
1921 1239 2064 1287 φρονεῖν
2082 1239 2190 1272 κακῶς

1414 1299 1548 1345 γνώμην
1566 1297 1696 1332 δικαίαν
1715 1298 1866 1342 σχοῦσα,
1886 1293 1966 1329 τοὺς
1983 1291 2093 1328 πέλας
2110 1288 2215 1336 ψέγε.

1416 1351 1502 1398 ἐρεῖς
1520 1351 1581 1397 μὲν
1599 1351 1678 1396 οὐχὶ
1696 1351 1754 1384 νῦν
1770 1348 1812 1396 γέ
1829 1348 1863 1393 μ’
1883 1348 1928 1383 ὣς
1946 1345 2082 1393 ἄρξασά
2099 1357 2132 1378 τι

1414 1406 1569 1452 λυπηρὸν
1588 1401 1659 1439 εἶτα
1678 1405 1744 1438 σοῦ
1762 1400 1835 1437 τάδ’
1855 1397 2012 1445 ἐξήκουσ’
2031 1396 2113 1433 ὕπο·

1416 1458 1495 1493 ἀλλ’
1515 1457 1555 1503 ἢν
1574 1458 1661 1504 ἐφῇς
1678 1470 1747 1501 μοι,
1768 1457 1829 1490 τοῦ
1847 1453 2046 1498 τεθνηκότος
2064 1449 2098 1485 θ’
2118 1446 2204 1494 ὕπερ

1416 1510 1548 1557 λέξαιμ’
1570 1511 1610 1546 ἂν
1627 1509 1737 1557 ὀρθῶς
1754 1510 1814 1554 τῆς
1832 1504 2036 1551 κασιγνήτης
2054 1503 2088 1539 θ’
2109 1503 2207 1544 ὁμοῦ.

1418 1567 1470 1598 Καὶ
1490 1566 1555 1612 μὴν
1573 1560 1703 1611 ἐφίημ’·
1733 1562 1763 1597 εἷ
1781 1561 1820 1597 δέ
1835 1561 1868 1607 μ’
1889 1559 1945 1595 ὧδ’
1965 1559 2017 1593 ἀεὶ
2033 1557 2158 1604 λόγους

1419 1617 1572 1665 ἐξῆρχες,
1593 1618 1653 1653 οὐκ
1671 1616 1712 1652 ἂν
1728 1614 1821 1661 ἦσθα
1837 1613 1974 1658 λυπηρὰ
1993 1609 2120 1647 κλύειν.

1419 1673 1473 1708 καὶ
1520 1671 1558 1716 δὴ
1604 1669 1695 1716 λέγω
1742 1681 1813 1702 σοι.

1472 1723 1513 1762 ἂν

1419 1775 1541 1811 τούτου
1558 1775 1665 1821 λόγος
1681 1769 1804 1819 γένοιτ’
1824 1770 1864 1806 ἂν
1882 1767 2028 1814 αἰσχίων
2045 1767 2108 1807 ἔτι,

1423 1827 1480 1865 εἶτ’
1501 1826 1560 1864 οὖν
1578 1826 1713 1863 δικαίως
1731 1822 1799 1860 εἴτε
1817 1822 1884 1870 μή;
1913 1821 2007 1866 λέξω
2024 1820 2063 1856 δέ
2081 1833 2139 1855 σοι

1422 1884 1466 1920 ὧς
1484 1882 1524 1917 οὗ
1543 1881 1617 1925 δίκῃ
1634 1878 1666 1927 γ’
1686 1880 1844 1918 ἔκτεινας,
1864 1876 1957 1912 ἀλλά
1976 1874 2008 1910 σ’
2029 1875 2164 1909 ἔσπασε

1422 1935 1527 1972 πειθὼ
1547 1935 1649 1969 κακοῦ
1666 1933 1752 1979 πρὸς
1771 1931 1903 1977 ἀνδρὸς,
1924 1925 1951 1979 ᾧ
1969 1930 2071 1964 τανῦν
2089 1924 2194 1971 ξύνει.

1425 1990 1504 2033 ἐροῦ
1523 1988 1559 2023 δὲ
1577 1986 1638 2031 τὴν
1657 1985 1800 2031 κυναγὸν
1810 1982 1975 2029 Ἀρτεμιν
1992 1981 2084 2017 τίνος

1430 2041 1549 2075 ποινὰς
1565 2039 1608 2073 τὰ
1625 2038 1742 2074 πολλὰ
1759 2036 1919 2082 πνεύματ’
1937 2035 2014 2082 ἔσχ’
2034 2036 2070 2070 ἐν
2087 2034 2222 2070 Αὐλίδι·

1431 2091 1450 2136 ἢ
1469 2091 1529 2138 ’γὼ
1548 2091 1690 2138 φράσω·
1719 2090 1827 2134 κείνης
1843 2090 1910 2136 γὰρ
1929 2089 1968 2123 οὗ
1987 2088 2082 2134 θέμις
2098 2087 2229 2133 μαθεῖν.

1431 2143 1542 2191 πατήρ
1560 2143 1641 2179 ποθ’
1662 2143 1777 2188 οὑμὸς,
1798 2143 1843 2179 ὡς
1861 2142 1927 2189 ἐγὼ
1946 2140 2051 2181 κλύω,
2072 2141 2150 2176 θεᾶς

1432 2197 1560 2240 παίζων
1578 2196 1647 2231 κατ’
1667 2197 1777 2232 ἄλσος
1796 2195 1988 2239 ἐξεκίνησεν
2004 2195 2124 2230 ποδοῖν

1435 2250 1571 2284 στικτὸν
1590 2250 1757 2296 κεράστην
1775 2248 1920 2294 ἔλαφον,
1941 2246 1981 2282 οὗ
2000 2247 2083 2282 κατὰ
2102 2246 2244 2294 σφαγὰς

1434 2302 1650 2347 ἐκκομπάσας
1668 2302 1750 2337 ἔπος
1769 2315 1803 2335 τι
1820 2301 1980 2347 τυγχάνει
1997 2300 2128 2341 βαλών.

1433 2355 1494 2390 κάκ
1512 2355 1610 2389 τοῦδε
1628 2354 1803 2400 μηνίσασα
1822 2352 1941 2402 Λητῴα
1960 2355 2040 2400 κόρη

1436 2407 1560 2453 κατεῖχ’
1579 2406 1750 2452 Ἀχαιοὺς,
1772 2407 1816 2442 ὡς
1833 2406 1944 2453 πατὴρ
1963 2404 2192 2451 ἀντίσταθμον

1434 2463 1494 2495 τοῦ
1513 2460 1614 2507 θηρὸς
1633 2458 1785 2494 ἐκθύσειε
1803 2459 1864 2504 τὴν
1881 2459 1984 2494 αὑτοῦ
2003 2460 2115 2505 κόρην.

1436 2513 1492 2548 ὧδ’
1511 2511 1551 2557 ἦν
1568 2513 1611 2547 τὰ
1629 2512 1736 2556 κείνης
1755 2510 1884 2557 θύματ’·
1915 2512 1955 2546 οὗ
1972 2512 2039 2558 γὰρ
2057 2509 2098 2553 ἦν
2114 2509 2218 2547 λύσις
2259 2523 2261 2525 ’

1434 2566 1524 2610 ἅλλη
1544 2566 1680 2613 στρατῷ
1697 2565 1783 2612 πρὸς
1801 2562 1892 2600 οἶκον
1910 2564 1980 2600 οὐδ’
2000 2564 2048 2600 εἷς
2057 2562 2182 2600 Ἴλιον.

1435 2618 1505 2653 ἀνθ’
1527 2618 1572 2653 ῶν
1589 2617 1747 2661 βιασθεὶς
1764 2618 1881 2653 πολλὰ
1900 2617 2059 2660 κάντιβὰς
2076 2618 2176 2662 μόλις

1436 2671 1558 2707 ἔθυσεν
1576 2670 1688 2715 αὐτὴν,
1709 2670 1787 2716 οὐχὶ
1806 2669 1964 2705 Μενέλεω
1982 2670 2095 2717 χάριν.

1437 2724 1466 2759 εἶ
1485 2724 1513 2758 δ’
1534 2722 1603 2763 οὖν,
1624 2724 1688 2770 ἐρῶ
1705 2724 1772 2770 γὰρ
1791 2724 1844 2758 καὶ
1863 2724 1901 2758 τὸ
1921 2724 1996 2764 σὸν,
2018 2724 2126 2758 κεῖνον
2143 2722 2257 2764 θέλων

1437 2777 1663 2823 ἐπωφελῆσαι
1681 2775 1772 2811 ταῦτ’
1792 2777 1883 2823 ἔδρα,
1903 2774 2026 2811 τούτου
2045 2775 2156 2810 θανεῖν

1438 2831 1525 2876 χρῆν
1542 2829 1643 2863 αὐτὸν
1661 2826 1766 2863 οὕνεκ’
1787 2829 1823 2863 ἐκ
1842 2828 1963 2869 σέθεν;
1992 2828 2079 2877 ποίῳ
2098 2829 2209 2877 νόμως

1437 2882 1500 2929 ὅρα
1517 2881 1649 2916 τιθεῖσα
1667 2882 1764 2916 τόνδε
1781 2883 1841 2917 τὸν
1858 2883 1960 2926 νόμον
1976 2883 2116 2928 βροτοῖς

1437 2935 1482 2981 μὴ
1500 2935 1594 2979 πῆμα
1613 2937 1720 2979 σαυτῇ
1741 2935 1793 2969 καὶ
1811 2935 2011 2981 μετάγνοιαν
2028 2933 2135 2979 τιθῇς.

1439 2987 1469 3022 εἰ
1485 2987 1551 3034 γὰρ
1570 2989 1747 3031 κτενοῦμεν
1764 2986 1874 3021 ἄλλον
1891 2985 1960 3022 ἀντ’
1979 2985 2102 3027 «Ἅλου,
2123 2984 2168 3020 σύ
2186 2999 2239 3021 τοι

1438 3041 1553 3085 πρώτη
1573 3039 1685 3075 θάνοις
1702 3039 1754 3079 ἂν,
1775 3039 1804 3074 εἷ
1822 3039 1913 3084 δίκης
1930 3054 1971 3086 γε
1989 3039 2180 3086 τυγχάνοις.

1439 3091 1517 3127 ἀλλ’
1539 3091 1657 3137 εἰσόρα
1674 3092 1719 3137 μὴ
1739 3092 1872 3138 σκῆψιν
1889 3092 1949 3127 οὒκ
1967 3090 2074 3126 οὖσαν
2091 3090 2197 3136 τιθῇς.
2239 3096 2243 3102 “

1440 3144 1470 3180 εἶ
1487 3145 1554 3191 γὰρ
1572 3143 1699 3184 θέλεις,
1720 3145 1857 3189 δίδαξον
1875 3144 1946 3180 ἀνθ’
1966 3143 2045 3179 ὅτου
2063 3146 2163 3178 τανῦν

1440 3195 1606 3242 αἴσχιστα
1624 3198 1758 3232 πάντων
1775 3198 1858 3244 ἔργα
1876 3197 1993 3243 δρῶσα
2010 3197 2199 3243 τυγχάνεις,

1440 3249 1512 3295 ἥτις
1530 3247 1698 3293 ξυνεύδεις
1715 3250 1763 3298 τῷ
1780 3249 1992 3297 παλαμναίῳ,
2011 3248 2084 3294 μεθ
2104 3248 2146 3284 οὗ

1440 3301 1568 3348 πατέρα
1586 3302 1644 3336 τὸν
1662 3302 1747 3346 ἀμὸν
1763 3301 1916 3349 πρόσθεν
1934 3301 2164 3347 ἐξαπώλεσας,

1442 3355 1495 3389 καὶ
1512 3354 1732 3390 παιδοποιεῖς·
1761 3354 1841 3391 τοὺς
1859 3354 1895 3389 δὲ
1912 3353 2065 3401 πρόσθεν
2082 3353 2237 3396 εὐσεβεῖς

1441 3407 1504 3451 κάξ
1522 3406 1676 3448 εὐσεβῶν
1692 3408 1910 3449 βλαστόντας
1928 3405 2114 3449 ἐκβαλοῦσ’
2133 3406 2235 3452 ἔχεις.

1441 3463 1513 3495 πῶς
1529 3458 1622 3494 ταῦτ’
1642 3459 1849 3504 ἐπαινέσαιμ’
1869 3459 1910 3495 ἅν
1921 3472 1930 3500 ;
1959 3457 1979 3503 ἦ
1999 3459 2053 3494 καὶ
2070 3458 2160 3494 τοῦτ’
2181 3459 2277 3506 ἐρεῖς,

1443 3513 1488 3548 ὡς
1505 3513 1565 3556 τῆς
1583 3511 1748 3558 θυγατρὸς
1765 3512 1938 3548 ἀντίποινα
1954 3512 2161 3556 λαμβάνεις;

1443 3564 1607 3611 αἰσχρῶς,
1628 3564 1684 3599 ἐάν
1700 3579 1765 3611 περ
1785 3565 1838 3599 καὶ
1854 3564 1970 3611 λέγῃς.
2000 3564 2040 3598 οὗ
2057 3564 2123 3610 γὰρ
2141 3565 2245 3599 καλὸν

1446 3616 1582 3663 ἐχθροῖς
1597 3616 1779 3664 γαμεῖσθαι
1797 3618 1856 3661 τῆς
1874 3616 2040 3663 θυγατρὸς
2057 3615 2188 3652 οὕνεκα.

1868 1663 1997 1712 πατέρα
2031 1662 2101 1710 φῂς
2137 1664 2269 1698 κτεῖναι.

2315 2088 2378 2130 ⁵65

2316 2363 2379 2396 570

2318 2625 2378 2660 ⁵⁷5

2321 3148 2381 3190 ⁵85

2322 3421 2382 3453 590
