2488 3860
262 283 340 321 512

1102 279 1564 326 ΑΡΙΣΤΟΦΑΝΟΥΣ

355 378 465 417 πολὺν
481 380 604 426 χρόνον
620 377 716 415 θεοὺς
733 378 783 413 ἔτι

357 433 512 478 σκῆπτρα
528 431 616 476 τάμὰ
631 431 780 477 τρίψειν.

354 484 434 520 ἀλλ’
453 483 521 519 ὅσα
535 484 596 529 μὲν
613 483 665 518 δεῖ
685 482 779 531 ῥώμῃ
802 483 970 531 πράττειν,
990 483 1045 518 ἐπὶ
1069 484 1172 518 ταῦτα
1188 496 1284 517 τετα-

407 535 525 582 ξόμεθ’
544 535 648 581 ἡμεῖς·

353 588 421 625 ὅσα
447 589 484 625 δέ
509 589 624 636 γνώμῃ
651 588 703 624 δεῖ
724 586 913 632 βουλεύειν,
933 588 988 623 ἐπὶ
1012 588 1070 623 σοὶ
1092 587 1172 623 τάδε
1191 585 1288 624 πάντ’

407 642 585 678 ἀνάκειται.

1225 381 1285 422 635

253 699 388 730 ΕΠΟΨ.
417 694 470 729 καὶ
487 693 552 739 μὴν
568 694 615 739 μὰ
631 694 689 729 τὸν
703 692 758 729 Δί’
776 693 854 739 οὐχὶ
871 693 1044 736 νυστάζειν
1060 692 1092 740 γ’
1111 693 1159 727 ἔτι

354 747 424 793 ὥρα
440 745 530 782 ’στὶν
546 745 624 791 ἡμῖν
641 746 718 781 οὐδὲ
734 747 959 791 μελλονικιᾶν,

352 798 432 834 ἀλλ’
451 799 496 835 ὣς
512 799 658 845 τάχιστα
675 799 727 835 δεῖ
742 813 774 833 τι
793 799 886 845 δρᾶν·
914 800 1047 844 πρῶτον
1064 796 1103 832 δέ
1115 811 1152 844 γε

354 849 520 887 εἰσέλθετ’
540 852 574 889 ἐς
589 852 736 888 νεοττιάν
753 866 791 888 τε
808 850 868 896 τὴν
886 850 966 895 ἐμὴν

353 905 407 939 καὶ
424 904 512 949 τάμὰ
529 906 642 950 κάρφη
661 904 714 938 καὶ
731 903 772 937 τὰ
788 903 936 949 παρόντα
952 899 1119 949 φρύγανα,

355 956 409 992 καὶ
425 954 557 1001 τοῦνομ’
575 954 652 1001 ἡμῖν
668 956 859 1002 φράσατον.

1227 798 1288 840 640

251 1013 326 1045 HE.
887 1006 979 1041 ἀλλὰ
995 1004 1121 1052 ῥᾴδιον.

357 1061 431 1107 ἐμοὶ
447 1061 508 1107 μὲν
525 1060 629 1105 ὄνομα
646 1059 898 1106 Πεισθέταιρος.
953 1063 1089 1094 ΕΠΟΨ.
1118 1057 1239 1106 τῳδεδί
1248 1069 1258 1098 3

250 1119 325 1150 HE.
351 1113 539 1158 Εὐελπίδης
555 1112 715 1160 Κριῶθεν.
1228 1113 1288 1155 645

251 1171 390 1202 ΕΠΟΨ.
753 1164 844 1199 ἀλλὰ
860 1163 1017 1210 χαίρετον

355 1218 470 1264 ἄμφω.
526 1222 600 1252 ΠΕ.
630 1215 804 1263 δεχόμεθα.

252 1276 389 1306 ΕΠΟΨ.
908 1269 1006 1315 δεῦρο
1023 1267 1133 1303 τοίνυν
1150 1265 1288 1303 εἴσιτον.

251 1329 327 1359 HE.
354 1321 467 1369 ἰ’ωμεν·
496 1322 634 1369 εἰσηγοῦ
653 1321 698 1356 σὺ
714 1321 832 1363 λαβὼν
849 1319 945 1366 ἡμᾶς.
1000 1325 1138 1356 ΕΠΟΨ.
1164 1318 1227 1357 ἰ’θι.

252 1381 328 1412 ΠΕ.

356 1376 440 1422 ἀτὰρ
457 1376 496 1410 τὸ
514 1375 603 1409 δεῖνα
620 1373 707 1420 δεῦρ’
727 1374 972 1420 ἐπανάκρουσαι
989 1373 1103 1408 πάλιν.

355 1427 431 1474 φέρ’
449 1425 522 1467 ἰ’δω,
542 1427 680 1474 φράσον
697 1430 771 1475 νῷν,
789 1429 861 1462 πῶς
878 1426 944 1473 ἐγώ
962 1439 999 1460 τε
1015 1425 1159 1471 χούτοσὶ

356 1479 556 1524 ξυνεσόμεθ’
574 1479 651 1525 ὑμῖν
667 1478 860 1524 πετομένοις
877 1478 917 1513 οὐ
933 1477 1103 1523 πετομένω
1116 1491 1125 1519 ;

1229 1481 1293 1524 650

253 1537 388 1568 ΕΠΟΨ.
418 1533 538 1568 καλῶς.

253 1591 328 1620 HE.

589 1583 651 1631 ὅρα
669 1598 725 1619 νυν
743 1584 787 1620 ὡς
806 1584 840 1618 ἐν
858 1583 1019 1618 Αἷσώπου
1036 1584 1153 1630 λόγοις

358 1637 451 1672 ἐστὶν
467 1638 649 1683 λεγόμενον
668 1635 707 1681 δή
725 1651 769 1676 τι,
788 1636 848 1681 τὴν
864 1635 1026 1681 ἀλώπεχ’,
1046 1636 1090 1671 ὡς

357 1687 520 1736 φλαύρως
538 1690 754 1734 ἐκοινώνησεν
770 1688 856 1737 ἀετῷ
874 1690 968 1723 ποτέ.

256 1747 392 1777 ΕΠΟΨ.
420 1742 521 1786 μηδὲν
539 1741 707 1787 φοβηθῇς·
737 1742 811 1776 ἔστι
828 1742 893 1788 γάρ
911 1754 943 1775 τι
960 1740 1077 1787 ῥίζιον,

256 1853 331 1883 ΠΕ.

257 1956 328 1987 XO.

253 2009 326 2039 XO.

255 2270 330 2301 ΠΕ.

257 2373 322 2403 ΕΥ.

256 2481 391 2512 ΕΠΟΨ.
437 2477 514 2512 ἀλλ’
551 2478 581 2513 εἷ
616 2480 707 2514 δοκεῖ
742 2480 855 2528 σφῷν,
891 2482 994 2515 ταῦτα
1028 2478 1094 2526 χρὴ
1130 2479 1222 2526 δρᾶν.
1274 2477 1292 2523 ἡ

255 2638 329 2670 ΠΕ.

256 2743 324 2774 ΕΥ.

257 2848 333 2877 ΠΕ.

252 2899 323 2930 ΕΥ.

255 2952 330 2982 ΠΕ.

256 3004 324 3034 EY.

256 3108 392 3139 ΕΠΟΨ.
420 3102 532 3149 ἴωμεν.

256 3160 325 3190 XO.

359 1793 378 1828 ὃ
397 1793 601 1841 διατραγόντ’
620 1793 766 1829 ἔσεσθον
783 1793 1010 1839 ἐπτερωμένω.

359 1844 446 1881 οὕτω
463 1847 523 1891 μὲν
541 1846 709 1891 εἰσίωμεν.
739 1846 799 1892 ἅγε
817 1846 869 1890 δὴ,
889 1845 1013 1881 Ξανθία

361 1899 414 1934 καὶ
432 1899 625 1945 Μανόδωρε,
643 1900 830 1943 λαμβάνετε
849 1898 890 1932 τὰ
909 1899 1100 1944 στρώματα.

358 1950 467 1992 οὗτος,
487 1951 528 1986 σὲ
546 1953 637 1986 καλῶ
656 1951 697 1986 σε’
715 1952 818 1986 καλῶ.
874 1955 1010 1985 ΕΠΟΨ.
1039 1951 1072 1984 τί
1090 1951 1222 1990 καλεῖς;

732 2004 870 2043 τούτους
885 2006 947 2051 μὲν
963 2005 1053 2053 ἄγων
1069 2006 1152 2052 μετὰ
1170 2009 1297 2042 σαυτοῦ

356 2056 535 2104 ἀρίστισον
565 2056 614 2092 εὖ·
644 2058 704 2103 τὴν
730 2057 759 2093 δ’
786 2057 932 2104 ἡδυμελῆ
965 2057 1146 2106 ξύμφωνον
1175 2059 1297 2104 ἀηδόνα

409 2108 563 2146 Μούσαις

357 2162 533 2208 κατάλειφ’
553 2161 630 2208 ἡμῖν
647 2163 735 2211 δεῦρ’
754 2164 953 2207 ἐκβιβάσας,
968 2162 1020 2199 ἵνα
1037 2163 1214 2208 παίσωμεν
1223 2163 1294 2208 μετ’

413 2215 547 2260 ἐκείνης.
1234 2219 1296 2252 660

359 2266 385 2302 ὦ
402 2270 501 2302 τοῦτο
519 2268 631 2313 μέντοι
649 2268 687 2314 νὴ
707 2268 762 2304 Δί’
781 2270 932 2304 αὐτοῖσιν
948 2269 1063 2305 πιθοῦ·

359 2319 544 2362 ἐκβίβασον
561 2321 598 2356 ἐκ
615 2324 675 2356 τοῦ
691 2323 862 2366 βουτόμου
879 2321 1076 2368 τούρνίθιον,

361 2372 547 2415 ἐκβίβασον
564 2374 665 2408 αὐτοῦ
682 2375 767 2420 πρὸς
785 2374 870 2409 θεῶν
886 2374 1000 2420 αὐτὴν,
1019 2372 1071 2409 ἵνα

360 2424 413 2459 καὶ
431 2425 476 2460 νὼ
494 2425 718 2471 θεασώμεσθα
735 2426 794 2471 τὴν
811 2427 945 2472 ἀηδόνα.

1234 1795 1293 1837 655

409 2531 541 2576 Πρόκνη
1230 2535 1289 2576 665,

357 2582 500 2626 ἔκβαινε,
520 2584 573 2618 καὶ
592 2584 718 2629 σαυτὴν
736 2584 900 2620 ἐπιδείκνυ
917 2587 988 2621 τοῖς
1005 2583 1124 2628 ξένοις.

356 2633 382 2668 ὦ
400 2637 462 2669 Ζεῦ
479 2636 694 2682 πολυτίμηθ’,
715 2637 759 2674 ὣς
777 2639 879 2673 καλὸν
895 2637 1094 2685 τούρνίθιον,

358 2687 402 2723 ὡς
419 2686 448 2722 δ’
467 2690 609 2729 ἁπαλὸν,
629 2690 673 2726 ὡς
690 2690 726 2725 δὲ
743 2691 874 2726 λευκόν.

943 2741 1007 2789 ἆρά
1023 2742 1056 2791 γ’
1075 2739 1168 2778 οἷσθ’
1187 2741 1238 2778 ὅτι

359 2791 424 2836 ἐγὼ
442 2792 660 2840 διαμηρίζοιμ’
679 2794 719 2829 ἂν
736 2795 836 2840 αὗτὴι
855 2795 957 2838 ἡδέως
971 2808 980 2836 ;

359 2842 443 2879 ὅσον
459 2843 488 2879 δ’
507 2846 578 2890 ἕχει
594 2847 653 2881 τὸν
669 2848 811 2893 χρυσὸν,
832 2847 948 2894 ὥσπερ
965 2847 1139 2894 παρθένος.

358 2896 423 2942 ἐγὼ
439 2897 500 2941 μὲν
517 2898 618 2942 αὐτὴν
634 2899 688 2933 καὶ
705 2900 855 2945 φιλῆσαί
870 2915 928 2945 μοι
946 2901 1043 2936 δοκῶ.

356 2947 446 2989 ἀλλ’,
467 2948 493 2982 ὦ
510 2951 717 2995 κακόδαιμον,
735 2950 863 2998 ῥύγχος
880 2952 1077 2993 ὀβελίσκοιν
1094 2953 1177 2998 ἔχει.

357 2999 435 3035 ἀλλ’
454 3001 570 3048 ὥσπερ
588 3002 655 3050 ᾠὸν
672 3003 709 3047 νὴ
729 3004 784 3039 Δί’
803 3004 1027 3050 ἀπολέψαντα
1044 3006 1110 3052 χρὴ

358 3051 424 3086 ἀπὸ
441 3054 500 3097 τῆς
518 3055 669 3099 κεφαλῆς
685 3057 724 3090 τὸ
741 3056 853 3101 λέμμα
870 3054 946 3102 κᾷθ’
965 3055 1051 3091 οὔτω
1069 3059 1196 3103 φιλεῖν.

587 3112 662 3141 ΠΕ.
691 3107 774 3154 ἡγοῦ
794 3108 833 3153 δὴ
852 3109 897 3144 σὺ
915 3111 978 3158 νῷν
995 3108 1179 3157 τῦχάγαθῇ.

355 3155 381 3190 ὦ
399 3157 497 3202 φίλη,
518 3156 544 3191 ὦ
561 3158 678 3203 ξουθὴ,

359 3208 386 3243 ὦ
404 3208 570 3254 φίλτατον
586 3210 720 3256 ὀρνέων,

358 3261 490 3296 πάντων
507 3260 647 3306 ξύννομε
664 3266 730 3297 τῶν
748 3263 834 3308 ε’μῶν

359 3311 469 3358 ὕμνων
486 3312 646 3360 ξύντροφ’
666 3315 772 3358 ἀηδοῖ,

359 3363 461 3409 ἦλθες
477 3363 591 3409 ἦλθες.
610 3365 738 3412 ὤφθης»

358 3416 438 3461 ἡδὺν
455 3417 610 3465 φθόγγον
627 3419 700 3463 ἐμοὶ
718 3417 872 3465 φέρουσ’.

358 3468 449 3508 ἀλλ’,
470 3469 496 3503 ὦ
514 3471 701 3512 καλλιβόαν
718 3470 870 3517 κρέκᾰυσ’

359 3521 463 3556 αὐλὸν
479 3522 674 3568 φθέγμασιν
690 3520 824 3569 ἠρινοῖς,

359 3572 466 3619 ἄρχου
482 3577 548 3610 τῶν
565 3574 791 3612 ἀναπαίστων.

1233 2850 1294 2891 670

1233 3112 1292 3153 675

1229 3373 1291 3406 680

1419 379 1507 426 Ἀγε
1529 377 1568 423 δὴ
1593 376 1703 424 φύσιν
1725 376 1842 424 ἅνδρες
1865 377 2076 426 ἀμαυρόβιοι,
2101 376 2247 425 φύλλων
2271 380 2368 426 γενεᾷ

1480 432 1695 478 προσόμοιοι,
2305 434 2367 475 685

1431 482 1674 530 ὀλιγοδρανέες,
1706 481 1892 527 πλάσματα
1927 484 2050 527 πηλοῦ,
2083 481 2250 519 σκιοειδέα
2283 481 2370 529 φῦλ’

1482 535 1638 580 ἀμενηνὰ,

1431 588 1572 632 ἀπτῆνες
1606 587 1794 634 ἐφημέριοι,
1826 587 1946 622 ταλαοὶ
1980 587 2110 635 Βροτοὶ,
2143 587 2256 635 ἀνέρες
2286 587 2370 624 εἶκε-

1482 641 1643 686 λόνειροι,

1431 693 1603 740 πρόσχετε
1625 692 1683 727 τὸν
1707 693 1785 727 νοῦν
1806 692 1878 727 τοῖς
1900 690 2074 728 ἀθανάτοις
2098 691 2186 737 ἡμῖν,
2210 693 2281 729 τοῖς
2301 691 2372 729 alb

1484 745 1592 784 ἐοῦσι,

1432 799 1503 834 τοῖς
1532 796 1701 843 αἰθερίοις,
1729 797 1839 830 τοῖσιν
1871 794 2015 844 ἀγήρῳς,
2042 798 2113 833 τοῖς
2143 795 2272 843 ἄφθιτα
2306 811 2371 843 μη-

1485 849 1687 894 δομὲνοισιν.

1432 899 1472 938 ἶν’
1499 899 1702 937 ἀκούσαντες
1724 900 1832 936 πάντα
1857 899 1935 947 παρ’
1959 898 2051 946 ἡμῶν
2076 900 2185 947 ὀρθῶς
2206 901 2284 948 περὶ
2307 905 2374 938 τῶν

1486 955 1672 1001 μετεώρων,
2309 958 2372 1001 690

1435 1004 1545 1054 φύσιν
1561 1007 1687 1041 οἰωνῶν
1697 1004 1833 1051 γένεσίν
1849 1018 1887 1040 τε
1899 1004 1984 1040 θεῶν
1999 1009 2157 1051 ποταμῶν
2168 1005 2198 1042 τ’
2210 1005 2374 1054 Ἐρέβους

1487 1073 1525 1094 τε
1540 1059 1652 1095 Χάους
1668 1072 1705 1093 τε

1436 1111 1561 1148 εἰδότες
1577 1110 1686 1158 ὀρθῶς
1701 1109 1779 1157 παρ’
1798 1109 1880 1155 ἐμοῦ
1898 1109 2055 1159 Προδίκῳ
2072 1110 2187 1147 κλάειν
2203 1109 2317 1157 εἴπητε
2333 1113 2374 1148 τὸ

1490 1164 1624 1200 λοιπόν.

1436 1218 1527 1253 Χάος
1551 1214 1592 1261 ἦν
1618 1215 1671 1251 καὶ
1698 1214 1773 1260 Νὺξ
1793 1213 1942 1262 Ἔρεβός
1970 1229 2007 1249 τε
2032 1215 2139 1260 μέλαν
2163 1219 2297 1263 πρῶτον
2322 1217 2375 1253 καὶ

1488 1270 1658 1316 Τάρταρος
1676 1266 1784 1315 εὐρύς·

1437 1323 1481 1370 γῆ
1508 1321 1538 1357 δ’
1568 1320 1638 1356 οὔδ’
1665 1320 1728 1367 ἀὴρ
1755 1319 1823 1356 οὐδ’
1852 1319 1990 1366 οὐρανὸς
2015 1317 2067 1364 ἦν·
2098 1318 2261 1368 Ἐρέβους
2286 1319 2316 1358 δ’
2342 1322 2376 1358 ἐν

1491 1373 1648 1420 ἀπείροσι
1666 1374 1810 1412 κόλποις,

1440 1427 1543 1463 τίκτει
1565 1427 1758 1473 πρώτιστον
1779 1425 1958 1470 ὑπηνέμιον
1985 1424 2059 1469 Νὺξ
2086 1424 2107 1470 ἦ
2130 1428 2378 1474 μελανόπτερος

1491 1479 1569 1528 ᾠὸν,
2316 1483 2376 1525 695

1441 1532 1480 1577 ἐξ
1509 1531 1550 1567 οὗ
1580 1530 1874 1578 περιτελλομέναις
1904 1530 2004 1577 ὥραις
2033 1530 2209 1573 ἔβλαστεν,
2228 1529 2342 1580 Ἔρως
2359 1535 2379 1568 ὁ

1490 1584 1656 1624 ποθεινὸς,

1443 1638 1595 1680 στίλβων
1631 1640 1735 1672 νῶτον
1772 1634 1952 1683 πτερύγοιν
1989 1638 2146 1684 χρυσαῖν,
2179 1636 2273 1674 εἶκῶς
2303 1638 2378 1674 ἀνε-

1493 1690 1621 1735 μώκεσι
1639 1689 1754 1725 δίναις.

1442 1741 1539 1778 οὗτος
1565 1742 1602 1777 δὲ
1628 1742 1709 1776 Χάει
1725 1741 1897 1788 πτερόεντι
1923 1741 2032 1788 μιγεὶς
2055 1741 2158 1790 νυχίῳ
2184 1743 2267 1779 κατὰ
2291 1743 2378 1791 Τάρ-

1493 1809 1594 1842 ταρον
1611 1793 1708 1841 εὐρὺν

1444 1847 1654 1883 ἐνεόττευσεν
1675 1845 1772 1894 γένος
1794 1845 1965 1892 ἡμέτερον,
1985 1846 2039 1881 καὶ
2063 1849 2197 1893 πρῶτον
2218 1846 2380 1896 ἀνήγαγεν

1497 1900 1531 1936 ἐς
1548 1900 1635 1946 φῶς.
1919 1897 2108 1944 [ξυνέμιξεν
2124 1899 2263 1949 ἅπαντα·
2320 1911 2380 1945 700

1442 1954 1606 1999 πρότερον
1632 1950 1661 1987 δ’
1688 1951 1748 1986 οὐκ
1773 1949 1815 1996 ἦν
1839 1950 1935 1997 γένος
1961 1950 2142 1994 ἀθανάτων,
2170 1952 2250 1998 πρὶν
2265 1950 2380 1999 Ἔρως

1438 2004 1709 2050 ξυμμιγνυμένων
1736 2003 1765 2039 δ’
1798 2003 1918 2050 ἐτέρων
1948 2003 2073 2051 ἑτέροις
2100 2003 2206 2050 γένετ’
2237 2005 2378 2052 οὐρανὸς

1489 2056 1629 2092 ὠκεανός
1646 2070 1684 2090 τε

1439 2108 1492 2142 καὶ
1517 2109 1559 2154 γῆ
1586 2109 1718 2143 πάντων
1743 2123 1780 2142 τε
1807 2107 1890 2143 θεῶν
1915 2108 2070 2155 μακάρων
2094 2108 2190 2156 γένος
2214 2109 2371 2157 ἄφθιτον.

1490 2160 1553 2195 ὧδε
1570 2160 1631 2205 μέν
1649 2161 1751 2205 ἐσμεν

1436 2212 1527 2248 πολὺ
1552 2211 1783 2258 πρεσβύτατοι
1809 2213 1942 2248 πάντων
1966 2214 2134 2260 μακάρων.
2162 2214 2254 2260 ἡμεῖς
2277 2214 2308 2251 δ’
2329 2217 2374 2254 ὣς

1489 2265 1592 2310 ἐσμὲν
1600 2263 1754 2311 Ἔρωτος

1435 2319 1579 2354 πολλοῖς
1590 2318 1705 2362 δῆλον·
1734 2317 1928 2363 πετόμεσθά
1945 2332 1982 2353 τε
1994 2318 2060 2365 γὰρ
2078 2319 2132 2354 καὶ
2144 2321 2255 2357 τοῖσιν
2268 2321 2372 2369 ἐρῶσι

1488 2367 1667 2415 σύνεσμεν·
2262 2372 2270 2389 f

1434 2421 1587 2458 πολλοὺς
1617 2422 1654 2457 δὲ
1684 2421 1808 2459 καλοὺς
1837 2423 2100 2468 ἀπομωμοκότας
2137 2426 2258 2463 παῖδας
2287 2428 2371 2474 πρὸς

1487 2475 1649 2522 τέρμασιν
1666 2475 1753 2522 ὥρας
2311 2490 2370 2525 705

1435 2527 1489 2562 διὰ
1525 2526 1585 2571 τὴν
1616 2526 1719 2573 ι’σχύν
1743 2527 1803 2573 τὴν
1833 2527 1993 2575 ἡμετέραν
2027 2528 2223 2577 διεμήρισαν
2255 2531 2372 2580 ἄνδρες

1486 2579 1638 2626 ἐρασταὶ,

1435 2633 1454 2666 ὁ
1471 2632 1532 2677 μὲν
1555 2631 1679 2679 ὄρτυγα
1703 2632 1792 2672 δοὺς,
1812 2634 1831 2667 ὁ
1849 2633 1885 2667 δὲ
1908 2634 2129 2681 πορφυρίων’,
2148 2637 2167 2670 ὁ
2185 2636 2222 2671 δὲ
2244 2636 2332 2683 χῆν’,
2351 2639 2370 2673 ὁ

1485 2684 1523 2719 δέ
1539 2686 1709 2731 Περσικὸν
1726 2684 1829 2732 ὄρνιν.

1433 2737 1540 2772 πάντα
1558 2737 1595 2771 δὲ
1619 2736 1748 2782 θνητοῖς
1774 2737 1868 2773 ἐστὶν
1890 2737 1952 2784 ἀφ’
1970 2737 2061 2784 ἡμῶν
2084 2743 2150 2776 τῶν
2172 2741 2313 2788 ὀρνίθων
2328 2742 2370 2777 τὰ

1484 2789 1640 2836 μέγιστα.

1432 2844 1547 2889 πρῶτα
1572 2842 1634 2887 μὲν
1659 2842 1746 2889 ὥρας
1772 2842 1939 2888 φαίνομεν
1963 2842 2056 2889 ἡμεῖς
2076 2843 2168 2892 ἦρος,
2191 2849 2366 2892 χειμῶνος,

1484 2894 1628 2941 ὀπώρας·

1435 2947 1586 2993 σπείρειν
1597 2947 1670 2992 μὲν,
1683 2945 1763 2982 ὅταν
1775 2947 1915 2994 γέρανος
1932 2948 2097 2995 κρώζουσ’
2113 2950 2147 2986 ἐς
2165 2950 2224 2996 τὴν
2241 2950 2367 2996 Λιβύην

1483 3001 1673 3045 μεταχωρῇ,
2307 3016 2368 3049 710

1434 3051 1488 3085 καὶ
1517 3052 1682 3095 πηδάλιον
1711 3053 1788 3087 τότε
1814 3052 1987 3101 ναυκλήρῳ
2019 3054 2140 3102 φράζει
2165 3058 2367 3103 κρεμάσαντι

1483 3102 1663 3144 καθεύδειν,

1432 3151 1502 3190 εἶτα
1529 3155 1557 3190 δ’
1584 3154 1730 3202 Ὀρέστῃ
1756 3158 1899 3202 χλαῖναν
1923 3157 2088 3204 ὑφαίνειν,
2115 3157 2168 3195 ἵνα
2192 3160 2238 3206 μὴ
2263 3161 2367 3210 ῥιγῶν

1483 3206 1624 3252 ἀποδύῃ.

1433 3257 1555 3296 ἰκτῖνος
1591 3259 1619 3295 δ’
1657 3258 1700 3295 αὖ
1727 3261 1811 3306 μετὰ
1847 3264 1950 3297 ταῦτα
1987 3263 2104 3309 φανεὶς
2134 3265 2248 3312 ἑτέραν
2279 3267 2366 3314 ὥραν

1482 3311 1673 3357 ἀποφαίνει,

1430 3360 1525 3406 ἡνίκα
1550 3366 1681 3399 πεκτεῖν
1707 3365 1776 3411 ὥρα
1805 3367 1985 3413 προβάτων
2014 3369 2118 3403 πόκον
2143 3366 2267 3416 ἦρινόν·
2295 3368 2366 3408 εἶτα

1482 3416 1639 3460 χελιδὼν,

1436 3464 1452 3479 0
1566 3467 1574 3480 ἱ
1686 3470 1700 3478 ³⁴
1889 3473 1903 3481 a-

1431 3480 1487 3501 οτε
1512 3481 1579 3513 χρη
1615 3470 1757 3514 χλαιναν
1794 3471 1920 3506 πωλειν
1955 3471 2017 3517 ἤδη
2054 3473 2107 3507 καὶ
2143 3475 2303 3523 λῃδάριόν
2331 3491 2362 3514 τι

1481 3516 1657 3564 πρίασθαι.
2038 3535 2096 3570 715
2152 3522 2361 3574 [Ἀπόλλων.

1431 3569 1534 3616 ε’σμὲν
1557 3571 1586 3607 δ’
1614 3572 1690 3618 ὑμῖν
1707 3572 1860 3619 Ἀμμων,
1889 3577 2033 3622 Δελφοὶ,
2057 3578 2211 3626 Δωδώνη,
2239 3583 2363 3627 Φοῖβος
