2488 3860
666 547 762 612 DE
824 549 1149 611 DUPLIGI
1207 550 1523 612 NUBIUM
1580 549 1964 613 ΕΒΙΤΙΟΝΕ,

304 1022 421 1060 DUAs
438 1023 478 1060 N
482 1024 610 1060 ubium
633 1024 814 1063 editiones
840 1025 1007 1063 extitisse
1034 1030 1148 1065 testes
1165 1031 1300 1077 praeter
1335 1028 1515 1077 originem
1531 1027 1657 1073 traxit,
1671 1026 1767 1065 hanc
1783 1027 1895 1065 etiam
1915 1037 2084 1065 caussam
2098 1026 2235 1064 habere
2252 1026 2383 1076 potuit.

253 1074 342 1112 alios
368 1075 547 1113 habemus
574 1077 648 1114 duo
675 1078 924 1127 gravissimos,
948 1079 1236 1117 Eratosthenem
1263 1086 1301 1117 et

252 1126 488 1174 Athenaeum,
521 1129 621 1167 viros
663 1129 700 1166 in
741 1131 877 1168 veteris
924 1132 1114 1169 eomoediae
1148 1133 1301 1170 historia

252 1180 385 1218 eximie
402 1186 578 1219 versatos.
632 1181 774 1220 Earum
789 1184 948 1233 primam
964 1190 1109 1221 constat
1125 1186 1300 1223 archonte

252 1232 403 1270 Isarcho
435 1235 474 1271 in
501 1247 650 1271 scenam
676 1235 792 1273 fuisse
818 1236 1051 1285 productam,
1080 1238 1301 1287 olympiadis

252 1285 599 1336 undenonagesimae
610 1300 706 1324 anno
721 1289 854 1337 primo,
867 1302 1043 1326 successu
1053 1291 1176 1328 minus
1190 1304 1301 1340 quam

252 1342 363 1386 poeta
395 1344 606 1387 speraverat
641 1338 759 1377 felici:
794 1342 915 1390 prima
947 1341 1044 1379 enim
1071 1344 1223 1392 praemia
1255 1344 1302 1380 ad

254 1389 397 1427 Cratini
420 1389 595 1441 Pytinam
618 1396 667 1437 et,
686 1406 768 1442 quae
795 1394 835 1431 in
861 1399 1019 1444 cognato
1038 1395 1217 1433 Nubibus
1245 1409 1301 1433 ar-

253 1447 429 1491 gumento
458 1449 606 1482 versata
631 1450 700 1490 est,
728 1446 899 1484 Gonnum
927 1447 1109 1496 Amipsiae
1131 1449 1302 1498 judicum

253 1495 446 1533 sententiis
474 1502 562 1534 sunt
591 1497 724 1545 delata,
751 1498 905 1536 ultimus
928 1499 1033 1537 locus
1060 1501 1302 1550 Aristophani

253 1547 373 1587 datus.
429 1548 555 1590 Quam
575 1550 711 1599 judicii
737 1564 820 1601 quae
849 1552 1045 1590 videbatur
1070 1554 1303 1603 iniquitatem

253 1613 370 1649 quum
402 1601 566 1651 graviter
598 1602 712 1641 ferret
744 1604 1028 1654 Aristophanes,
1061 1607 1101 1643 in
1134 1607 1304 1656 parabasi

253 1652 477 1702 Vesparum,
505 1667 618 1704 quam
651 1656 815 1694 fabulam
847 1657 1018 1706 proximo
1050 1664 1136 1708 post
1168 1659 1304 1697 Nubes

253 1718 349 1742 anno
377 1706 551 1744 archonte
578 1708 732 1746 Aminia
758 1710 897 1755 docuit,
921 1716 1171 1759 spectatorum
1196 1725 1303 1749 accu-

254 1758 350 1794 savit
381 1757 656 1807 hebetudinem,
696 1762 761 1811 qui
793 1762 996 1811 ingeniosis
1035 1769 1073 1801 et
1107 1765 1305 1801 subtilibus

252 1810 414 1848 inventis
430 1811 508 1849 suis
516 1812 663 1862 justum
685 1815 847 1864 pretium
864 1820 1027 1854 statuere
1049 1817 1303 1855 nescivissent.

253 1862 310 1900 Ut
327 1863 427 1901 enim
443 1865 593 1903 omnino
611 1866 656 1904 de
682 1869 786 1917 poesi
803 1881 871 1907 sua
887 1869 1087 1907 admodum
1110 1870 1305 1920 magnifice

254 1916 370 1953 sensit
398 1917 682 1967 Aristophanes,
709 1920 762 1957 ita
791 1921 924 1959 Nubes
942 1922 1130 1972 praecipuo
1159 1923 1198 1959 in
1224 1923 1306 1959 loco

253 1967 426 2006 habuisse
449 1970 617 2008 videtur:
656 1977 700 2010 ut
726 1986 802 2011 non
833 1974 1042 2011 mirandum
1072 1975 1120 2012 sit
1147 1979 1306 2024 poetam,

253 2033 328 2057 non
345 2021 489 2070 abjecta
506 2036 572 2072 spe
590 2023 723 2062 fabulae
741 2025 939 2076 aliquando
956 2026 1107 2064 meliore
1130 2040 1216 2064 curn
1233 2027 1306 2064 for-

254 2077 345 2110 tuna
378 2074 566 2120 docendae,
600 2090 734 2115 novam
774 2092 931 2128 eamque
966 2078 1107 2129 aliquot
1139 2080 1307 2130 partibus

253 2129 434 2163 mutatam
448 2139 597 2176 parasse
609 2129 820 2176 editionem,
832 2144 916 2180 quae
934 2132 1048 2169 etiam
1061 2145 1160 2170 nunc
1178 2145 1306 2181 super-

255 2182 322 2216 est.
377 2179 436 2215 Ea
460 2192 548 2217 vero
572 2194 798 2232 magnopere
825 2184 1018 2221 dubitatur
1044 2197 1091 2221 an
1116 2198 1306 2235 nunquam

254 2230 294 2266 in
312 2240 459 2268 scenam
477 2233 668 2281 prodierit.
722 2236 782 2273 De
801 2249 875 2286 qua
890 2249 930 2273 re
948 2249 1031 2286 quae
1048 2238 1308 2275 Eratosthenis

254 2283 366 2319 fuerit
385 2285 567 2322 sententia
590 2299 638 2324 ex
662 2287 801 2326 scholio
830 2289 877 2326 ad
902 2302 937 2326 v.
956 2289 1033 2326 552
1057 2291 1307 2341 cognoscitur,

254 2337 502 2386 Ἐρατοσθένης
519 2341 559 2376 δέ
584 2344 675 2389 φησι
694 2345 918 2391 Καλλίμαχον
944 2344 1097 2392 ἐγκαλεῖν
1122 2348 1195 2384 ταῖς
1213 2347 1307 2396 §aaa-

256 2393 424 2435 σκαλίαις,
444 2393 496 2430 ὅτι
514 2395 684 2443 φέρουσιν
701 2395 847 2445 ὕστερον
864 2399 966 2447 τρίτῳ
984 2399 1051 2435 ἕτει
1075 2401 1135 2437 τὸν
1153 2403 1308 2448 Μαρικᾶν

256 2449 323 2482 τῶν
349 2448 527 2494 Νεφελῶν,
551 2451 674 2497 σαφῶς
701 2451 842 2488 ἐνταῦθα
866 2451 1039 2500 εἰρημένου
1064 2453 1116 2490 ὅτι
1142 2456 1308 2502 πρότερον

257 2500 416 2536 καθεῖται.
445 2502 603 2539 λανθάνει
627 2504 655 2540 δ’
676 2506 788 2550 αὐτὸν,
809 2507 929 2553 φησὶν,
950 2505 1002 2542 ὅτι
1021 2508 1056 2543 ἐν
1081 2509 1143 2555 μὲν
1167 2510 1239 2546 ταῖς
1257 2509 1307 2544 δι·-

258 2554 456 2600 δαχθείσαις
480 2557 578 2593 οὐδὲν
602 2561 754 2595 τοιοῦτον
780 2559 919 2608 εἴρηκεν,
940 2561 975 2595 ἐν
1002 2561 1039 2597 δὲ
1066 2564 1139 2600 ταῖς
1164 2560 1310 2611 ὕστερον

258 2609 577 2648 διασκευασθείσαις
595 2612 624 2646 εἶ
641 2612 788 2660 λέγεται,
809 2615 906 2650 οὐδὲν
923 2614 1061 2651 ἄτοπον.
1094 2617 1128 2651 αἱ
1147 2617 1308 2653 διδασκα-

257 2662 329 2697 λίαι
348 2662 384 2697 δὲ
412 2663 515 2708 δῆλον
539 2664 591 2700 ὅτι
609 2666 668 2703 τὰς
686 2667 905 2715 διδαχθείσας
923 2669 1084 2718 φέρουσι.
1140 2667 1310 2717 Apparet

259 2725 307 2749 ex
323 2711 381 2749 his
403 2712 688 2754 Eratosthenem
704 2718 838 2756 Nubes
854 2719 1007 2758 alteram
1031 2721 1128 2757 inter
1144 2719 1311 2758 dramata

259 2768 419 2804 ἇδίδακτα
441 2766 623 2812 retulisse,
641 2770 766 2818 qualia
787 2785 862 2809 non
878 2785 998 2821 pauca
1019 2773 1171 2810 fuerunt
1195 2773 1308 2810 comi-

261 2831 399 2855 corum.
454 2819 556 2857 Huic
591 2821 746 2860 adversa
778 2823 898 2861 fronte
931 2830 1118 2875 repugnat
1151 2826 1310 2875 scriptor

261 2870 410 2919 ignotus
433 2873 641 2922 argumenti
664 2874 765 2924 quod
780 2876 819 2913 in
835 2875 1000 2916 Bekkeri
1025 2876 1185 2915 editione
1202 2878 1309 2928 quin-

263 2931 344 2962 tum
360 2932 586 2971 numeratur,
598 2930 850 2979 Ἀριστοφάνης
867 2934 1093 2983 ἇπορριφθεὶς
1110 2937 1311 2984 παραλόγως

262 2978 353 3027 ᾠήθη
381 2981 452 3016 δεῖν
478 2982 678 3029 ἇναδιδάξας
706 2987 766 3024 τὰς
797 2988 954 3036 δευτέρας
981 2989 1246 3036 ἀπομέμφεσθαι
1272 2989 1311 3026 τὸ

264 3033 415 3081 θέατρον.
445 3035 624 3082 ἀποτυχὼν
650 3039 687 3074 δὲ
704 3040 796 3076 πολὺ
820 3044 955 3088 μᾶλλον
972 3044 1026 3078 καὶ
1044 3044 1080 3079 ἐν
1105 3046 1176 3081 τοῖς
1199 3044 1313 3080 ἔπειτα

264 3087 374 3124 οὐκέτι
391 3088 451 3133 τὴν
465 3089 643 3137 διασκευὴν
661 3093 853 3142 εἷα-ἢγαγεν.
883 3097 917 3131 αἱ
935 3097 972 3132 δὲ
987 3096 1138 3144 δεύτεραι
1152 3098 1312 3145 Νεφέλαι

266 3142 322 3177 ἐπὶ
343 3141 510 3187 Ἀμεινίου
537 3144 711 3195 ἄρχοντος.
741 3158 903 3194 quocum
930 3149 1136 3186 consentire
1166 3149 1314 3186 videtur

267 3193 343 3230 sive
377 3193 476 3229 idem
509 3195 586 3231 sive
616 3196 709 3233 alius
744 3199 809 3246 qui
838 3201 1112 3238 annotationem
1140 3205 1312 3238 caeterum

268 3245 496 3294 perineptam
522 3248 670 3296 scripsit
696 3249 743 3286 ad
769 3263 802 3286 v.
822 3251 884 3287 31.
912 3258 1002 3302 τρεῖς
1025 3258 1104 3302 μναῖ
1130 3257 1315 3304 διφρίσκου

269 3301 321 3335 καὶ
338 3303 477 3347 τροχοῖν
492 3301 642 3349 Ἀμυνίᾳ,
663 3302 727 3338 ubi
751 3303 963 3342 archontem
980 3306 1170 3344 Aminiam
1196 3308 1314 3344 notari

270 3351 466 3390 existimat.
521 3353 597 3390 Sed
617 3355 697 3391 haec
723 3353 769 3391 de
798 3354 921 3394 fabula
944 3358 1078 3396 iterum
1102 3360 1142 3396 in
1168 3372 1314 3396 scenam

272 3404 465 3441 commissa
482 3406 641 3443 narratio
655 3408 979 3456 grammaticorum
995 3424 1097 3449 error
1114 3424 1194 3449 esse
1212 3413 1314 3449 vide-

269 3461 342 3500 tur,
361 3457 426 3506 qui
441 3457 513 3496 nisi
536 3471 584 3496 ex
607 3469 719 3508 prava
738 3472 867 3499 versus
893 3461 992 3500 illius
1013 3463 1315 3514 interpretatione

1336 1081 1437 1130 quod
1463 1093 1579 1130 quum
1603 1081 1644 1118 in
1671 1086 1828 1129 utraque
1855 1080 2037 1130 parabasi,
2057 1084 2095 1117 et
2111 1079 2324 1128 vesparum
2348 1083 2393 1117 et.-

1336 1134 1581 1170 secundarum
1624 1133 1806 1177 Nubium,
1851 1138 2078 1182 spectatores
2119 1130 2416 1181 reprehendenti*

1337 1188 1618 1237 (ἇπομέμφεσθαι
1636 1188 1675 1224 τὸ
1696 1183 1853 1236 θέατρον)
1868 1185 2038 1223 viderent
2051 1189 2212 1234 poetam,
2225 1178 2401 1245 VespEflff

1337 1253 1419 1288 quae
1435 1241 1609 1277 archonte
1623 1240 1776 1276 Aminia
1793 1239 1903 1276 docta
1916 1243 1985 1283 est,
1997 1250 2082 1276 cum
2093 1237 2208 1275 altera
2216 1237 2258 1275 N
2259 1235 2394 1281 ubmmJ

1337 1293 1498 1329 editione
1528 1292 1806 1338 confunderent,
1837 1304 1921 1341 quae
1949 1302 2141 1340 nunquam
2167 1290 2207 1327 in
2240 1301 2394 1337 scenam,

1337 1345 1518 1394 producta
1542 1344 1612 1382 fuit
1629 1357 1699 1382 nec
1724 1349 1849 1394 potest
1864 1348 1949 1381 ante
1975 1342 2195 1393 olympiadis
2222 1341 2411 1395 undeno-j„

1338 1398 1537 1446 nagesimae
1562 1410 1699 1434 annum
1727 1402 1901 1447 quartum
1927 1397 2025 1433 facta
2050 1395 2201 1432 haberi:
2238 1394 2284 1431 de
2314 1398 2401 1443 qud!

1339 1450 1435 1487 dixit
1468 1451 1709 1488 Hermannus
1742 1451 1781 1486 in
1812 1449 2027 1499 praefatione
2060 1461 2098 1497 p.
2132 1447 2248 1485 XXI.
2312 1444 2398 1486 Sed'.

1339 1502 1418 1539 haec
1435 1503 1604 1552 pluribus
1633 1503 1808 1552 persequi
1832 1501 1993 1539 alienum
2017 1501 2063 1537 ab
2089 1500 2160 1538 hoc
2185 1500 2267 1537 loco
2286 1494 2398 1548 judi-,2

1340 1567 1479 1600 camus,
1498 1556 1562 1592 ubi
1579 1555 1673 1592 illud
1698 1560 1843 1592 tantum
1859 1554 2045 1604 agendum
2067 1553 2174 1590 nobis
2197 1557 2255 1589 est
2278 1556 2322 1588 ut
2336 1543 2405 1599 alu-fi.
2430 1570 2435 1571 ⁷

1340 1609 1456 1645 terius
1470 1608 1518 1644 ad
1535 1608 1694 1657 priorem
1712 1607 1913 1645 editionem
1926 1619 2007 1644 eam
2025 1606 2138 1642 fuisse
2153 1604 2393 1642 ostendamus
2400 1631 2407 1652 η,
2428 1639 2442 1653 ί

1338 1661 1530 1706 rationem,
1548 1665 1591 1698 ut
1606 1665 1706 1698 recte
1724 1665 1902 1710 tanquam
1917 1671 2014 1697 nova
2029 1658 2154 1695 fabula
2168 1656 2208 1694 in
2229 1655 2405 1707 iudicem,⁴

1341 1713 1549 1750 dramatum
1576 1713 1706 1750 referri
1730 1713 1904 1762 potuerit.
1959 1712 2005 1749 Id
2022 1723 2111 1749 vero
2137 1710 2416 1758 demonstrata&

1340 1778 1415 1802 non
1441 1771 1498 1803 est
1518 1765 1675 1803 difficile.
1730 1766 1872 1804 Praeter
1899 1765 1997 1802 enim
2024 1775 2135 1812 quam
2162 1761 2263 1812 quod
2284 1773 2415 1822 Ram)

1340 1818 1440 1855 basis
1459 1823 1584 1868 aperte
1602 1830 1699 1856 nova
1715 1823 1784 1864 est,
1799 1819 1911 1855 etiam
1927 1818 1967 1854 in
1984 1817 2064 1853 aliis
2078 1815 2211 1852 fabulae
2224 1813 2404 1875 partibuqss

1341 1883 1415 1908 non
1440 1884 1560 1920 pauca
1586 1875 1729 1908 mutata
1745 1883 1826 1923 esse
1849 1875 1975 1908 narrat
2000 1868 2158 1921 scriptor
2183 1870 2427 1925 argumenta-²5·

1343 1923 1502 1972 septimi,
1520 1928 1620 1962 τοῦτο
1644 1928 1766 1963 ταυτόν
1785 1926 1860 1962 ε’στι
1885 1928 1933 1975 τῷ
1959 1924 2127 1973 προτέρῳ.
2155 1921 2419 1972 διεσκεύασται...

1342 1979 1379 2013 δὲ
1399 1979 1453 2015 ἐπὶ
1470 1980 1591 2027 μέρους
1619 1980 1663 2018 ὣς
1682 1981 1723 2017 ἂν
1743 1981 1783 2026 δὴ
1801 1980 1997 2026 ἀναδιδάξαι
2022 1978 2084 2025 μὲν
2110 1975 2191 2013 αὐτὸ
2214 1978 2276 2014 τοῦ
2292 1990 2392 2022 ποιη-

1341 2035 1402 2067 τοῦ
1427 2034 1714 2082 προθυμηθέντος,
1734 2034 1846 2070 οὐκέτι
1873 2035 1910 2070 δὲ
1931 2036 2032 2070 τοῦτο
2057 2031 2100 2068 δι’
2120 2031 2160 2078 ἥν
2183 2044 2267 2068 ποτε
2283 2031 2393 2087 αἰτίαν
2403 2021 2436 2074 ἦ

1341 2086 1557 2132 ποιήσαντος.
1588 2089 1735 2124 καθόλου
1761 2089 1823 2135 μὲν
1846 2087 1907 2124 οὖν
1933 2087 2061 2135 σχεδὸν
2083 2086 2176 2133 παρὰ
2197 2087 2266 2122 πᾶν
2290 2084 2404 2133 pipo&

1341 2142 1542 2188 γεγενημένη
1570 2143 1764 2190 διόρθωσις.
1801 2142 1844 2178 τὰ
1872 2142 1934 2189 μὲν
1956 2142 2023 2190 γὰρ
2049 2139 2259 2188 περιῄρηται,
2286 2131 2419 2188 τὰγόἕῖ,

1341 2195 1538 2236 πέπλεκται,
1565 2197 1619 2231 καὶ
1647 2197 1682 2232 ἐν
1707 2199 1748 2242 τῇ
1777 2197 1870 2242 τάξει
1898 2196 1952 2232 καὶ
1974 2193 2015 2232 ἐν
2040 2197 2081 2239 τῇ
2108 2197 2175 2230 τῶν
2199 2193 2422 2242 προσώπων.-

1342 2249 1509 2297 διαλλαγῇ
1541 2251 1865 2297 μετεσχημάτισται.
1895 2250 1917 2285 ἃ
1949 2250 1986 2285 δὲ
2018 2249 2192 2296 ὁλοσχερῆ
2226 2248 2286 2293 τῆς
2320 2247 2393 2283 δια·

1343 2305 1466 2348 σκευῆς
1481 2306 1619 2340 τοιαῦτα
1636 2304 1717 2340 ὄντα
1738 2303 1928 2351 τετύχηκεν,
1948 2303 2065 2339 αὐτίκα
2082 2301 2102 2347 ἢ
2119 2302 2317 2350 παράβασις
2332 2301 2394 2337 41ὀῦ

1342 2359 1448 2404 χοροῦ
1479 2359 1646 2403 ἤμειπται,
1679 2358 1732 2394 καὶ
1763 2357 1850 2395 ὅπου
1878 2359 1898 2393 ὁ
1929 2358 2055 2394 δίκαιος
2085 2357 2190 2404 λόγος
2219 2355 2306 2403 πρὸς
2334 2354 2395 2391 τὸν

1344 2411 1459 2447 ἄδικον
1484 2413 1595 2453 λαλεῖ,
1624 2413 1678 2447 καὶ
1705 2413 1896 2448 τελευταῖον
1922 2411 2007 2448 ὅπου
2039 2411 2165 2446 καίεται
2190 2409 2211 2455 ἡ
2237 2407 2394 2456 διατριβὴ

1345 2464 1551 2512 Σωκράτους.
1606 2462 1769 2500 Videtur
1796 2469 1920 2500 autem
1937 2462 2050 2500 editio
2076 2461 2177 2510 prior
2193 2459 2394 2498 admodum

1344 2520 1487 2554 mature
1514 2529 1562 2553 ex
1587 2515 1759 2553 manibus
1780 2515 1972 2553 hominum
1997 2513 2214 2553 evanuisse:
2242 2524 2330 2550 nam
2355 2516 2396 2549 et

1344 2581 1530 2618 perpauca
1546 2580 1662 2617 eaque
1680 2567 1794 2605 dubia
1806 2568 2014 2618 fragmenta
2030 2570 2231 2615 supersunt
2246 2577 2330 2615 quae
2345 2563 2395 2610 ad

1345 2633 1426 2658 eam
1448 2622 1656 2659 referantur
1682 2626 1722 2659 et
1747 2621 1862 2659 semel
1885 2625 2031 2658 tantum
2054 2623 2216 2670 πρότεραι
2233 2619 2394 2668 Νεφέλαι

1344 2674 1480 2711 diserte
1497 2680 1762 2718 memorantur,
1776 2673 1876 2723 apud
1892 2674 2118 2711 Athenaeum
2131 2673 2203 2717 IV,
2214 2685 2252 2721 p.
2271 2671 2342 2709 1⁷1
2356 2683 2392 2709 e.

1347 2727 1424 2764 Ubi
1440 2727 1505 2775 qui
1522 2726 1682 2776 appositi
1707 2731 1796 2763 sunt
1811 2738 1941 2763 versus
1957 2724 2133 2775 quoniam
2158 2724 2271 2762 etiam
2295 2733 2394 2761 nunc

1344 2780 1381 2815 in
1399 2779 1572 2816 secundis
1589 2779 1766 2816 Nubibus
1785 2783 1945 2823 exstant,
1955 2777 2148 2815 Brunckio
2166 2776 2322 2826 aliisque
2334 2775 2395 2814 vel

1343 2834 1522 2882 προτέραις
1538 2833 1577 2869 in
1593 2834 1764 2882 δευτέραις
1779 2836 1922 2868 mutare
1937 2830 1997 2886 vel
2014 2830 2239 2867 Athenaeum
2255 2840 2394 2866 memo·

1346 2886 1408 2923 riae
1437 2885 1564 2935 lapsus
1599 2897 1754 2935 arguere
1787 2884 1938 2933 placuit.
1994 2883 2072 2925 Qui
2105 2895 2180 2920 non
2211 2881 2394 2931 cogitasse

1347 2940 1519 2976 videntur
1536 2940 1761 2977 Athenaeum
1786 2938 1943 2976 fortasse
1959 2937 2052 2975 nihil
2070 2937 2171 2974 aliud
2188 2937 2396 2987 significare

1349 2992 1507 3029 voluisse
1542 3004 1653 3041 quam
1688 3005 1741 3036 se,
1768 3003 1888 3040 quum
1916 2991 1980 3028 illa
2011 2990 2200 3036 scriberet,
2230 2989 2396 3039 priorum

1351 3044 1519 3082 Nubium
1556 3044 1745 3093 exemplar
1781 3056 1960 3087 versasse,
1997 3043 2195 3080 alterarum
2231 3054 2306 3079 non
2337 3041 2395 3078 in-

1349 3097 1538 3146 spexisse:
1564 3095 1878 3146 quemadmodum
1897 3096 1929 3133 si
1943 3095 2030 3133 alibi
2043 3097 2202 3145 δευτέρας
2217 3093 2394 3136 nominat,

1349 3149 1499 3186 minime
1534 3149 1704 3198 sequitur
1734 3161 1810 3186 non
1847 3149 1977 3186 eadem
2013 3148 2052 3186 in
2083 3148 2268 3198 prioribus
2300 3147 2397 3186 leot-

1350 3202 1476 3246 fuisse,
1492 3202 1591 3251 quod
1606 3201 1812 3239 necessario
1826 3214 1971 3238 sumere
1988 3201 2125 3238 debent
2137 3201 2202 3250 qui
2215 3197 2396 3238 Brunckii

1350 3259 1611 3292 consectantur
1635 3255 1856 3304 opinionem.
1913 3254 2009 3296 Quae
2038 3260 2216 3303 praeterea
2241 3252 2288 3290 de
2309 3251 2395 3290 Nu-

1350 3307 1460 3343 bibus
1493 3307 1803 3344 circumferuntur
1830 3307 2038 3356 fragmenta
2069 3306 2118 3344 ob
2150 3306 2245 3343 hanc
2279 3304 2395 3342 solam

1351 3372 1520 3396 caussam
1537 3359 1584 3396 ad
1606 3360 1767 3409 priorem
1783 3359 1983 3396 editionem
1999 3359 2220 3403 referuntur,
2238 3356 2338 3408 quod
2354 3356 2395 3394 in

1351 3413 1565 3461 posteriore,
1593 3425 1677 3462 quae
1708 3417 1890 3461 superest,
1919 3425 1994 3450 non
2021 3417 2108 3450 sunt
2134 3412 2294 3449 inventa.
2348 3409 2394 3446 In

1352 3478 1427 3515 quo
1443 3478 1578 3515 genere
1600 3465 1707 3502 facile
1725 3465 1913 3503 intellectu
1939 3470 1996 3503 est
2012 3478 2123 3516 quam
2148 3463 2321 3516 proclivis
2346 3461 2396 3501 sit
