2488 3860
1021 253 1430 305 ΦΙΛΟΚΤΗΤΗΣ.
1974 318 1978 324 k
2219 246 2294 296 171

265 372 370 419 βαιάν
384 388 455 419 μοι,
474 374 587 417 βαιὰν,
609 373 635 411 ὦ
653 375 778 416 τέκνον,
1143 381 1208 422 845
1255 375 1310 405 ΦΙ.
1355 369 1475 402 οὔκουν
1493 366 1528 400 ἐν
1547 361 1598 401 οἷς
1614 378 1654 411 γε
1673 364 1766 410 δρᾷς·
1796 363 1832 398 έν
1849 358 1899 399 οἷς
1917 361 1946 397 δ’
1967 361 2068 407 αὐδᾷς
2085 360 2185 395 ὀκνῶ.

265 426 377 471 πέμπε
393 428 507 474 λόγων
523 429 652 474 φάμαν·
1256 427 1328 458 NE.
1359 420 1386 455 ὦ
1405 422 1480 459 Ζεῦ,
1495 419 1529 453 τί
1547 418 1687 465 δράσω;
1717 415 1873 462 δεύτερον
1890 414 2016 461 ληφθῶ
2035 414 2146 454 κακὸς,

265 478 311 515 ὣς
327 479 460 515 πάντων
479 480 514 515 ἐν
532 482 624 516 νόσω
642 481 802 529 εὗδρακὴς
1360 471 1515 520 κρύπτων
1533 470 1568 505 θ’
1588 469 1610 504 ἃ
1627 469 1672 515 μὴ
1691 469 1743 504 δεῖ
1759 468 1812 503 καὶ
1830 468 1941 514 λέγων
1958 465 2112 513 αἴσχιστ’
2133 465 2243 504 ε’πῶνς

264 529 369 569 ὕπνος
385 532 511 569 ἄϋπνος
526 516 704 570 λεύὲσειν.
1256 533 1314 563 ΦΙ.
1361 525 1444 572 ἀνὴρ
1461 523 1525 565 ὅδ’»
1545 523 1575 559 εἶ
1591 523 1636 568 μὴ
1654 521 1716 569 ’γὼ
1734 522 1833 556 κακὸς
1850 521 1984 567 γνώμην
2001 521 2100 569 ἔφυν,
2243 530 2304 563 9¹0

264 583 344 619 ἀλλ’
363 584 416 620 ὅτι
434 584 516 632 δύνᾳ
532 587 710 632 μάκιστον,
1359 576 1507 621 προδούς
1524 576 1557 622 μ’
1577 577 1665 613 ἔοικε
1682 573 1854 611 κάκλιπὼν
1872 574 1930 608 τὸν
1947 574 2058 609 πλοῦν
2076 572 2224 607 στελεῖν.

265 639 354 672 κεῖνό
371 652 440 683 μοι,
461 640 548 674 κεῖνο
566 640 679 688 λάθρα
1144 647 1207 686 850
1257 638 1332 668 NE.
1359 631 1471 667 λιπὼν
1488 630 1550 676 μὲν
1567 629 1628 665 οὐκ
1645 628 1765 675 ἔγωγε,
1784 628 1944 672 λυπηρῶς
1963 626 1999 661 δὲ
2016 625 2061 670 μὴ

265 689 390 734 ἕξιδοῦ,
410 690 430 726 ὅ
447 706 480 726 τι
496 692 647 739 πράξεις.
1361 683 1482 729 πέμπω
1510 697 1553 718 σε
1575 683 1721 728 μᾶλλον,
1747 678 1838 714 τοῦτ’
1858 678 1999 723 ἀνιῶμαι
2016 678 2135 713 πάλαι.

265 740 369 779 οἶσθα
385 744 451 792 γὰρ
470 743 509 780 ὃν
525 745 687 791 αὔδῶμαι,
1258 744 1315 774 ΦΙ.
1362 737 1396 772 τί
1412 750 1497 773 ποτε
1508 734 1634 781 λέγεις,
1655 732 1681 767 ὦ
1699 732 1835 772 τέκνον;
1863 731 1907 766 ὡς
1925 731 1964 765 οὐ
1982 730 2150 775 μανθάνω.

265 795 295 831 εἶ
312 794 436 832 ταύταν
453 796 562 847 τούτῳ
579 801 715 845 γνώμαν
731 798 856 847 ἴσχεις,
1259 797 1332 827 ΝΕ.
1362 789 1459 825 οὐδέν
1477 803 1520 825 σε
1538 786 1673 835 κρύψω.
1695 789 1748 824 δεῖ
1772 786 1839 833 γὰρ
1858 784 1892 820 ἐς
1909 784 2032 831 Τροίαν
2050 797 2092 818 σε
2109 782 2209 818 πλεῖν
2246 794 2306 827 9ι5

266 849 359 894 μάλα
376 864 429 884 τοι
447 849 559 899 ἄπορα
575 855 725 890 πυκινοῖς
740 854 862 890 ἐνιδεῖν
877 853 980 899 πάθη,
1365 843 1451 889 πρὸς
1469 841 1548 878 τοὺς
1565 839 1725 886 Ἀχαιοὺς
1743 839 1797 873 καὶ
1815 838 1874 872 τὸν
1890 835 2071 883 Ἀτρειδῶν
2090 836 2230 870 στόλον.

268 900 368 949 οὖρός
384 917 449 944 τοι,
469 903 595 946 τέκνον,
616 904 728 952 οὖρος.
1011 906 1114 943 ἐπωδ.
1143 910 1205 951 355
1264 902 1320 932 ΦΙ.
1367 894 1469 940 οἴμοι,
1488 894 1522 930 τί
1539 890 1656 934 εἶπας;
1739 897 1813 927 NE.
1831 889 1887 953 1ἡμὴ
1907 889 2059 955 στέναζε,
2078 887 2158 936 πρὶν
2174 886 2292 934 μάθῃς.

265 954 348 1002 ἁνὴρ
367 953 398 990 δ’
418 955 618 1002 ἀνόμματος,
640 958 710 994 οὐδ’
729 960 818 1006 ἔχων
834 959 981 1008 ἀρωγὰν,
1259 955 1316 985 ΦΙ.
1362 950 1461 985 ποῖον
1478 946 1635 993 μάθημα;
1665 944 1699 981 τί
1715 960 1758 991 με
1775 958 1861 980 νοεις
1879 943 2003 989 δρασαι
2021 953 2126 1005 ποτεξ

266 1007 437 1044 ἐκτέταται
454 1007 582 1056 νύχιος,
1014 987 1027 1020 δ
1260 1008 1334 1038 NE.
1365 1005 1478 1037 σῶσαι
1496 1001 1598 1037 κακοῦ
1616 999 1678 1045 μὲν
1694 1001 1812 1046 πρῶτα
1829 995 1935 1036 τοῦδ’,
1956 996 2070 1031 ἔπειτα
2088 994 2126 1029 δε

266 1060 368 1105 ἀλεὴς
385 1059 490 1098 ὕπνος
507 1063 646 1105 ἐσθλὸς,
1365 1055 1426 1099 ξὺν
1444 1054 1502 1089 σοὶ
1518 1053 1562 1088 τὰ
1578 1051 1700 1099 Τροίας
1716 1051 1817 1089 πεδία
1833 1048 2007 1096 πορθῆσαι
2024 1047 2153 1094 μολών.
2248 1061 2311 1093 920

265 1113 306 1148 οὐ
323 1115 436 1161 χερὸς,
457 1115 497 1150 οὗ
514 1117 632 1158 ποδὸς,
653 1120 693 1153 οὔ
710 1133 800 1156 τινος
818 1118 943 1166 ἅρχων,
1147 1121 1211 1154 860
1260 1114 1318 1144 ΦΙ.
1367 1108 1420 1142 καὶ
1438 1105 1529 1142 ταῦτ’
1549 1105 1658 1150 ἀληθῆ
1678 1105 1761 1151 δρᾶν
1779 1105 1887 1143 νοεῖς;
2041 1153 2049 1167 ,
2173 1154 2188 1163 ,-

265 1165 345 1201 ἀλλ’
365 1167 411 1203 ὥς
427 1167 479 1204 τίς
496 1167 524 1203 τ’
542 1166 640 1216 Ἀΐδα
656 1173 897 1219 παρακείμενος
1260 1167 1335 1197 ΝΕ·
1939 1156 2186 1218 πῗλληβκρατει

266 1219 341 1265 ὁρᾷ.
369 1219 472 1262 βλέπ’
492 1221 522 1256 εἶ
539 1222 651 1270 καίρια
668 1224 826 1272 φθέγγει·
1365 1212 1494 1250 τούτων
1510 1212 1648 1260 ἀνάγκη·
1679 1211 1734 1247 καὶ
1753 1210 1798 1246 σὺ
1815 1209 1860 1256 μὴ
1880 1208 1987 1254 θυμου
2006 1209 2128 1270 κλ,υων.

266 1274 306 1309 τὸ
325 1273 355 1308 δ’
374 1273 552 1320 ἁλώσιμον
569 1275 638 1322 ἀμᾷ
1262 1274 1319 1304 ΦΙ.
1366 1268 1532 1303 ἀπόλωλα
1549 1264 1698 1311 τλήμων,
1717 1263 1934 1311 προδέδομαι.
1966 1260 2000 1295 τί
2016 1275 2063 1306 μ,
2084 1259 2110 1295 ὦ
2127 1259 2214 1304 ξένε,

267 1328 437 1374 φροντίδι,
455 1331 527 1369 παῖ,
546 1331 650 1366 πόνος
1366 1321 1549 1367 δέδρακας;
1579 1318 1705 1355 ἀπόδος
1723 1317 1768 1354 ὣς
1785 1317 1891 1362 τάχος
1908 1315 1950 1351 τὰ
1967 1313 2051 1358 τόξα
2068 1327 2137 1359 μοι.

269 1383 288 1415 ὁ
306 1382 351 1425 μὴ
369 1383 493 1426 φοβῶν
510 1383 701 1429 κράτιστος.
1259 1379 1336 1411 NE.
1366 1373 1444 1409 ἀλλ’
1465 1373 1530 1418 οὐχ
1548 1368 1620 1407 οἷόν
1637 1379 1686 1406 τε·
1716 1373 1784 1405 τῶν
1800 1370 1867 1417 γὰρ
1886 1369 1921 1407 ε’ν
1938 1366 2036 1404 τέλει
2054 1364 2169 1402 κλύειν
2248 1379 2287 1411 92
2291 1379 2309 1411 5

168 1431 242 1463 NE.
271 1432 374 1479 σιγᾶν
392 1430 530 1473 κελεύω,
549 1433 624 1479 μηδ’
645 1435 837 1481 ἀφεστάναι
855 1436 1001 1482 φρενῶν.
1153 1437 1213 1479 865
1237 1425 1240 1473 ἱ
1366 1428 1405 1461 τό
1423 1425 1451 1461 τ’
1470 1426 1600 1461 ἔνδικόν
1617 1438 1659 1469 με
1677 1424 1732 1459 καὶ
1749 1424 1788 1458 τὸ
1807 1421 1987 1468 συμφέρον
2003 1421 2106 1456 ποιεῖ.

272 1486 356 1519 κινεῖ
369 1485 436 1532 γὰρ
455 1485 537 1532 ἁνὴρ
556 1485 646 1532 ὄμμα
664 1488 799 1534 κάνάγει
818 1490 914 1536 κάρα.
1261 1486 1320 1517 ΦΙ.
1368 1479 1394 1514 ὦ
1411 1482 1480 1526 πῦρ
1499 1478 1544 1513 σὺ
1563 1477 1618 1512 καὶ
1634 1479 1702 1513 πᾶν
1720 1476 1816 1521 δεῖμα
1833 1475 1888 1513 καὶ
1904 1473 2110 1522 πανουργίας

168 1537 226 1570 ΦΙ.
272 1536 299 1571 ὦ
317 1536 449 1584 φέγγος
466 1536 573 1574 ὕπνου
591 1540 763 1587 διάδοχον,
783 1542 823 1577 τό
841 1541 870 1576 τ’
889 1541 1042 1577 ἐλπίδων
1366 1533 1475 1577 δεινῆς
1492 1530 1626 1577 Τέχνην]
1647 1529 1821 1576 ἔχθιστον,
1841 1525 1896 1563 Οἷά
1912 1526 1946 1574 μ’
1966 1526 2128 1575 εἶργάσω,

271 1589 418 1625 ἄπιστον
436 1589 619 1638 οἷκούρημα
636 1594 741 1628 τῶνδε
758 1597 825 1629 τῶν
843 1595 959 1638 ξένων.
1367 1583 1412 1620 οἷ’
1431 1583 1613 1631 ἦπᾶΤηΚΒς“
1644 1581 1714 1618 Οὐδ’
1734 1579 1933 1627 ἐπαισχῦνέι
1950 1579 1984 1626 μ’
2005 1581 2092 1627 ὁρῶν

274 1644 314 1677 οὑ
331 1643 397 1690 γάρ
414 1643 502 1684 ποτ’,
524 1643 550 1678 ὦ
566 1647 639 1685 παῖ,
659 1646 748 1681 τοῦτ’
769 1646 809 1682 ἂν
827 1646 987 1694 ἐξηύχησ’
1008 1647 1073 1694 ἐγὼ
1366 1640 1426 1674 τὸν
1442 1638 1712 1685 προστρόπαιον,
1732 1636 1792 1670 τὸν
1811 1634 1931 1678 ἱκέτην,
1952 1633 1978 1668 ὦ
1998 1631 2161 1679 σχέτλιε;
2250 1644 2311 1677 930

274 1695 395 1740 τλῆναί
413 1695 446 1731 σ’
467 1697 604 1734 ε’λεινῶς
622 1698 687 1734 ὧδε
704 1699 793 1745 τάμὰ
809 1699 946 1745 πήματα
1155 1704 1216 1744 8ῖο
1367 1691 1598 1738 ἀπεπέρηκας
1614 1690 1674 1725 Τὸν
1690 1688 1770 1732 βίον
1787 1687 1829 1722 Τὰ
1846 1685 1917 1730 Τόξ,
1937 1687 2037 1724 ἑλών·

272 1749 381 1793 μεῖναι
398 1751 548 1796 παρόντα
565 1751 619 1786 καὶ
638 1751 902 1798 ξυνωφελοῦντά
918 1767 989 1798 μοι.
1367 1745 1504 1784 ἀπόδος,
1526 1742 1678 1788 ἱκνοῦμαί
1696 1740 1745 1782 σ’,
1765 1740 1902 1779 ἀπόδος,
1924 1737 2071 1779 ἱκετεύω,
2090 1737 2218 1774 τέκνον.

274 1802 395 1836 οὔκουν
413 1803 580 1849 Ἀτρεῖδαι
597 1804 688 1839 τοῦτ’
707 1805 857 1850 ἔτλησαν
875 1805 1030 1853 εὐφόρως
1365 1798 1452 1844 πρὸς
1470 1796 1555 1832 θεῶν
1571 1793 1747 1842 πατρῴων,
1766 1795 1825 1832 Τὸν
1841 1793 1921 1837 βίον
1937 1807 1980 1838 με
1996 1790 2167 1839 μᾶφέλῃς·

274 1851 381 1890 οὕτως
399 1854 555 1902 ἐνεγκεῖν,
575 1857 696 1903 ἁγαθοὶ
715 1859 958 1905 στρατηλάται.
1367 1849 1451 1895 ὤμοι
1469 1850 1586 1885 τάλας.
1615 1847 1694 1884 ἀλλ’
1714 1847 1792 1882 οὐδὲ
1810 1845 2014 1893 προσφωνεῖ
2029 1843 2062 1890 μ’
2082 1844 2144 1884 ἔτι,

274 1905 354 1941 ἀλλ’
374 1907 510 1953 εὐγενὴς
525 1909 593 1956 γὰρ
610 1908 630 1954 ἦ
649 1909 759 1956 φύσις
777 1911 840 1954 κάξ
858 1911 1012 1958 εὐγενῶν,
1365 1902 1444 1938 ἀλλ’
1464 1903 1509 1938 ὡς
1526 1899 1685 1947 μεθήσων
1702 1899 1844 1946 μήποθ’,
1864 1897 1921 1933 ὧδ’
1941 1900 2003 1945 ὁρᾷ
2018 1898 2135 1933 πάλιν.
2252 1910 2311 1942 935

274 1956 300 1993 ὦ
317 1961 445 2000 τέκνον,
464 1960 484 2006 ἡ
505 1961 563 2006 σὴ,
584 1963 692 1998 πάντα
709 1963 801 1998 ταῦτ’
821 1964 857 1998 ἐν
875 1964 1008 2009 εὐχερεῖ
1157 1968 1216 2006 875
1366 1954 1393 1989 ὦ
1409 1955 1555 2000 λιμένες»
1576 1953 1602 1989 ὦ
1620 1955 1826 1999 προβλῆτες»
1846 1951 1873 1986 ὦ
1891 1950 2067 1997 §vuovo’t'ac

273 2008 363 2049 ἔθου,
382 2010 469 2053 βοῆς
486 2023 524 2044 τε
542 2010 596 2044 καὶ
614 2009 805 2054 δυσοσμίας
821 2012 946 2056 γέμων.
1362 2006 1474 2052 θηρῶν
1487 2006 1618 2052 ὀρείων,
1639 2005 1666 2040 ὦ
1684 2008 1897 2052 καταρρῶγες
1914 2004 2046 2051 πέτραι,

275 2062 330 2096 καὶ
347 2063 405 2096 νῦν
423 2061 537 2107 ἐπειδὴ
556 2062 656 2097 τοῦδε
673 2064 734 2097 τοῦ
753 2064 855 2097 κακοῦ
874 2063 967 2097 δοκεῖ
1363 2058 1542 2103 &uim-662
1559 2059 1598 2093 οὐ
1616 2059 1683 2105 γὰρ
1701 2057 1810 2092 ἄλλον
1828 2055 1890 2093 οἷδ’
1911 2057 1976 2106 ὅτῳ
1995 2059 2100 2104 λέγω,

273 2112 361 2158 λήθη
380 2128 431 2150 τις
449 2111 532 2149 εἶναι
550 2114 748 2149 κάνάπαυλα
766 2115 819 2160 δὴ,
838 2114 967 2155 τέκνον,
1363 2112 1584 2156 ἀνακλαίομαι
1603 2113 1753 2158 παροῦσι
1771 2112 1842 2147 τοῖς
1860 2110 2029 2150 εἰωθόσιν,

274 2165 321 2201 σύ
337 2166 372 2212 μ’
392 2167 493 2203 αὐτὸς
510 2166 604 2214 ἆρον,
625 2166 670 2202 σύ
687 2182 730 2213 με
749 2168 976 2213 κατάστησον,
996 2165 1122 2206 τέκνον,
1238 2170 1241 2182 “
1367 2163 1413 2201 οἷ’
1426 2163 1495 2211 ἔργ’
1517 2166 1536 2199 ὁ
1553 2165 1634 2208 παῖς
1649 2163 1683 2209 μ’
1703 2164 1847 2211 ἔδρασεν
1864 2163 1927 2208 οὑξ
1944 2163 2136 2209 Ἀχιλλέως
2249 2175 2311 2208 940

273 2218 328 2263 ἵν’,
348 2218 431 2264 ἡνίκ’
450 2219 491 2255 ἂν
509 2222 613 2256 κόπος
629 2222 664 2266 μ’
681 2220 864 2265 ἀπαλλάξῃ
882 2221 978 2260 ποτὲ,
1158 2224 1218 2254 88:
1363 2218 1494 2262 ὀμόσας
1511 2216 1653 2260 ἀπάξειν
1670 2214 1787 2257 οἴκαδ’,
1808 2216 1843 2253 ές
1859 2216 1982 2263 Τροίαν
1998 2215 2032 2261 μ’
2051 2216 2137 2263 ἄγει·

274 2271 444 2319 ὁρμώμεθ’
465 2273 499 2309 ἐς
517 2275 597 2308 ναῦν
613 2270 689 2318 μηδ’
707 2273 904 2319 ἐπίσχωμεν
921 2274 960 2307 τὸ
978 2274 1088 2308 πλεῖν.
1363 2269 1531 2316 προσθείς
1548 2284 1586 2304 τε
1602 2271 1703 2315 χεῖρα
1721 2269 1846 2313 δεξιὰν,
1866 2269 1908 2303 τὰ
1926 2269 2010 2313 τόξα
2027 2283 2093 2314 μου
2139 2290 2141 2292 -

171 2332 245 2363 ΝΕ.
273 2325 354 2360 ἀλλ’
372 2325 495 2370 ἥδομαι
511 2325 573 2371 μέν
591 2325 625 2360 ‹r‘
645 2325 782 2360 εἰσιδὼν
798 2325 877 2372 παρ’
899 2326 1025 2361 ἐλπίδα
1365 2323 1438 2370 ἱερὰ
1454 2323 1575 2365 λαβὼν
1591 2323 1652 2357 τοῦ
1670 2323 1774 2366 Ζηνὸς
1790 2321 2001 2369 Ἱ-Ῐρακλέους
2018 2323 2102 2368 ἕχει,

274 2378 444 2414 ἀνώδυνον
459 2378 635 2420 βλέποντα
653 2378 850 2424 κάμπνέοντ’
869 2379 930 2413 ἔτι·
1364 2376 1419 2410 καὶ
1437 2377 1549 2411 τοῖσιν
1565 2374 1755 2422 Ἀργείοισι
1773 2373 1949 2421 φήνασθαι
1968 2375 2074 2410 θέλει.

275 2432 320 2467 ὣς
337 2431 398 2466 οὐκ
415 2430 461 2465 ἔτ’
480 2430 577 2467 ὄντος
592 2432 659 2478 γὰρ
677 2432 719 2466 τὰ
738 2432 936 2476 συμβόλαιά
954 2446 1011 2466 σοι
1365 2429 1410 2465 ὣς
1427 2427 1518 2475 ἄνδρ’
1538 2428 1625 2463 ἑλὼν
1643 2427 1789 2474 ι’σχυρὸν
1807 2427 1843 2462 ἐκ
1859 2427 1939 2470 βίας
1955 2427 1989 2474 μ’
2009 2428 2094 2475 ἄγει,
2250 2441 2310 2474 945

272 2485 359 2531 πρὸς
375 2484 435 2520 τὰς
451 2482 628 2531 παρούσας
646 2484 826 2530 ξυμφορὰς
844 2484 1015 2530 ἐφαίνετο.
1157 2487 1217 2527 885
1237 2483 1239 2531 j
1365 2481 1445 2516 κούκ
1463 2478 1525 2516 οἶδ’
1545 2480 1684 2527 ἐναίρων
1701 2481 1828 2527 νεκρὸν,
1848 2479 1868 2526 ἢ
1887 2484 2014 2517 καπνοῦ
2033 2482 2143 2525 σκιὰν,

275 2540 334 2572 νῦν
351 2536 380 2572 δ’
399 2534 473 2583 αἶρε
491 2538 630 2571 σαυτόν·
660 2536 693 2571 εἶ’
708 2537 746 2571 δέ
765 2551 823 2571 σοι
839 2538 974 2581 μᾶλλον
991 2537 1110 2582 φίλον.
1366 2532 1508 2569 ε’ίδωλον
1525 2533 1651 2570 ἄλλως.
1681 2533 1721 2568 οὗ
1737 2534 1804 2580 γὰρ
1822 2533 1864 2568 ἂν
1883 2533 2046 2571 σθένοντά
2063 2549 2103 2582 γε

276 2587 416 2625 οἴσουσί
435 2588 469 2624 σ’
488 2587 570 2624 οἶδε·
600 2592 661 2624 τοῦ
678 2591 784 2624 πόνου
801 2589 867 2636 γὰρ
886 2589 945 2623 οὐκ
964 2588 1071 2632 ὄκνος,
1367 2584 1462 2622 εἷλέν
1479 2584 1525 2632 μ’·
1556 2586 1630 2621 ἐπεὶ
1647 2585 1719 2621 οὐδ’
1739 2586 1780 2621 ἂν
1798 2585 1855 2621 ὧδ’
1870 2586 1993 2633 ἔχοντ’,
2010 2587 2040 2622 εἶ
2056 2588 2102 2633 μὴ
2122 2588 2225 2635 δόλῳ.

275 2642 413 2689 ἐπείπερ
431 2639 520 2677 οὕτω
538 2642 598 2677 σοι’
614 2641 643 2676 τ’
662 2641 750 2686 ἔδοξ’
770 2641 845 2687 ἐμοί
862 2656 899 2676 τε
917 2642 1010 2688 δρᾶν.
1366 2642 1424 2675 νῦν
1442 2639 1470 2674 δ’
1490 2637 1660 2684 ἠπάτημαι
1678 2637 1862 2686 δύσμορος.
1891 2639 1925 2675 τί
1941 2639 2008 2687 χρή
2026 2655 2069 2686 με
2087 2641 2192 2687 δρᾶν;

172 2702 229 2733 ΦΙ.
275 2695 356 2738 αἷνῶ
373 2693 459 2734 τάδ’,
478 2694 504 2729 ὦ
521 2696 594 2734 παῖ,
614 2694 669 2729 καί
685 2694 717 2738 μ’
738 2693 859 2741 ἕπαιρ’,
879 2694 996 2741 ὥσπερ
1015 2695 1112 2730 νοεῖς·
1366 2691 1444 2727 ἀλλ’
1465 2692 1604 2728 ἀπόδος.
1634 2691 1726 2727 ἀλλὰ
1743 2694 1802 2727 νῦν
1819 2691 1864 2728 ἔτ’
1884 2692 1920 2728 έν
1938 2693 2055 2741 σαυτῷ
2070 2696 2184 2740 γενοῦ.
2249 2707 2310 2738 950

275 2746 416 2784 τούτους
434 2746 462 2782 δ’
482 2748 598 2788 ἔασον,
616 2747 662 2793 μὴ
679 2746 898 2794 βαρυνθῶσιν
915 2748 996 2792 κακῇ
1157 2750 1220 2792 890
1367 2745 1401 2780 τί
1418 2745 1510 2792 φῄς;
1540 2746 1684 2791 σιωπᾷς.
1713 2744 1812 2780 οὐδέν
1830 2744 1893 2791 εἶμ’
1913 2747 1932 2781 ὁ
1951 2745 2134 2793 δύσμορος.

276 2801 368 2846 ὀσμῇ
383 2801 451 2847 πρὸ
468 2802 530 2835 τοῦ
547 2800 693 2836 δέοντος·
724 2799 804 2834 οὑπὶ
821 2800 873 2844 νηὶ
889 2800 956 2846 γὰρ
1368 2797 1394 2832 ὦ
1414 2799 1532 2843 σχῆμα
1548 2797 1674 2845 πέτρας
1691 2797 1847 2838 δίπυλον,
1876 2797 1971 2835 αὖθις
1988 2798 2030 2834 αὖ
2047 2800 2152 2834 πάλιν

278 2854 356 2889 ἅλις
372 2854 475 2889 πόνος
492 2851 647 2888 τούτοισι
665 2852 833 2887 συνναίειν
851 2852 938 2897 ε’μοί.
1240 2888 1242 2893 ,
1367 2849 1491 2896 εἴσειμι
1507 2851 1594 2898 πρὸς
1613 2851 1654 2885 σὲ
1671 2850 1793 2897 ψιλὸς,
1813 2851 1874 2886 οὐκ
1892 2852 1980 2898 ἔχων
1998 2851 2143 2899 τροφήν·

173 2913 246 2943 NE.
276 2907 374 2941 ἔσται
391 2905 476 2941 τάδ’·
507 2904 587 2940 ἀλλ’
605 2903 692 2941 ἵστω
710 2919 747 2939 τε
766 2905 886 2940 καύτὸς
903 2905 1059 2951 ἀντέχου.
1241 2907 1242 2910 ’
1369 2902 1448 2938 ἀλλ’
1467 2903 1651 2948 αὔανοῦμαι
1668 2902 1747 2952 τῷδ’
1767 2903 1802 2939 ἐν
1820 2904 1927 2952 αὐλίῳ
1945 2906 2059 2950 μόνος,

173 2966 231 2996 ΦΙ.
278 2959 411 3006 θάρσει.
440 2960 480 2994 τό
498 2972 550 2993 τοι
569 2956 713 3002 σύνηθες
729 2956 877 3004 ὁρθώσει
893 2956 928 3002 μ’
947 2958 1035 2994 ἔθος.
1241 2979 1242 2999 ;
1368 2957 1408 2991 οὗ
1425 2957 1550 3001 πτηνὸν
1567 2955 1670 3003 ὄρνιν,
1690 2956 1769 2992 οὐδὲ
1788 2956 1860 3003 θῆρ’
1880 2957 2060 3004 ὀρειβάτην
2250 2971 2309 3002 955

173 3018 247 3048 NE.
275 3013 395 3048 παπαῖ·
425 3011 459 3046 τί
476 3011 547 3056 δῆτ’
566 3011 607 3045 ἂν
624 3009 727 3059 δρῷμ’
747 3010 814 3056 ἐγὼ
831 3009 1006 3045 τούνθένδε
1022 3025 1063 3057 γε
1078 3024 1087 3052 ;
1154 3017 1213 3056 895
1241 3023 1242 3036 ³
1367 3009 1481 3053 τόξοις
1498 3009 1638 3055 ἐναίρων
1654 3009 1791 3049 τοισίδ’,
1810 3009 1889 3045 ἀλλ’
1909 3010 2009 3047 αὐτὸς
2026 3011 2132 3049 τάλας

173 3071 231 3102 ΦΙ.
278 3065 312 3100 τί
329 3063 358 3099 δ’
378 3065 485 3104 ἔστιν,
506 3063 532 3098 ὦ
549 3065 632 3104 παῖ;
661 3064 722 3098 ποῖ
736 3061 812 3097 ποτ’
832 3062 952 3107 ἐξέβης
967 3065 1084 3111 λόγῳ;
1370 3062 1478 3097 θανὼν
1494 3061 1630 3109 παρέξω
1649 3062 1739 3098 δαῖθ’
1758 3062 1818 3106 ὑφ’
1839 3062 1884 3097 ὧν
1902 3063 2111 3110 ε’φερβόμην,

173 3124 248 3155 ΝΕ.
278 3119 340 3154 οὐκ
357 3115 420 3154 οἶδ’
438 3117 517 3153 ὅποι
534 3117 601 3163 χρὴ
620 3115 768 3162 τόπορον
786 3115 920 3162 τρέπειν
937 3117 1029 3152 ἔπος.
1369 3115 1424 3150 καί
1439 3112 1475 3160 μ’
1492 3113 1550 3151 οὓς
1568 3113 1699 3162 ἐθήρων
1715 3115 1850 3161 πρόσθε
1868 3114 2060 3162 θηράσουσι
2079 3118 2148 3152 νῦν·

173 3176 230 3206 ΦΙ.
276 3172 414 3218 ἀπορεῖς
431 3171 468 3206 δὲ
486 3172 547 3204 τοῦ
566 3168 611 3205 σύ
626 3182 636 3210 ;
664 3168 710 3213 μὴ
728 3167 816 3215 λέγ’,
836 3167 863 3202 ὦ
880 3168 1006 3209 τέκνον,
1025 3171 1116 3206 τάδε.
1370 3169 1478 3214 φόνον
1495 3168 1605 3214 φόνου
1623 3168 1660 3204 δὲ
1676 3167 1800 3215 ῥύσιον
1812 3168 1899 3204 τίσω
1917 3170 2024 3205 τάλας

173 3228 247 3259 ΝΕ.
275 3222 355 3259 ἀλλ’
374 3222 483 3258 ἐνθάδ’
501 3223 563 3268 ἤδη
582 3222 680 3257 τοῦδε
698 3223 759 3256 τοῦ
776 3220 906 3257 πάθους
923 3226 1023 3270 κυρῶ.
1368 3221 1454 3267 πρὸς
1470 3222 1532 3256 τοῦ
1550 3220 1730 3258 δοκοῦντος
1747 3221 1845 3257 οὐδὲν
1863 3220 1984 3256 εἰδέναι
2002 3223 2116 3257 κακόν.
2250 3228 2312 3266 960

174 3281 231 3311 ΦΙ.
277 3276 317 3311 οὐ
335 3273 376 3321 δή
395 3290 437 3311 σε
455 3275 638 3322 δυσχέρεια
655 3276 716 3309 τοῦ
733 3273 923 3319 νοσήματος
1157 3289 1218 3320 900
1241 3283 1244 3314 ξ
1370 3272 1466 3308 ὄλοιο
1483 3271 1529 3319 μή
1546 3288 1612 3317 πω,
1632 3274 1712 3321 πρὶν
1728 3272 1863 3319 μάθοιμ’
1883 3273 1913 3308 εἰ
1931 3274 1984 3308 καὶ
2002 3276 2107 3309 πάλιν

277 3330 413 3365 ἔπεισεν
431 3328 522 3363 ὥστε
539 3326 584 3373 μή
603 3327 635 3372 μ’
656 3327 750 3373 ἄγειν
767 3325 889 3371 ναύτην
905 3327 976 3368 ἔτι;
1240 3320 1243 3378 ᾗ
1366 3326 1501 3373 γνώμην
1517 3326 1699 3371 μετοίσεις·
1729 3327 1759 3363 εἶ
1777 3327 1814 3362 δὲ
1831 3326 1889 3372 μὴ,
1905 3326 2018 3363 θάνοις
2036 3330 2154 3363 κακῶς.

174 3386 247 3418 ΝΕ.
277 3383 406 3418 ἅπαντα
424 3380 619 3427 δυσχέρεια,
639 3380 699 3424 τὴν
716 3379 819 3414 αὑτοῦ
837 3378 947 3426 φύσιν
1240 3379 1242 3401 ¹
1266 3385 1336 3415 XO.
1366 3378 1400 3413 τί
1417 3378 1548 3425 δρῶμεν
1558 3391 1569 3420 3
1599 3379 1635 3414 ἐν
1653 3379 1712 3414 σοὶ
1730 3380 1784 3415 καὶ
1801 3380 1841 3414 τὸ
1858 3381 1959 3415 πλεῖν
1976 3379 2073 3424 ἡμᾶς,
2093 3379 2188 3422 ἅναξ.

277 3434 357 3470 ὅταν
373 3435 484 3470 λιπών
500 3448 552 3470 τις
569 3434 632 3480 δρᾷ
648 3433 691 3467 τὰ
707 3431 753 3477 μὴ
771 3434 987 3479 προσεικότα.
1240 3446 1242 3460 ³
1369 3431 1432 3476 ἤδη
1449 3430 1521 3466 ’στὶ
1538 3433 1593 3467 καὶ
1610 3434 1680 3470 τοῖς
1697 3433 1797 3467 τοῦδε
1813 3434 2031 3480 προσχωρεῖν
2047 3433 2176 3479 λόγοις.

174 3492 231 3523 ΦΙ.
277 3486 357 3523 ἀλλ’
376 3487 474 3522 οὐδὲν
490 3486 557 3530 ἔξω
574 3488 636 3520 τοῦ
653 3482 888 3531 φυτεύσαντος
905 3484 951 3520 σύ
968 3501 1008 3533 γε
1240 3518 1241 3521 ,
1269 3490 1341 3521 ΝΕ.
1370 3484 1445 3530 ἐμοὶ
1461 3484 1523 3529 μὲν
1540 3480 1651 3521 οἶκτος
1669 3485 1776 3521 δεινὸς
1794 3484 1991 3530 ἐμπέπτωκέ
2008 3498 2059 3520 τις
2249 3492 2308 3527 905

277 3540 358 3587 δρᾷς
375 3539 453 3574 οὐδὲ
471 3539 609 3584 φωνεῖς,
629 3537 758 3572 ἐσθλὸν
774 3536 866 3584 ἄνδρ’
885 3538 1085 3584 ἐπωφελῶν.
1154 3549 1215 3584 905
1369 3534 1461 3571 τοῦδ’
1478 3536 1599 3583 ἀνδρὸς
1616 3537 1657 3572 οὗ
1675 3539 1733 3572 νῦν
1749 3540 1896 3584 πρῶτον,
1916 3537 2008 3572 ἀλλὰ
2026 3537 2080 3572 καὶ
2097 3538 2214 3572 πάλαι.

177 3596 252 3632 ΝΕ.
276 3592 421 3640 αἷσχρὸς
439 3592 620 3639 φανοῦμαι·
651 3589 741 3626 τοῦτ’
761 3589 900 3636 ἀνιῶμαι
916 3591 1035 3627 πάλαι.
1237 3619 1241 3624 .
1268 3595 1325 3627 ΦΙ.
1371 3588 1533 3635 ε’λέησον,
1552 3590 1578 3626 ὦ
1597 3591 1670 3631 παῖ,
1689 3591 1775 3635 πρὸς
1793 3589 1889 3632 θεῶν,
1909 3589 1963 3626 καὶ
1981 3589 2025 3636 μὴ
2043 3592 2151 3637 παρῇς
