<?xml version="1.0" encoding="UTF-8"?>
<!DOCTYPE html PUBLIC "-//W3C//DTD XHTML 1.0 Transitional//EN"
    "http://www.w3.org/TR/xhtml1/DTD/xhtml1-transitional.dtd">
<html xmlns="http://www.w3.org/1999/xhtml" xml:lang="en" lang="en">
 <head>
  <title>
</title>
<meta http-equiv="Content-Type" content="text/html;charset=utf-8" />
  <meta name='ocr-system' content='tesseract 3.04.00' />
  <meta name='ocr-capabilities' content='ocr_page ocr_carea ocr_par ocr_line ocrx_word'/>
</head>
<body>
  <div class='ocr_page' id='page_1' title='image "./poetarumscenicor00dinduoft_0622.png"; bbox 0 0 2488 3860; ppageno 0'>
   <div class='ocr_carea' id='block_1_1' title="bbox 107 285 190 335">
    <p class='ocr_par' dir='ltr' id='par_1_1' title="bbox 107 285 190 335">
     <span class='ocr_line' id='line_1_1' title="bbox 107 285 190 335; baseline 0.012 -1"><span class='ocrx_word' id='word_1_1' title='bbox 107 285 190 335; x_wconf 76' lang='lat'><strong>614</strong></span> 
     </span>
    </p>
   </div>
   <div class='ocr_carea' id='block_1_2' title="bbox 1026 285 1327 335">
    <p class='ocr_par' dir='ltr' id='par_1_2' title="bbox 1026 285 1327 335">
     <span class='ocr_line' id='line_1_2' title="bbox 1026 285 1327 335; baseline 0 0"><span class='ocrx_word' id='word_1_2' title='bbox 1026 285 1327 335; x_wconf 61' lang='grc' dir='ltr'>ΑΙΣΧΥΛΟΥ</span> 
     </span>
    </p>
   </div>
   <div class='ocr_carea' id='block_1_3' title="bbox 112 381 2256 440">
    <p class='ocr_par' dir='ltr' id='par_1_3' title="bbox 112 381 2256 440">
     <span class='ocr_line' id='line_1_3' title="bbox 112 381 2256 440; baseline 0.001 -12"><span class='ocrx_word' id='word_1_3' title='bbox 112 389 300 439; x_wconf 78' lang='grc' dir='ltr'>Αἰσχύλος.</span> <span class='ocrx_word' id='word_1_4' title='bbox 358 384 498 427; x_wconf 82' lang='lat' dir='ltr'><strong>Similis</strong></span> <span class='ocrx_word' id='word_1_5' title='bbox 526 384 657 428; x_wconf 81' lang='lat' dir='ltr'><strong>formae</strong></span> <span class='ocrx_word' id='word_1_6' title='bbox 687 399 765 428; x_wconf 82' lang='lat' dir='ltr'>vox</span> <span class='ocrx_word' id='word_1_7' title='bbox 797 394 855 428; x_wconf 82' lang='lat' dir='ltr'>est</span> <span class='ocrx_word' id='word_1_8' title='bbox 885 392 985 439; x_wconf 86' lang='grc' dir='ltr'>μάνα,</span> <span class='ocrx_word' id='word_1_9' title='bbox 1016 390 1063 427; x_wconf 85' lang='lat' dir='ltr'>de</span> <span class='ocrx_word' id='word_1_10' title='bbox 1095 403 1169 440; x_wconf 84' lang='lat' dir='ltr'>qua</span> <span class='ocrx_word' id='word_1_11' title='bbox 1201 393 1240 427; x_wconf 84' lang='grc' dir='ltr'>τὸ</span> <span class='ocrx_word' id='word_1_12' title='bbox 1272 393 1335 439; x_wconf 82' lang='grc' dir='ltr'>μὲν</span> <span class='ocrx_word' id='word_1_13' title='bbox 1361 391 1527 428; x_wconf 81' lang='grc' dir='ltr'>πλεῖστον</span> <span class='ocrx_word' id='word_1_14' title='bbox 1554 390 1586 428; x_wconf 78' lang='grc' dir='ltr'>οἱ</span> <span class='ocrx_word' id='word_1_15' title='bbox 1611 387 1760 429; x_wconf 75' lang='grc' dir='ltr'>Ἀττικοὶ</span> <span class='ocrx_word' id='word_1_16' title='bbox 1792 390 1848 431; x_wconf 71' lang='grc' dir='ltr'>ἐπὶ</span> <span class='ocrx_word' id='word_1_17' title='bbox 1873 390 1964 432; x_wconf 78' lang='grc' dir='ltr'>πλοῦ</span> <span class='ocrx_word' id='word_1_18' title='bbox 1995 386 2140 435; x_wconf 79' lang='grc' dir='ltr'>τιθέασι,</span> <span class='ocrx_word' id='word_1_19' title='bbox 2167 381 2256 438; x_wconf 61' lang='grc' dir='ltr'>πλην</span> 
     </span>
    </p>
   </div>
   <div class='ocr_carea' id='block_1_4' title="bbox 112 443 496 492">
    <p class='ocr_par' dir='ltr' id='par_1_4' title="bbox 112 443 496 492">
     <span class='ocr_line' id='line_1_4' title="bbox 112 443 496 492; baseline 0.003 -11"><span class='ocrx_word' id='word_1_20' title='bbox 112 443 270 484; x_wconf 86' lang='lat' dir='ltr'><strong>Photius</strong></span> <span class='ocrx_word' id='word_1_21' title='bbox 287 456 326 492; x_wconf 90' lang='lat' dir='ltr'>p.</span> <span class='ocrx_word' id='word_1_22' title='bbox 348 445 437 486; x_wconf 85' lang='lat'><strong>246,</strong></span> <span class='ocrx_word' id='word_1_23' title='bbox 457 445 496 482; x_wconf 92' lang='grc'>4.</span> 
     </span>
    </p>
   </div>
   <div class='ocr_carea' id='block_1_5' title="bbox 166 496 1167 546">
    <p class='ocr_par' dir='ltr' id='par_1_5' title="bbox 166 496 1167 546">
     <span class='ocr_line' id='line_1_5' title="bbox 166 496 1167 546; baseline 0.001 -13"><span class='ocrx_word' id='word_1_24' title='bbox 166 498 253 535; x_wconf 90' lang='grc'><strong>395.</strong></span> <span class='ocrx_word' id='word_1_25' title='bbox 284 496 412 534; x_wconf 91' lang='lat' dir='ltr'><strong>Schol.</strong></span> <span class='ocrx_word' id='word_1_26' title='bbox 440 497 600 535; x_wconf 89' lang='lat' dir='ltr'>Homeri</span> <span class='ocrx_word' id='word_1_27' title='bbox 626 497 734 536; x_wconf 86' lang='lat' dir='ltr'><strong>Iliad.</strong></span> <span class='ocrx_word' id='word_1_28' title='bbox 760 499 794 544; x_wconf 80' lang='grc' dir='ltr'>ξ,</span> <span class='ocrx_word' id='word_1_29' title='bbox 816 499 905 535; x_wconf 94' lang='grc'>200.</span> <span class='ocrx_word' id='word_1_30' title='bbox 958 498 1104 546; x_wconf 82' lang='grc' dir='ltr'>Ὀμοίως</span> <span class='ocrx_word' id='word_1_31' title='bbox 1131 499 1167 535; x_wconf 83' lang='grc' dir='ltr'>δὲ</span> 
     </span>
    </p>
   </div>
   <div class='ocr_carea' id='block_1_6' title="bbox 1201 447 2242 496">
    <p class='ocr_par' dir='ltr' id='par_1_6' title="bbox 1201 447 2242 496">
     <span class='ocr_line' id='line_1_6' title="bbox 1201 447 2242 496; baseline 0.002 -14"><span class='ocrx_word' id='word_1_32' title='bbox 1201 447 1254 482; x_wconf 78' lang='grc' dir='ltr'>καὶ</span> <span class='ocrx_word' id='word_1_33' title='bbox 1274 448 1328 483; x_wconf 86' lang='grc' dir='ltr'>ἐπὶ</span> <span class='ocrx_word' id='word_1_34' title='bbox 1345 448 1404 492; x_wconf 87' lang='grc' dir='ltr'>τῆς</span> <span class='ocrx_word' id='word_1_35' title='bbox 1423 447 1628 494; x_wconf 82' lang='grc' dir='ltr'>ὁδοιπορίας,</span> <span class='ocrx_word' id='word_1_36' title='bbox 1649 447 1694 484; x_wconf 81' lang='grc' dir='ltr'>ὣς</span> <span class='ocrx_word' id='word_1_37' title='bbox 1711 447 1888 496; x_wconf 79' lang='grc' dir='ltr'>Αἰσχύλος</span> <span class='ocrx_word' id='word_1_38' title='bbox 1906 449 1960 485; x_wconf 87' lang='grc' dir='ltr'>καὶ</span> <span class='ocrx_word' id='word_1_39' title='bbox 1976 447 2242 496; x_wconf 65' lang='grc' dir='ltr'>Ἀριστοφάνης.</span> 
     </span>
    </p>
   </div>
   <div class='ocr_carea' id='block_1_7' title="bbox 1255 498 2256 549">
    <p class='ocr_par' dir='ltr' id='par_1_7' title="bbox 1255 498 2256 549">
     <span class='ocr_line' id='line_1_7' title="bbox 1255 498 2256 549; baseline 0.001 -14"><span class='ocrx_word' id='word_1_40' title='bbox 1255 500 1346 537; x_wconf 88' lang='grc'>407.</span> <span class='ocrx_word' id='word_1_41' title='bbox 1378 498 1611 547; x_wconf 83' lang='lat' dir='ltr'>Phrynichus</span> <span class='ocrx_word' id='word_1_42' title='bbox 1629 498 1803 542; x_wconf 86' lang='lat' dir='ltr'><strong>Bekkeri,</strong></span> <span class='ocrx_word' id='word_1_43' title='bbox 1822 513 1860 549; x_wconf 94' lang='lat' dir='ltr'>p.</span> <span class='ocrx_word' id='word_1_44' title='bbox 1882 502 1943 543; x_wconf 93' lang='lat'><strong>20,</strong></span> <span class='ocrx_word' id='word_1_45' title='bbox 1968 501 2027 537; x_wconf 87' lang='lat'>13.</span> <span class='ocrx_word' id='word_1_46' title='bbox 2067 499 2256 548; x_wconf 85' lang='grc' dir='ltr'>Ἀναγκό-</span> 
     </span>
    </p>
   </div>
   <div class='ocr_carea' id='block_1_8' title="bbox 114 551 2257 607">
    <p class='ocr_par' dir='ltr' id='par_1_8' title="bbox 114 551 2257 607">
     <span class='ocr_line' id='line_1_8' title="bbox 114 551 2257 607; baseline 0.003 -19"><span class='ocrx_word' id='word_1_47' title='bbox 114 553 166 591; x_wconf 76' lang='grc' dir='ltr'>καὶ</span> <span class='ocrx_word' id='word_1_48' title='bbox 180 551 357 607; x_wconf 80' lang='grc' dir='ltr'>Αἰσχύλος</span> <span class='ocrx_word' id='word_1_49' title='bbox 374 554 434 592; x_wconf 86' lang='grc' dir='ltr'>τὰς</span> <span class='ocrx_word' id='word_1_50' title='bbox 452 553 488 590; x_wconf 81' lang='grc' dir='ltr'>ἐν</span> <span class='ocrx_word' id='word_1_51' title='bbox 502 553 612 606; x_wconf 75' lang='grc' dir='ltr'>κύκλῳ</span> <span class='ocrx_word' id='word_1_52' title='bbox 629 555 786 592; x_wconf 80' lang='grc' dir='ltr'><strong><em>ἑστώσας</em></strong></span> <span class='ocrx_word' id='word_1_53' title='bbox 800 554 836 590; x_wconf 81' lang='grc' dir='ltr'>ἐν</span> <span class='ocrx_word' id='word_1_54' title='bbox 849 553 999 602; x_wconf 80' lang='grc' dir='ltr'>ἀπείρονι</span> <span class='ocrx_word' id='word_1_55' title='bbox 1019 553 1170 601; x_wconf 82' lang='grc' dir='ltr'>σχήματί</span> <span class='ocrx_word' id='word_1_56' title='bbox 1201 554 1345 602; x_wconf 86' lang='grc' dir='ltr'>δακρυς</span> <span class='ocrx_word' id='word_1_57' title='bbox 1362 566 1370 588; x_wconf 87' lang='lat'>:</span> <span class='ocrx_word' id='word_1_58' title='bbox 1411 555 1429 588; x_wconf 89' lang='grc' dir='ltr'>ὁ</span> <span class='ocrx_word' id='word_1_59' title='bbox 1456 554 1543 601; x_wconf 87' lang='grc' dir='ltr'>πρὸς</span> <span class='ocrx_word' id='word_1_60' title='bbox 1566 553 1712 601; x_wconf 84' lang='grc' dir='ltr'>ἀνάγκην</span> <span class='ocrx_word' id='word_1_61' title='bbox 1738 554 1889 604; x_wconf 78' lang='grc' dir='ltr'>δακρύων</span> <span class='ocrx_word' id='word_1_62' title='bbox 1913 556 1966 592; x_wconf 80' lang='grc' dir='ltr'>καὶ</span> <span class='ocrx_word' id='word_1_63' title='bbox 1993 555 2038 602; x_wconf 85' lang='grc' dir='ltr'>μὴ</span> <span class='ocrx_word' id='word_1_64' title='bbox 2066 555 2102 590; x_wconf 88' lang='grc' dir='ltr'>ἐκ</span> <span class='ocrx_word' id='word_1_65' title='bbox 2128 554 2257 594; x_wconf 63' lang='grc' dir='ltr'>πάθοιτε</span> 
     </span>
    </p>
   </div>
   <div class='ocr_carea' id='block_1_9' title="bbox 112 605 961 814">
    <p class='ocr_par' dir='ltr' id='par_1_9' title="bbox 112 605 961 814">
     <span class='ocr_line' id='line_1_9' title="bbox 112 605 747 654; baseline 0.005 -12"><span class='ocrx_word' id='word_1_66' title='bbox 112 608 222 654; x_wconf 88' lang='grc' dir='ltr'>φησιν</span> <span class='ocrx_word' id='word_1_67' title='bbox 235 605 400 643; x_wconf 78' lang='grc' dir='ltr'>ἵστασθαι</span> <span class='ocrx_word' id='word_1_68' title='bbox 745 643 747 645; x_wconf 87' lang='grc'><em>,</em></span> 
     </span>
     <span class='ocr_line' id='line_1_10' title="bbox 217 659 961 711; baseline 0.005 -15"><span class='ocrx_word' id='word_1_69' title='bbox 217 659 329 707; x_wconf 75' lang='grc' dir='ltr'>Ὑμεῖς</span> <span class='ocrx_word' id='word_1_70' title='bbox 347 661 384 698; x_wconf 83' lang='grc' dir='ltr'>δὲ</span> <span class='ocrx_word' id='word_1_71' title='bbox 402 662 520 708; x_wconf 86' lang='grc' dir='ltr'>βωμὸν</span> <span class='ocrx_word' id='word_1_72' title='bbox 537 662 636 699; x_wconf 81' lang='grc' dir='ltr'>τόνδε</span> <span class='ocrx_word' id='word_1_73' title='bbox 654 662 708 699; x_wconf 80' lang='grc' dir='ltr'>καὶ</span> <span class='ocrx_word' id='word_1_74' title='bbox 725 662 832 711; x_wconf 87' lang='grc' dir='ltr'>πυρὸς</span> <span class='ocrx_word' id='word_1_75' title='bbox 851 661 961 702; x_wconf 81' lang='grc' dir='ltr'>σέλας</span> 
     </span>
     <span class='ocr_line' id='line_1_11' title="bbox 217 714 923 768; baseline 0.001 -18"><span class='ocrx_word' id='word_1_76' title='bbox 217 714 329 765; x_wconf 74' lang='grc' dir='ltr'>κύκλῳ</span> <span class='ocrx_word' id='word_1_77' title='bbox 346 715 535 764; x_wconf 84' lang='grc' dir='ltr'>περίστητ’,</span> <span class='ocrx_word' id='word_1_78' title='bbox 556 716 592 753; x_wconf 85' lang='grc' dir='ltr'>ἐν</span> <span class='ocrx_word' id='word_1_79' title='bbox 608 717 705 768; x_wconf 69' lang='grc' dir='ltr'>λόχῳ</span> <span class='ocrx_word' id='word_1_80' title='bbox 723 716 752 757; x_wconf 85' lang='grc' dir='ltr'>τ’</span> <span class='ocrx_word' id='word_1_81' title='bbox 772 716 923 764; x_wconf 82' lang='grc' dir='ltr'>ἀπείρονι</span> 
     </span>
     <span class='ocr_line' id='line_1_12' title="bbox 217 769 376 814; baseline 0 -10"><span class='ocrx_word' id='word_1_82' title='bbox 217 769 376 814; x_wconf 79' lang='grc' dir='ltr'>εὔξασθε.</span> 
     </span>
    </p>
   </div>
   <div class='ocr_carea' id='block_1_10' title="bbox 107 819 1172 2215">
    <p class='ocr_par' dir='ltr' id='par_1_10' title="bbox 111 819 1165 977">
     <span class='ocr_line' id='line_1_13' title="bbox 115 819 1165 871; baseline -0.001 -14"><span class='ocrx_word' id='word_1_83' title='bbox 115 819 241 870; x_wconf 88' lang='lat' dir='ltr'><strong>Vulgo</strong></span> <span class='ocrx_word' id='word_1_84' title='bbox 275 824 476 871; x_wconf 80' lang='grc' dir='ltr'>παρίστατε.</span> <span class='ocrx_word' id='word_1_85' title='bbox 536 821 711 860; x_wconf 84' lang='lat' dir='ltr'>Correxit</span> <span class='ocrx_word' id='word_1_86' title='bbox 748 822 987 859; x_wconf 88' lang='lat' dir='ltr'><strong>Hermannus</strong></span> <span class='ocrx_word' id='word_1_87' title='bbox 1024 819 1165 869; x_wconf 88' lang='lat' dir='ltr'><strong>Opusc.</strong></span> 
     </span>
     <span class='ocr_line' id='line_1_14' title="bbox 111 873 1165 925; baseline -0.001 -14"><span class='ocrx_word' id='word_1_88' title='bbox 111 874 184 912; x_wconf 86' lang='lat' dir='ltr'><strong>vol.</strong></span> <span class='ocrx_word' id='word_1_89' title='bbox 205 873 258 911; x_wconf 89' lang='grc' dir='ltr'>ΙΙ.</span> <span class='ocrx_word' id='word_1_90' title='bbox 278 889 315 925; x_wconf 92' lang='lat' dir='ltr'>p.</span> <span class='ocrx_word' id='word_1_91' title='bbox 339 878 428 914; x_wconf 86' lang='lat'><strong>325.</strong></span> <span class='ocrx_word' id='word_1_92' title='bbox 465 875 608 917; x_wconf 85' lang='lat' dir='ltr'><strong>Eadem</strong></span> <span class='ocrx_word' id='word_1_93' title='bbox 626 875 666 913; x_wconf 91' lang='lat' dir='ltr'>in</span> <span class='ocrx_word' id='word_1_94' title='bbox 684 875 803 914; x_wconf 89' lang='lat' dir='ltr'><strong>schol.</strong></span> <span class='ocrx_word' id='word_1_95' title='bbox 824 875 871 913; x_wconf 83' lang='lat' dir='ltr'>ad</span> <span class='ocrx_word' id='word_1_96' title='bbox 890 874 1028 924; x_wconf 86' lang='lat' dir='ltr'><strong>Odyss.</strong></span> <span class='ocrx_word' id='word_1_97' title='bbox 1049 891 1081 916; x_wconf 87' lang='lat' dir='ltr'>a,</span> <span class='ocrx_word' id='word_1_98' title='bbox 1102 875 1165 911; x_wconf 88' lang='lat'>98.</span> 
     </span>
     <span class='ocr_line' id='line_1_15' title="bbox 111 928 390 977; baseline 0.011 -12"><span class='ocrx_word' id='word_1_99' title='bbox 111 928 176 965; x_wconf 78' lang='lat' dir='ltr'>ubi</span> <span class='ocrx_word' id='word_1_100' title='bbox 192 931 390 977; x_wconf 84' lang='grc' dir='ltr'>περίστατε.</span> 
     </span>
    </p>

    <p class='ocr_par' dir='ltr' id='par_1_11' title="bbox 110 982 1167 1139">
     <span class='ocr_line' id='line_1_16' title="bbox 165 982 1167 1033; baseline -0.001 -14"><span class='ocrx_word' id='word_1_101' title='bbox 165 984 254 1020; x_wconf 87' lang='grc'>396.</span> <span class='ocrx_word' id='word_1_102' title='bbox 284 983 506 1021; x_wconf 79' lang='lat' dir='ltr'><strong>Eustathius</strong></span> <span class='ocrx_word' id='word_1_103' title='bbox 536 996 575 1033; x_wconf 93' lang='grc' dir='ltr'>Ρ.</span> <span class='ocrx_word' id='word_1_104' title='bbox 603 985 693 1027; x_wconf 88' lang='lat'><strong>995,</strong></span> <span class='ocrx_word' id='word_1_105' title='bbox 723 985 757 1021; x_wconf 92' lang='lat'>1.</span> <span class='ocrx_word' id='word_1_106' title='bbox 812 983 946 1032; x_wconf 85' lang='grc' dir='ltr'>Τρωτός</span> <span class='ocrx_word' id='word_1_107' title='bbox 973 983 1055 1020; x_wconf 84' lang='grc' dir='ltr'>ὅλον</span> <span class='ocrx_word' id='word_1_108' title='bbox 1081 982 1121 1028; x_wconf 84' lang='grc' dir='ltr'>ἦν</span> <span class='ocrx_word' id='word_1_109' title='bbox 1148 985 1167 1018; x_wconf 90' lang='grc' dir='ltr'>ὁ</span> 
     </span>
     <span class='ocr_line' id='line_1_17' title="bbox 110 1035 1167 1087; baseline 0 -15"><span class='ocrx_word' id='word_1_110' title='bbox 110 1035 192 1074; x_wconf 88' lang='grc' dir='ltr'>Α’ίας</span> <span class='ocrx_word' id='word_1_111' title='bbox 218 1038 257 1073; x_wconf 85' lang='grc' dir='ltr'>τὸ</span> <span class='ocrx_word' id='word_1_112' title='bbox 286 1043 386 1086; x_wconf 79' lang='grc' dir='ltr'>σῶμα</span> <span class='ocrx_word' id='word_1_113' title='bbox 413 1040 466 1075; x_wconf 89' lang='grc' dir='ltr'>καὶ</span> <span class='ocrx_word' id='word_1_114' title='bbox 498 1039 538 1074; x_wconf 81' lang='grc' dir='ltr'>οὗ</span> <span class='ocrx_word' id='word_1_115' title='bbox 570 1040 673 1086; x_wconf 86' lang='grc' dir='ltr'>μόνον</span> <span class='ocrx_word' id='word_1_116' title='bbox 699 1039 742 1074; x_wconf 85' lang='grc' dir='ltr'>τὰ</span> <span class='ocrx_word' id='word_1_117' title='bbox 767 1039 846 1087; x_wconf 83' lang='grc' dir='ltr'>περὶ</span> <span class='ocrx_word' id='word_1_118' title='bbox 872 1038 1057 1085; x_wconf 87' lang='grc' dir='ltr'>μασχάλην</span> <span class='ocrx_word' id='word_1_119' title='bbox 1084 1038 1167 1073; x_wconf 87' lang='grc' dir='ltr'>κατὰ</span> 
     </span>
     <span class='ocr_line' id='line_1_18' title="bbox 110 1091 518 1139; baseline 0.002 -12"><span class='ocrx_word' id='word_1_120' title='bbox 110 1091 288 1139; x_wconf 80' lang='grc' dir='ltr'>Αἰσχύλον</span> <span class='ocrx_word' id='word_1_121' title='bbox 306 1094 360 1132; x_wconf 83' lang='grc' dir='ltr'>καὶ</span> <span class='ocrx_word' id='word_1_122' title='bbox 378 1093 518 1131; x_wconf 77' lang='grc' dir='ltr'>ἄλλους.</span> 
     </span>
    </p>

    <p class='ocr_par' dir='ltr' id='par_1_12' title="bbox 107 1143 1166 1354">
     <span class='ocr_line' id='line_1_19' title="bbox 163 1143 1166 1193; baseline 0 -13"><span class='ocrx_word' id='word_1_123' title='bbox 163 1144 253 1182; x_wconf 87' lang='grc'>397.</span> <span class='ocrx_word' id='word_1_124' title='bbox 283 1143 410 1183; x_wconf 85' lang='lat' dir='ltr'><strong>Schol.</strong></span> <span class='ocrx_word' id='word_1_125' title='bbox 443 1144 635 1193; x_wconf 86' lang='lat' dir='ltr'><strong>Aristoph.</strong></span> <span class='ocrx_word' id='word_1_126' title='bbox 668 1144 808 1182; x_wconf 87' lang='lat' dir='ltr'><strong>Avium</strong></span> <span class='ocrx_word' id='word_1_127' title='bbox 843 1157 879 1180; x_wconf 89' lang='lat' dir='ltr'>v.</span> <span class='ocrx_word' id='word_1_128' title='bbox 919 1143 1031 1181; x_wconf 94' lang='lat'><strong>1679.</strong></span> <span class='ocrx_word' id='word_1_129' title='bbox 1101 1146 1166 1180; x_wconf 85' lang='grc' dir='ltr'>Καὶ</span> 
     </span>
     <span class='ocr_line' id='line_1_20' title="bbox 109 1196 1163 1249; baseline -0.001 -15"><span class='ocrx_word' id='word_1_130' title='bbox 109 1198 285 1245; x_wconf 87' lang='grc' dir='ltr'>Αἰσχύλος</span> <span class='ocrx_word' id='word_1_131' title='bbox 315 1199 355 1236; x_wconf 80' lang='grc' dir='ltr'>τὸ</span> <span class='ocrx_word' id='word_1_132' title='bbox 385 1200 606 1249; x_wconf 79' lang='grc' dir='ltr'>βαρβαρίζειν</span> <span class='ocrx_word' id='word_1_133' title='bbox 641 1201 862 1247; x_wconf 77' lang='grc' dir='ltr'>χελιδονίζειν</span> <span class='ocrx_word' id='word_1_134' title='bbox 893 1199 997 1245; x_wconf 85' lang='grc' dir='ltr'>φησί.</span> <span class='ocrx_word' id='word_1_135' title='bbox 1054 1196 1163 1234; x_wconf 83' lang='lat' dir='ltr'><strong>Conf.</strong></span> 
     </span>
     <span class='ocr_line' id='line_1_21' title="bbox 109 1251 1166 1301; baseline 0.001 -14"><span class='ocrx_word' id='word_1_136' title='bbox 109 1251 246 1300; x_wconf 81' lang='lat' dir='ltr'><strong>Agam.</strong></span> <span class='ocrx_word' id='word_1_137' title='bbox 268 1265 305 1288; x_wconf 92' lang='lat' dir='ltr'>v.</span> <span class='ocrx_word' id='word_1_138' title='bbox 331 1254 443 1289; x_wconf 84' lang='lat'><strong>1050.</strong></span> <span class='ocrx_word' id='word_1_139' title='bbox 480 1254 663 1291; x_wconf 85' lang='grc' dir='ltr'>Χελιδόνος</span> <span class='ocrx_word' id='word_1_140' title='bbox 681 1255 775 1301; x_wconf 88' lang='grc' dir='ltr'>δίκην</span> <span class='ocrx_word' id='word_1_141' title='bbox 793 1254 927 1301; x_wconf 84' lang='grc' dir='ltr'>ἀγνῶτα</span> <span class='ocrx_word' id='word_1_142' title='bbox 945 1251 1063 1299; x_wconf 87' lang='grc' dir='ltr'>φωνὴν</span> <span class='ocrx_word' id='word_1_143' title='bbox 1079 1254 1166 1300; x_wconf 85' lang='grc' dir='ltr'>βάρ-</span> 
     </span>
     <span class='ocr_line' id='line_1_22' title="bbox 107 1307 426 1354; baseline 0.003 -12"><span class='ocrx_word' id='word_1_144' title='bbox 107 1307 216 1354; x_wconf 86' lang='grc' dir='ltr'>βαρον</span> <span class='ocrx_word' id='word_1_145' title='bbox 234 1307 426 1354; x_wconf 82' lang='grc' dir='ltr'>κεκτημένη.</span> 
     </span>
    </p>

    <p class='ocr_par' dir='ltr' id='par_1_13' title="bbox 108 1359 1167 1568">
     <span class='ocr_line' id='line_1_23' title="bbox 163 1359 1166 1409; baseline -0.001 -13"><span class='ocrx_word' id='word_1_146' title='bbox 163 1360 253 1397; x_wconf 87' lang='grc'>398.</span> <span class='ocrx_word' id='word_1_147' title='bbox 285 1359 490 1397; x_wconf 77' lang='lat' dir='ltr'>Pausanias</span> <span class='ocrx_word' id='word_1_148' title='bbox 507 1359 619 1406; x_wconf 82' lang='lat' dir='ltr'><strong>VIII,</strong></span> <span class='ocrx_word' id='word_1_149' title='bbox 641 1359 705 1403; x_wconf 89' lang='grc'>37,</span> <span class='ocrx_word' id='word_1_150' title='bbox 727 1362 764 1397; x_wconf 88' lang='grc'>6.</span> <span class='ocrx_word' id='word_1_151' title='bbox 821 1360 998 1409; x_wconf 77' lang='grc' dir='ltr'>Δήμητρος</span> <span class='ocrx_word' id='word_1_152' title='bbox 1025 1361 1062 1396; x_wconf 78' lang='grc' dir='ltr'>δὲ</span> <span class='ocrx_word' id='word_1_153' title='bbox 1078 1359 1166 1407; x_wconf 65' lang='grc' dir='ltr'>Ἀρ-</span> 
     </span>
     <span class='ocr_line' id='line_1_24' title="bbox 109 1412 1167 1464; baseline 0.001 -15"><span class='ocrx_word' id='word_1_154' title='bbox 109 1428 203 1460; x_wconf 86' lang='grc' dir='ltr'>τεμιν</span> <span class='ocrx_word' id='word_1_155' title='bbox 230 1414 398 1464; x_wconf 81' lang='grc' dir='ltr'>θυγατέρα</span> <span class='ocrx_word' id='word_1_156' title='bbox 425 1412 519 1459; x_wconf 82' lang='grc' dir='ltr'>εἶναι,</span> <span class='ocrx_word' id='word_1_157' title='bbox 549 1416 603 1451; x_wconf 81' lang='grc' dir='ltr'>καὶ</span> <span class='ocrx_word' id='word_1_158' title='bbox 631 1416 671 1451; x_wconf 84' lang='grc' dir='ltr'>οὐ</span> <span class='ocrx_word' id='word_1_159' title='bbox 698 1418 838 1461; x_wconf 85' lang='grc' dir='ltr'>Λητοῦς,</span> <span class='ocrx_word' id='word_1_160' title='bbox 868 1414 949 1451; x_wconf 85' lang='grc' dir='ltr'>ὅντα</span> <span class='ocrx_word' id='word_1_161' title='bbox 975 1414 1167 1462; x_wconf 80' lang='grc' dir='ltr'>Αἰγυπτίων</span> 
     </span>
     <span class='ocr_line' id='line_1_25' title="bbox 108 1467 1165 1518; baseline 0.001 -15"><span class='ocrx_word' id='word_1_162' title='bbox 108 1468 168 1503; x_wconf 86' lang='grc' dir='ltr'>τὸν</span> <span class='ocrx_word' id='word_1_163' title='bbox 198 1470 305 1517; x_wconf 86' lang='grc' dir='ltr'>λόγον</span> <span class='ocrx_word' id='word_1_164' title='bbox 336 1468 512 1516; x_wconf 78' lang='grc' dir='ltr'>Αἰσχύλος</span> <span class='ocrx_word' id='word_1_165' title='bbox 544 1469 695 1515; x_wconf 80' lang='grc' dir='ltr'>ἐδίδαξεν</span> <span class='ocrx_word' id='word_1_166' title='bbox 726 1469 948 1518; x_wconf 84' lang='grc' dir='ltr'>Εὐφορίωνος</span> <span class='ocrx_word' id='word_1_167' title='bbox 978 1469 1057 1505; x_wconf 79' lang='grc' dir='ltr'>τοὺς</span> <span class='ocrx_word' id='word_1_168' title='bbox 1077 1467 1165 1504; x_wconf 68' lang='grc' dir='ltr'>’Ἔλ-</span> 
     </span>
     <span class='ocr_line' id='line_1_26' title="bbox 109 1524 223 1568; baseline 0 -10"><span class='ocrx_word' id='word_1_169' title='bbox 109 1524 223 1568; x_wconf 89' lang='grc' dir='ltr'>ληνας.</span> 
     </span>
    </p>

    <p class='ocr_par' dir='ltr' id='par_1_14' title="bbox 110 1575 1165 1676">
     <span class='ocr_line' id='line_1_27' title="bbox 163 1575 1165 1625; baseline 0.002 -15"><span class='ocrx_word' id='word_1_170' title='bbox 163 1576 252 1611; x_wconf 88' lang='grc'>399.</span> <span class='ocrx_word' id='word_1_171' title='bbox 283 1575 509 1625; x_wconf 75' lang='lat' dir='ltr'><strong>Hesychius,</strong></span> <span class='ocrx_word' id='word_1_172' title='bbox 546 1576 734 1615; x_wconf 70' lang='grc' dir='ltr'>Ἀλαιόςε</span> <span class='ocrx_word' id='word_1_173' title='bbox 776 1579 796 1613; x_wconf 87' lang='grc' dir='ltr'><strong><em>ὁ</em></strong></span> <span class='ocrx_word' id='word_1_174' title='bbox 835 1577 992 1619; x_wconf 80' lang='grc' dir='ltr'>παλαιὸς,</span> <span class='ocrx_word' id='word_1_175' title='bbox 1033 1576 1165 1625; x_wconf 76' lang='grc' dir='ltr'>ἄφρων.</span> 
     </span>
     <span class='ocr_line' id='line_1_28' title="bbox 110 1628 607 1676; baseline 0.004 -10"><span class='ocrx_word' id='word_1_176' title='bbox 110 1628 296 1676; x_wconf 84' lang='grc' dir='ltr'>Αἰσχύλος.</span> <span class='ocrx_word' id='word_1_177' title='bbox 352 1629 474 1667; x_wconf 91' lang='lat' dir='ltr'><strong>Immo</strong></span> <span class='ocrx_word' id='word_1_178' title='bbox 492 1630 607 1668; x_wconf 85' lang='grc' dir='ltr'>ἀλεός.</span> 
     </span>
    </p>

    <p class='ocr_par' dir='ltr' id='par_1_15' title="bbox 110 1682 1167 1840">
     <span class='ocr_line' id='line_1_29' title="bbox 161 1682 1167 1735; baseline 0.004 -17"><span class='ocrx_word' id='word_1_179' title='bbox 161 1683 252 1720; x_wconf 92' lang='lat'><strong>400.</strong></span> <span class='ocrx_word' id='word_1_180' title='bbox 281 1682 486 1720; x_wconf 83' lang='lat' dir='ltr'><strong>Athenaeus</strong></span> <span class='ocrx_word' id='word_1_181' title='bbox 505 1682 619 1721; x_wconf 85' lang='lat' dir='ltr'><strong>VIII.</strong></span> <span class='ocrx_word' id='word_1_182' title='bbox 638 1696 677 1735; x_wconf 92' lang='lat' dir='ltr'>p.</span> <span class='ocrx_word' id='word_1_183' title='bbox 699 1685 776 1720; x_wconf 88' lang='grc'>362</span> <span class='ocrx_word' id='word_1_184' title='bbox 795 1683 822 1720; x_wconf 92' lang='lat' dir='ltr'>f.</span> <span class='ocrx_word' id='word_1_185' title='bbox 871 1685 938 1723; x_wconf 79' lang='grc' dir='ltr'>Τὰς</span> <span class='ocrx_word' id='word_1_186' title='bbox 956 1686 994 1722; x_wconf 77' lang='grc' dir='ltr'>δὲ</span> <span class='ocrx_word' id='word_1_187' title='bbox 1012 1682 1167 1722; x_wconf 83' lang='grc' dir='ltr'>τοιαύτας</span> 
     </span>
     <span class='ocr_line' id='line_1_30' title="bbox 110 1737 1167 1788; baseline 0.002 -16"><span class='ocrx_word' id='word_1_188' title='bbox 110 1737 252 1784; x_wconf 82' lang='grc' dir='ltr'>εὐωχίας</span> <span class='ocrx_word' id='word_1_189' title='bbox 283 1737 460 1785; x_wconf 77' lang='grc' dir='ltr'>Αἰσχύλος</span> <span class='ocrx_word' id='word_1_190' title='bbox 493 1739 547 1774; x_wconf 85' lang='grc' dir='ltr'>καὶ</span> <span class='ocrx_word' id='word_1_191' title='bbox 579 1740 765 1788; x_wconf 81' lang='grc' dir='ltr'>Εὐριπίδης</span> <span class='ocrx_word' id='word_1_192' title='bbox 797 1739 971 1777; x_wconf 79' lang='grc' dir='ltr'>εἰλαπίνας</span> <span class='ocrx_word' id='word_1_193' title='bbox 1003 1739 1069 1775; x_wconf 84' lang='grc' dir='ltr'>ἀπὸ</span> <span class='ocrx_word' id='word_1_194' title='bbox 1107 1742 1167 1775; x_wconf 85' lang='grc' dir='ltr'>τοῦ</span> 
     </span>
     <span class='ocr_line' id='line_1_31' title="bbox 110 1793 337 1840; baseline 0.004 -13"><span class='ocrx_word' id='word_1_195' title='bbox 110 1793 337 1840; x_wconf 87' lang='grc' dir='ltr'>λελαπάχθαι.</span> 
     </span>
    </p>

    <p class='ocr_par' dir='ltr' id='par_1_16' title="bbox 110 1844 1172 2215">
     <span class='ocr_line' id='line_1_32' title="bbox 163 1844 1168 1896; baseline 0.002 -15"><span class='ocrx_word' id='word_1_196' title='bbox 163 1847 254 1882; x_wconf 95' lang='grc'>401.</span> <span class='ocrx_word' id='word_1_197' title='bbox 283 1844 498 1894; x_wconf 86' lang='lat' dir='ltr'><strong>Etymolog.</strong></span> <span class='ocrx_word' id='word_1_198' title='bbox 519 1845 737 1886; x_wconf 88' lang='lat' dir='ltr'><strong>Gudianum</strong></span> <span class='ocrx_word' id='word_1_199' title='bbox 759 1859 796 1896; x_wconf 89' lang='lat' dir='ltr'>p.</span> <span class='ocrx_word' id='word_1_200' title='bbox 818 1846 908 1888; x_wconf 82' lang='lat'><strong>378,</strong></span> <span class='ocrx_word' id='word_1_201' title='bbox 930 1847 994 1883; x_wconf 88' lang='grc'>38.</span> <span class='ocrx_word' id='word_1_202' title='bbox 1051 1848 1168 1890; x_wconf 86' lang='grc' dir='ltr'>Μανὸν</span> 
     </span>
     <span class='ocr_line' id='line_1_33' title="bbox 110 1899 1169 1950; baseline 0.005 -17"><span class='ocrx_word' id='word_1_203' title='bbox 110 1899 232 1947; x_wconf 76' lang='grc' dir='ltr'>ἔλεγον</span> <span class='ocrx_word' id='word_1_204' title='bbox 257 1899 297 1936; x_wconf 78' lang='grc' dir='ltr'>τὸ</span> <span class='ocrx_word' id='word_1_205' title='bbox 325 1900 453 1947; x_wconf 85' lang='grc' dir='ltr'>ἀραιὸν,</span> <span class='ocrx_word' id='word_1_206' title='bbox 474 1900 519 1937; x_wconf 86' lang='grc' dir='ltr'>ὡς</span> <span class='ocrx_word' id='word_1_207' title='bbox 546 1901 600 1936; x_wconf 85' lang='grc' dir='ltr'>καὶ</span> <span class='ocrx_word' id='word_1_208' title='bbox 624 1901 800 1950; x_wconf 76' lang='grc' dir='ltr'>Αἰσχύλος</span> <span class='ocrx_word' id='word_1_209' title='bbox 820 1901 913 1937; x_wconf 85' lang='grc' dir='ltr'>“Ἐν</span> <span class='ocrx_word' id='word_1_210' title='bbox 939 1900 1169 1947; x_wconf 81' lang='grc' dir='ltr'>μανοστῆμοις</span> 
     </span>
     <span class='ocr_line' id='line_1_34' title="bbox 111 1952 1166 2003; baseline -0.001 -13"><span class='ocrx_word' id='word_1_211' title='bbox 111 1952 278 1990; x_wconf 84' lang='grc' dir='ltr'>πέπλοις”</span> <span class='ocrx_word' id='word_1_212' title='bbox 304 1953 394 1989; x_wconf 79' lang='grc' dir='ltr'>τοῦτ’</span> <span class='ocrx_word' id='word_1_213' title='bbox 420 1954 516 1990; x_wconf 79' lang='grc' dir='ltr'>ἔστιν</span> <span class='ocrx_word' id='word_1_214' title='bbox 540 1955 679 2003; x_wconf 84' lang='grc' dir='ltr'>ἀραιοῖς.</span> <span class='ocrx_word' id='word_1_215' title='bbox 734 1954 877 1991; x_wconf 83' lang='lat' dir='ltr'><strong>Eadem</strong></span> <span class='ocrx_word' id='word_1_216' title='bbox 896 1965 943 1989; x_wconf 81' lang='lat' dir='ltr'>ex</span> <span class='ocrx_word' id='word_1_217' title='bbox 962 1952 1042 1990; x_wconf 81' lang='lat' dir='ltr'><strong>aliis</strong></span> <span class='ocrx_word' id='word_1_218' title='bbox 1067 1953 1166 1990; x_wconf 83' lang='lat' dir='ltr'><strong>codi-</strong></span> 
     </span>
     <span class='ocr_line' id='line_1_35' title="bbox 113 2005 1166 2054; baseline 0.001 -12"><span class='ocrx_word' id='word_1_219' title='bbox 113 2006 217 2043; x_wconf 80' lang='lat' dir='ltr'><strong>cibus</strong></span> <span class='ocrx_word' id='word_1_220' title='bbox 236 2005 430 2042; x_wconf 88' lang='lat' dir='ltr'><strong>ediderunt</strong></span> <span class='ocrx_word' id='word_1_221' title='bbox 449 2005 652 2044; x_wconf 84' lang='lat' dir='ltr'>Salmasius</span> <span class='ocrx_word' id='word_1_222' title='bbox 671 2007 719 2044; x_wconf 89' lang='lat' dir='ltr'>ad</span> <span class='ocrx_word' id='word_1_223' title='bbox 735 2006 1004 2049; x_wconf 85' lang='lat' dir='ltr'><strong>Tertullianum</strong></span> <span class='ocrx_word' id='word_1_224' title='bbox 1023 2006 1069 2043; x_wconf 87' lang='lat' dir='ltr'>de</span> <span class='ocrx_word' id='word_1_225' title='bbox 1087 2007 1166 2054; x_wconf 91' lang='lat' dir='ltr'><strong>pal-</strong></span> 
     </span>
     <span class='ocr_line' id='line_1_36' title="bbox 113 2058 1167 2109; baseline 0.001 -14"><span class='ocrx_word' id='word_1_226' title='bbox 113 2059 162 2096; x_wconf 92' lang='lat' dir='ltr'>lio</span> <span class='ocrx_word' id='word_1_227' title='bbox 180 2072 217 2108; x_wconf 92' lang='lat' dir='ltr'>p.</span> <span class='ocrx_word' id='word_1_228' title='bbox 237 2060 301 2095; x_wconf 91' lang='lat'>41.</span> <span class='ocrx_word' id='word_1_229' title='bbox 352 2058 596 2096; x_wconf 82' lang='lat' dir='ltr'><strong>Ruhnkem‘us</strong></span> <span class='ocrx_word' id='word_1_230' title='bbox 614 2061 663 2097; x_wconf 89' lang='lat' dir='ltr'>ad</span> <span class='ocrx_word' id='word_1_231' title='bbox 680 2060 861 2097; x_wconf 89' lang='lat' dir='ltr'><strong>Timaeum</strong></span> <span class='ocrx_word' id='word_1_232' title='bbox 878 2072 916 2109; x_wconf 94' lang='lat' dir='ltr'>p.</span> <span class='ocrx_word' id='word_1_233' title='bbox 943 2059 1028 2097; x_wconf 88' lang='lat'><strong>177.</strong></span> <span class='ocrx_word' id='word_1_234' title='bbox 1079 2059 1167 2098; x_wconf 87' lang='lat' dir='ltr'><strong>Blo-</strong></span> 
     </span>
     <span class='ocr_line' id='line_1_37' title="bbox 114 2112 1170 2164; baseline 0 -15"><span class='ocrx_word' id='word_1_235' title='bbox 114 2112 219 2150; x_wconf 79' lang='lat' dir='ltr'><strong>chius</strong></span> <span class='ocrx_word' id='word_1_236' title='bbox 244 2112 291 2149; x_wconf 84' lang='lat' dir='ltr'>ad</span> <span class='ocrx_word' id='word_1_237' title='bbox 309 2112 526 2162; x_wconf 82' lang='lat' dir='ltr'><strong>Etymolog.</strong></span> <span class='ocrx_word' id='word_1_238' title='bbox 546 2112 603 2149; x_wconf 91' lang='lat' dir='ltr'>M.</span> <span class='ocrx_word' id='word_1_239' title='bbox 625 2113 677 2151; x_wconf 86' lang='lat' dir='ltr'>II.</span> <span class='ocrx_word' id='word_1_240' title='bbox 698 2127 736 2164; x_wconf 92' lang='grc' dir='ltr'>Ρ.</span> <span class='ocrx_word' id='word_1_241' title='bbox 759 2113 849 2151; x_wconf 89' lang='grc'>957.</span> <span class='ocrx_word' id='word_1_242' title='bbox 869 2114 1098 2161; x_wconf 85' lang='grc' dir='ltr'>μανοστὴμοις</span> <span class='ocrx_word' id='word_1_243' title='bbox 1122 2125 1170 2149; x_wconf 85' lang='lat' dir='ltr'>ex</span> 
     </span>
     <span class='ocr_line' id='line_1_38' title="bbox 113 2165 1172 2215; baseline 0 -13"><span class='ocrx_word' id='word_1_244' title='bbox 113 2165 186 2202; x_wconf 89' lang='lat' dir='ltr'><strong>hoc</strong></span> <span class='ocrx_word' id='word_1_245' title='bbox 216 2165 299 2202; x_wconf 93' lang='lat' dir='ltr'><strong>loco</strong></span> <span class='ocrx_word' id='word_1_246' title='bbox 328 2165 552 2214; x_wconf 81' lang='lat' dir='ltr'><strong>Hesychius,</strong></span> <span class='ocrx_word' id='word_1_247' title='bbox 609 2165 654 2203; x_wconf 94' lang='lat' dir='ltr'>Id</span> <span class='ocrx_word' id='word_1_248' title='bbox 685 2166 806 2215; x_wconf 85' lang='lat' dir='ltr'><strong>prima</strong></span> <span class='ocrx_word' id='word_1_249' title='bbox 833 2166 974 2215; x_wconf 83' lang='lat' dir='ltr'><strong>syllaba</strong></span> <span class='ocrx_word' id='word_1_250' title='bbox 1001 2172 1172 2215; x_wconf 86' lang='lat' dir='ltr'><strong>correpta</strong></span> 
     </span>
    </p>
   </div>
   <div class='ocr_carea' id='block_1_11' title="bbox 1200 607 2283 2204">
    <p class='ocr_par' dir='ltr' id='par_1_17' title="bbox 1201 607 1793 655">
     <span class='ocr_line' id='line_1_39' title="bbox 1201 607 1793 655; baseline 0.002 -12"><span class='ocrx_word' id='word_1_251' title='bbox 1201 607 1293 645; x_wconf 80' lang='grc' dir='ltr'>τινὸς</span> <span class='ocrx_word' id='word_1_252' title='bbox 1311 607 1330 653; x_wconf 87' lang='grc' dir='ltr'>ἢ</span> <span class='ocrx_word' id='word_1_253' title='bbox 1351 608 1547 655; x_wconf 84' lang='grc' dir='ltr'>συμφορᾶς.</span> <span class='ocrx_word' id='word_1_254' title='bbox 1604 607 1793 655; x_wconf 80' lang='grc' dir='ltr'>Αἰσχύλος.</span> 
     </span>
    </p>

    <p class='ocr_par' dir='ltr' id='par_1_18' title="bbox 1201 659 2259 1019">
     <span class='ocr_line' id='line_1_40' title="bbox 1255 659 2256 710; baseline 0.002 -14"><span class='ocrx_word' id='word_1_255' title='bbox 1255 662 1342 697; x_wconf 86' lang='grc'>408.</span> <span class='ocrx_word' id='word_1_256' title='bbox 1375 659 1612 708; x_wconf 84' lang='lat' dir='ltr'><strong>Phrynichus</strong></span> <span class='ocrx_word' id='word_1_257' title='bbox 1638 659 1802 697; x_wconf 90' lang='lat' dir='ltr'><strong>Bekkeri</strong></span> <span class='ocrx_word' id='word_1_258' title='bbox 1827 673 1865 710; x_wconf 93' lang='lat' dir='ltr'>p.</span> <span class='ocrx_word' id='word_1_259' title='bbox 1896 662 1958 703; x_wconf 90' lang='lat'><strong>23,</strong></span> <span class='ocrx_word' id='word_1_260' title='bbox 1989 662 2049 698; x_wconf 89' lang='grc'>12.</span> <span class='ocrx_word' id='word_1_261' title='bbox 2103 661 2256 703; x_wconf 83' lang='grc' dir='ltr'>Ἀκται-</span> 
     </span>
     <span class='ocr_line' id='line_1_41' title="bbox 1202 713 2257 765; baseline 0.003 -15"><span class='ocrx_word' id='word_1_262' title='bbox 1202 719 1327 751; x_wconf 85' lang='grc' dir='ltr'>νῶσαι</span> <span class='ocrx_word' id='word_1_263' title='bbox 1345 714 1587 761; x_wconf 71' lang='grc' dir='ltr'>τ-Αἰσχύλος</span> <span class='ocrx_word' id='word_1_264' title='bbox 1616 715 1758 751; x_wconf 82' lang='grc' dir='ltr'>“οὖκέτ’</span> <span class='ocrx_word' id='word_1_265' title='bbox 1784 713 1951 752; x_wconf 84' lang='grc' dir='ltr'>ἀκταίνω”</span> <span class='ocrx_word' id='word_1_266' title='bbox 1977 716 2079 763; x_wconf 72' lang='grc' dir='ltr'>φησὶ,</span> <span class='ocrx_word' id='word_1_267' title='bbox 2106 718 2257 765; x_wconf 80' lang='grc' dir='ltr'>βαρυτό-</span> 
     </span>
     <span class='ocr_line' id='line_1_42' title="bbox 1202 767 2255 818; baseline 0.002 -14"><span class='ocrx_word' id='word_1_268' title='bbox 1202 784 1275 810; x_wconf 84' lang='grc' dir='ltr'>νως,</span> <span class='ocrx_word' id='word_1_269' title='bbox 1305 767 1376 805; x_wconf 81' lang='grc' dir='ltr'>οἷον</span> <span class='ocrx_word' id='word_1_270' title='bbox 1402 768 1512 804; x_wconf 80' lang='grc' dir='ltr'>οὐκέτι</span> <span class='ocrx_word' id='word_1_271' title='bbox 1540 769 1664 818; x_wconf 84' lang='grc' dir='ltr'>ὀρθοῦν</span> <span class='ocrx_word' id='word_1_272' title='bbox 1695 769 1836 817; x_wconf 88' lang='grc' dir='ltr'>δύναμαι</span> <span class='ocrx_word' id='word_1_273' title='bbox 1868 769 2025 816; x_wconf 79' lang='grc' dir='ltr'>ἐμαυτήν.</span> <span class='ocrx_word' id='word_1_274' title='bbox 2082 767 2145 805; x_wconf 89' lang='lat' dir='ltr'>Ad</span> <span class='ocrx_word' id='word_1_275' title='bbox 2175 768 2255 811; x_wconf 84' lang='lat' dir='ltr'><strong>Eu-</strong></span> 
     </span>
     <span class='ocr_line' id='line_1_43' title="bbox 1201 821 2258 870; baseline 0 -13"><span class='ocrx_word' id='word_1_276' title='bbox 1201 821 1339 858; x_wconf 85' lang='lat' dir='ltr'><strong>menid.</strong></span> <span class='ocrx_word' id='word_1_277' title='bbox 1364 833 1402 857; x_wconf 90' lang='lat' dir='ltr'>v.</span> <span class='ocrx_word' id='word_1_278' title='bbox 1424 822 1486 857; x_wconf 90' lang='grc'>36.</span> <span class='ocrx_word' id='word_1_279' title='bbox 1514 822 1558 860; x_wconf 82' lang='grc' dir='ltr'>ὡς</span> <span class='ocrx_word' id='word_1_280' title='bbox 1582 822 1666 870; x_wconf 84' lang='grc' dir='ltr'>μήτε</span> <span class='ocrx_word' id='word_1_281' title='bbox 1691 826 1814 861; x_wconf 85' lang='grc' dir='ltr'>σωκεῖν</span> <span class='ocrx_word' id='word_1_282' title='bbox 1837 823 1921 870; x_wconf 82' lang='grc' dir='ltr'>μήτε</span> <span class='ocrx_word' id='word_1_283' title='bbox 1943 823 1977 870; x_wconf 87' lang='grc' dir='ltr'>μ’</span> <span class='ocrx_word' id='word_1_284' title='bbox 2003 824 2167 861; x_wconf 80' lang='grc' dir='ltr'>ἀκταίνειν</span> <span class='ocrx_word' id='word_1_285' title='bbox 2189 825 2258 869; x_wconf 66' lang='grc' dir='ltr'>βά,</span> 
     </span>
     <span class='ocr_line' id='line_1_44' title="bbox 1202 874 2259 930; baseline 0.001 -18"><span class='ocrx_word' id='word_1_286' title='bbox 1202 891 1259 912; x_wconf 87' lang='grc' dir='ltr'>σιν</span> <span class='ocrx_word' id='word_1_287' title='bbox 1293 874 1421 911; x_wconf 89' lang='lat' dir='ltr'><strong>retulit</strong></span> <span class='ocrx_word' id='word_1_288' title='bbox 1454 874 1704 912; x_wconf 88' lang='lat' dir='ltr'><strong>Ruhnkenius</strong></span> <span class='ocrx_word' id='word_1_289' title='bbox 1739 876 1788 913; x_wconf 89' lang='lat' dir='ltr'>ad</span> <span class='ocrx_word' id='word_1_290' title='bbox 1817 875 2000 913; x_wconf 77' lang='lat' dir='ltr'><strong>Timaeum</strong></span> <span class='ocrx_word' id='word_1_291' title='bbox 2034 889 2071 926; x_wconf 88' lang='lat' dir='ltr'><strong>p.</strong></span> <span class='ocrx_word' id='word_1_292' title='bbox 2102 876 2165 913; x_wconf 92' lang='lat'>21.</span> <span class='ocrx_word' id='word_1_293' title='bbox 2195 875 2259 930; x_wconf 78' lang='lat' dir='ltr'>qui</span> 
     </span>
     <span class='ocr_line' id='line_1_45' title="bbox 1201 927 2255 977; baseline 0.002 -13"><span class='ocrx_word' id='word_1_294' title='bbox 1201 927 1358 965; x_wconf 86' lang='lat' dir='ltr'><strong>aliorum</strong></span> <span class='ocrx_word' id='word_1_295' title='bbox 1386 927 1714 977; x_wconf 86' lang='lat' dir='ltr'><strong>grammaticorum</strong></span> <span class='ocrx_word' id='word_1_296' title='bbox 1748 929 1794 970; x_wconf 86' lang='lat' dir='ltr'>de</span> <span class='ocrx_word' id='word_1_297' title='bbox 1824 928 1896 966; x_wconf 91' lang='lat' dir='ltr'><strong>hoc</strong></span> <span class='ocrx_word' id='word_1_298' title='bbox 1921 929 2037 967; x_wconf 82' lang='lat' dir='ltr'><strong>verbo</strong></span> <span class='ocrx_word' id='word_1_299' title='bbox 2066 928 2170 966; x_wconf 89' lang='lat' dir='ltr'><strong>locos</strong></span> <span class='ocrx_word' id='word_1_300' title='bbox 2199 928 2255 971; x_wconf 83' lang='lat' dir='ltr'><strong>in-</strong></span> 
     </span>
     <span class='ocr_line' id='line_1_46' title="bbox 1201 981 1312 1019; baseline 0.018 -2"><span class='ocrx_word' id='word_1_301' title='bbox 1201 981 1312 1019; x_wconf 84' lang='lat' dir='ltr'><strong>dicat.</strong></span> 
     </span>
    </p>

    <p class='ocr_par' dir='ltr' id='par_1_19' title="bbox 1203 1034 2025 1136">
     <span class='ocr_line' id='line_1_47' title="bbox 1253 1034 2025 1086; baseline 0.003 -14"><span class='ocrx_word' id='word_1_302' title='bbox 1253 1036 1344 1072; x_wconf 89' lang='lat'><strong>409.</strong></span> <span class='ocrx_word' id='word_1_303' title='bbox 1374 1034 1606 1084; x_wconf 81' lang='lat' dir='ltr'><strong>Phrynichus</strong></span> <span class='ocrx_word' id='word_1_304' title='bbox 1629 1035 1791 1073; x_wconf 90' lang='lat' dir='ltr'><strong>Bekkeri</strong></span> <span class='ocrx_word' id='word_1_305' title='bbox 1817 1049 1855 1086; x_wconf 91' lang='lat' dir='ltr'><strong>p.</strong></span> <span class='ocrx_word' id='word_1_306' title='bbox 1875 1037 1940 1079; x_wconf 86' lang='lat'><strong>48,</strong></span> <span class='ocrx_word' id='word_1_307' title='bbox 1962 1038 2025 1074; x_wconf 87' lang='lat'><strong>21.</strong></span> 
     </span>
     <span class='ocr_line' id='line_1_48' title="bbox 1203 1088 1625 1136; baseline 0 -11"><span class='ocrx_word' id='word_1_308' title='bbox 1203 1091 1226 1109; x_wconf 90' lang='lat'><strong>“</strong></span> <span class='ocrx_word' id='word_1_309' title='bbox 1239 1091 1295 1136; x_wconf 88' lang='grc' dir='ltr'>Μὴ</span> <span class='ocrx_word' id='word_1_310' title='bbox 1316 1092 1426 1126; x_wconf 83' lang='grc' dir='ltr'>κακοῖς</span> <span class='ocrx_word' id='word_1_311' title='bbox 1446 1090 1484 1125; x_wconf 84' lang='grc' dir='ltr'>ἰῶ</span> <span class='ocrx_word' id='word_1_312' title='bbox 1503 1088 1625 1126; x_wconf 80' lang='grc' dir='ltr'>κακά.”</span> 
     </span>
    </p>

    <p class='ocr_par' dir='ltr' id='par_1_20' title="bbox 1200 1141 2256 1247">
     <span class='ocr_line' id='line_1_49' title="bbox 1254 1141 2256 1194; baseline 0.005 -16"><span class='ocrx_word' id='word_1_313' title='bbox 1254 1144 1344 1180; x_wconf 81' lang='grc'>410.</span> <span class='ocrx_word' id='word_1_314' title='bbox 1377 1141 1651 1180; x_wconf 84' lang='lat' dir='ltr'><strong>Grammaticus</strong></span> <span class='ocrx_word' id='word_1_315' title='bbox 1668 1142 1831 1182; x_wconf 87' lang='lat' dir='ltr'><strong>Bekkeri</strong></span> <span class='ocrx_word' id='word_1_316' title='bbox 1849 1143 1879 1181; x_wconf 90' lang='grc' dir='ltr'>Ι.</span> <span class='ocrx_word' id='word_1_317' title='bbox 1895 1157 1934 1193; x_wconf 92' lang='lat' dir='ltr'><strong>p.</strong></span> <span class='ocrx_word' id='word_1_318' title='bbox 1951 1144 2041 1188; x_wconf 89' lang='grc'>337,</span> <span class='ocrx_word' id='word_1_319' title='bbox 2058 1147 2095 1182; x_wconf 90' lang='grc'>8.</span> <span class='ocrx_word' id='word_1_320' title='bbox 2124 1143 2256 1194; x_wconf 87' lang='grc' dir='ltr'>Αἰσχύ-</span> 
     </span>
     <span class='ocr_line' id='line_1_50' title="bbox 1200 1197 1900 1247; baseline 0.001 -15"><span class='ocrx_word' id='word_1_321' title='bbox 1200 1199 1262 1234; x_wconf 90' lang='grc' dir='ltr'>λος</span> <span class='ocrx_word' id='word_1_322' title='bbox 1280 1197 1319 1233; x_wconf 86' lang='grc' dir='ltr'>δέ</span> <span class='ocrx_word' id='word_1_323' title='bbox 1336 1199 1426 1245; x_wconf 89' lang='grc' dir='ltr'>φησι</span> <span class='ocrx_word' id='word_1_324' title='bbox 1446 1198 1499 1233; x_wconf 86' lang='grc' dir='ltr'>καὶ</span> <span class='ocrx_word' id='word_1_325' title='bbox 1521 1198 1648 1247; x_wconf 68' lang='grc' dir='ltr'>αφρὴν</span> <span class='ocrx_word' id='word_1_326' title='bbox 1665 1197 1900 1245; x_wconf 82' lang='grc' dir='ltr'>ἀγέλαστος.”</span> 
     </span>
    </p>

    <p class='ocr_par' dir='ltr' id='par_1_21' title="bbox 1201 1249 2257 1405">
     <span class='ocr_line' id='line_1_51' title="bbox 1256 1249 2257 1301; baseline 0.004 -16"><span class='ocrx_word' id='word_1_327' title='bbox 1256 1251 1344 1286; x_wconf 90' lang='grc'>411.</span> <span class='ocrx_word' id='word_1_328' title='bbox 1377 1249 1651 1287; x_wconf 84' lang='lat' dir='ltr'><strong>Grammaticus</strong></span> <span class='ocrx_word' id='word_1_329' title='bbox 1670 1250 1833 1289; x_wconf 89' lang='lat' dir='ltr'><strong>Bekkeri</strong></span> <span class='ocrx_word' id='word_1_330' title='bbox 1851 1250 1882 1288; x_wconf 91' lang='lat' dir='ltr'>I.</span> <span class='ocrx_word' id='word_1_331' title='bbox 1901 1263 1938 1301; x_wconf 88' lang='lat' dir='ltr'>p.</span> <span class='ocrx_word' id='word_1_332' title='bbox 1959 1251 2048 1294; x_wconf 88' lang='grc'>347,</span> <span class='ocrx_word' id='word_1_333' title='bbox 2070 1254 2132 1296; x_wconf 85' lang='grc'>32.</span> <span class='ocrx_word' id='word_1_334' title='bbox 2151 1251 2257 1289; x_wconf 76' lang='grc' dir='ltr'>Ἀει-</span> 
     </span>
     <span class='ocr_line' id='line_1_52' title="bbox 1201 1303 1694 1355; baseline 0.004 -16"><span class='ocrx_word' id='word_1_335' title='bbox 1201 1306 1276 1340; x_wconf 54' lang='lat' dir='ltr'>aa:</span> <span class='ocrx_word' id='word_1_336' title='bbox 1319 1306 1360 1340; x_wconf 87' lang='grc' dir='ltr'>τὰ</span> <span class='ocrx_word' id='word_1_337' title='bbox 1386 1303 1558 1341; x_wconf 89' lang='grc' dir='ltr'>πολύσκια</span> <span class='ocrx_word' id='word_1_338' title='bbox 1583 1306 1694 1355; x_wconf 85' lang='grc' dir='ltr'>χωρία</span> 
     </span>
     <span class='ocr_line' id='line_1_53' title="bbox 1203 1357 1516 1405; baseline 0 -11"><span class='ocrx_word' id='word_1_339' title='bbox 1203 1357 1309 1395; x_wconf 78' lang='grc' dir='ltr'>οὕτως</span> <span class='ocrx_word' id='word_1_340' title='bbox 1328 1358 1516 1405; x_wconf 89' lang='grc' dir='ltr'>Αἰσχύλος.</span> 
     </span>
    </p>

    <p class='ocr_par' dir='ltr' id='par_1_22' title="bbox 1204 1410 2257 1515">
     <span class='ocr_line' id='line_1_54' title="bbox 1256 1410 2257 1463; baseline 0.005 -17"><span class='ocrx_word' id='word_1_341' title='bbox 1256 1412 1344 1447; x_wconf 85' lang='grc'>412.</span> <span class='ocrx_word' id='word_1_342' title='bbox 1377 1410 1654 1449; x_wconf 84' lang='lat' dir='ltr'><strong>Grammaticus</strong></span> <span class='ocrx_word' id='word_1_343' title='bbox 1671 1410 1833 1450; x_wconf 89' lang='lat' dir='ltr'><strong>Bekkeri</strong></span> <span class='ocrx_word' id='word_1_344' title='bbox 1852 1412 1882 1451; x_wconf 91' lang='lat'>1.</span> <span class='ocrx_word' id='word_1_345' title='bbox 1897 1426 1934 1463; x_wconf 90' lang='lat' dir='ltr'>p.</span> <span class='ocrx_word' id='word_1_346' title='bbox 1952 1414 2041 1457; x_wconf 87' lang='lat'><strong>349,</strong></span> <span class='ocrx_word' id='word_1_347' title='bbox 2058 1416 2095 1454; x_wconf 77' lang='lat'>6.</span> <span class='ocrx_word' id='word_1_348' title='bbox 2123 1414 2257 1462; x_wconf 85' lang='grc' dir='ltr'>Ἀηδό-</span> 
     </span>
     <span class='ocr_line' id='line_1_55' title="bbox 1204 1466 1715 1515; baseline 0.006 -14"><span class='ocrx_word' id='word_1_349' title='bbox 1204 1481 1310 1503; x_wconf 87' lang='grc' dir='ltr'>νειος</span> <span class='ocrx_word' id='word_1_350' title='bbox 1337 1466 1507 1514; x_wconf 72' lang='grc' dir='ltr'>θρῆνοςε</span> <span class='ocrx_word' id='word_1_351' title='bbox 1537 1466 1715 1515; x_wconf 82' lang='grc' dir='ltr'>Αἰσχύλος</span> 
     </span>
    </p>

    <p class='ocr_par' dir='ltr' id='par_1_23' title="bbox 1205 1521 1852 1619">
     <span class='ocr_line' id='line_1_56' title="bbox 1312 1521 1852 1569; baseline 0.006 -14"><span class='ocrx_word' id='word_1_352' title='bbox 1312 1523 1435 1568; x_wconf 84' lang='grc' dir='ltr'>Θρηνεῖ</span> <span class='ocrx_word' id='word_1_353' title='bbox 1453 1521 1490 1556; x_wconf 79' lang='grc' dir='ltr'>δὲ</span> <span class='ocrx_word' id='word_1_354' title='bbox 1507 1522 1591 1569; x_wconf 81' lang='grc' dir='ltr'>γόον</span> <span class='ocrx_word' id='word_1_355' title='bbox 1608 1523 1668 1558; x_wconf 86' lang='grc' dir='ltr'>τὸν</span> <span class='ocrx_word' id='word_1_356' title='bbox 1685 1522 1852 1568; x_wconf 84' lang='grc' dir='ltr'>ἀηδόνιον.</span> 
     </span>
     <span class='ocr_line' id='line_1_57' title="bbox 1205 1570 1537 1619; baseline 0.006 -12"><span class='ocrx_word' id='word_1_357' title='bbox 1205 1570 1336 1609; x_wconf 80' lang='lat' dir='ltr'>Codex</span> <span class='ocrx_word' id='word_1_358' title='bbox 1353 1575 1537 1619; x_wconf 86' lang='grc' dir='ltr'>ἀηδόνειον.</span> 
     </span>
    </p>

    <p class='ocr_par' dir='ltr' id='par_1_24' title="bbox 1204 1626 2260 1733">
     <span class='ocr_line' id='line_1_58' title="bbox 1256 1626 2260 1679; baseline 0.008 -18"><span class='ocrx_word' id='word_1_359' title='bbox 1256 1627 1346 1662; x_wconf 91' lang='grc'>413.</span> <span class='ocrx_word' id='word_1_360' title='bbox 1378 1626 1652 1664; x_wconf 87' lang='lat' dir='ltr'><strong>Grammaticus</strong></span> <span class='ocrx_word' id='word_1_361' title='bbox 1672 1628 1837 1666; x_wconf 88' lang='lat' dir='ltr'><strong>Bekkeri</strong></span> <span class='ocrx_word' id='word_1_362' title='bbox 1856 1630 1888 1667; x_wconf 94' lang='lat' dir='ltr'>I.</span> <span class='ocrx_word' id='word_1_363' title='bbox 1909 1643 1945 1679; x_wconf 88' lang='lat' dir='ltr'>p.</span> <span class='ocrx_word' id='word_1_364' title='bbox 1968 1631 2056 1673; x_wconf 87' lang='lat'><strong>363,</strong></span> <span class='ocrx_word' id='word_1_365' title='bbox 2080 1630 2141 1669; x_wconf 92' lang='grc'>17.</span> <span class='ocrx_word' id='word_1_366' title='bbox 2180 1631 2260 1671; x_wconf 79' lang='grc' dir='ltr'>Αἰῶ</span> 
     </span>
     <span class='ocr_line' id='line_1_59' title="bbox 1204 1680 1994 1733; baseline 0.008 -18"><span class='ocrx_word' id='word_1_367' title='bbox 1204 1681 1263 1716; x_wconf 83' lang='grc' dir='ltr'>τὸν</span> <span class='ocrx_word' id='word_1_368' title='bbox 1281 1680 1384 1718; x_wconf 80' lang='grc' dir='ltr'>αἰῶνα</span> <span class='ocrx_word' id='word_1_369' title='bbox 1402 1683 1486 1719; x_wconf 86' lang='grc' dir='ltr'>κατὰ</span> <span class='ocrx_word' id='word_1_370' title='bbox 1503 1683 1678 1729; x_wconf 84' lang='grc' dir='ltr'>ἀποκοπὴν</span> <span class='ocrx_word' id='word_1_371' title='bbox 1697 1684 1873 1733; x_wconf 88' lang='grc' dir='ltr'>Αἰσχύλος</span> <span class='ocrx_word' id='word_1_372' title='bbox 1891 1683 1994 1722; x_wconf 81' lang='grc' dir='ltr'>εἶπεν.</span> 
     </span>
    </p>

    <p class='ocr_par' dir='ltr' id='par_1_25' title="bbox 1205 1733 2260 1889">
     <span class='ocr_line' id='line_1_60' title="bbox 1258 1733 2259 1787; baseline 0.007 -19"><span class='ocrx_word' id='word_1_373' title='bbox 1258 1734 1346 1772; x_wconf 84' lang='grc'>414.</span> <span class='ocrx_word' id='word_1_374' title='bbox 1379 1733 1652 1772; x_wconf 84' lang='lat' dir='ltr'><strong>Grammaticus</strong></span> <span class='ocrx_word' id='word_1_375' title='bbox 1671 1736 1832 1774; x_wconf 87' lang='lat' dir='ltr'><strong>Bekkeri</strong></span> <span class='ocrx_word' id='word_1_376' title='bbox 1845 1737 1877 1775; x_wconf 96' lang='lat' dir='ltr'>I.</span> <span class='ocrx_word' id='word_1_377' title='bbox 1889 1750 1926 1787; x_wconf 93' lang='lat' dir='ltr'>p.</span> <span class='ocrx_word' id='word_1_378' title='bbox 1942 1739 2031 1780; x_wconf 83' lang='lat'><strong>368,</strong></span> <span class='ocrx_word' id='word_1_379' title='bbox 2045 1736 2107 1775; x_wconf 92' lang='grc'>29.</span> <span class='ocrx_word' id='word_1_380' title='bbox 2134 1738 2259 1775; x_wconf 85' lang='grc' dir='ltr'>Ἀκνί-</span> 
     </span>
     <span class='ocr_line' id='line_1_61' title="bbox 1205 1787 2260 1840; baseline 0.008 -16"><span class='ocrx_word' id='word_1_381' title='bbox 1205 1803 1334 1825; x_wconf 87' lang='grc' dir='ltr'>σωτος</span> <span class='ocrx_word' id='word_1_382' title='bbox 1361 1787 1495 1827; x_wconf 55' lang='lat' dir='ltr'><strong>oinos:</strong></span> <span class='ocrx_word' id='word_1_383' title='bbox 1529 1791 1548 1825; x_wconf 87' lang='grc' dir='ltr'>ὁ</span> <span class='ocrx_word' id='word_1_384' title='bbox 1576 1790 1654 1826; x_wconf 76' lang='grc' dir='ltr'>ἄνευ</span> <span class='ocrx_word' id='word_1_385' title='bbox 1680 1793 1787 1840; x_wconf 88' lang='grc' dir='ltr'>πυρὸς</span> <span class='ocrx_word' id='word_1_386' title='bbox 1814 1793 1868 1828; x_wconf 85' lang='grc' dir='ltr'>καὶ</span> <span class='ocrx_word' id='word_1_387' title='bbox 1895 1793 2023 1840; x_wconf 86' lang='grc' dir='ltr'>κνίσης-</span> <span class='ocrx_word' id='word_1_388' title='bbox 2065 1791 2172 1833; x_wconf 75' lang='grc' dir='ltr'>οὕτως</span> <span class='ocrx_word' id='word_1_389' title='bbox 2198 1793 2260 1832; x_wconf 78' lang='grc' dir='ltr'>Αἶ-</span> 
     </span>
     <span class='ocr_line' id='line_1_62' title="bbox 1205 1841 1348 1889; baseline -0.014 -11"><span class='ocrx_word' id='word_1_390' title='bbox 1205 1841 1348 1889; x_wconf 87' lang='grc' dir='ltr'>σχύλος.</span> 
     </span>
    </p>

    <p class='ocr_par' dir='ltr' id='par_1_26' title="bbox 1205 1893 2283 2050">
     <span class='ocr_line' id='line_1_63' title="bbox 1258 1893 2262 1948; baseline 0.007 -19"><span class='ocrx_word' id='word_1_391' title='bbox 1258 1896 1347 1930; x_wconf 89' lang='grc'>415.</span> <span class='ocrx_word' id='word_1_392' title='bbox 1379 1893 1655 1934; x_wconf 84' lang='lat' dir='ltr'><strong>Grammaticus</strong></span> <span class='ocrx_word' id='word_1_393' title='bbox 1674 1897 1836 1935; x_wconf 88' lang='lat' dir='ltr'><strong>Bekkeri</strong></span> <span class='ocrx_word' id='word_1_394' title='bbox 1853 1897 1884 1936; x_wconf 93' lang='grc' dir='ltr'>Ι.</span> <span class='ocrx_word' id='word_1_395' title='bbox 1897 1912 1933 1948; x_wconf 92' lang='lat' dir='ltr'>p.</span> <span class='ocrx_word' id='word_1_396' title='bbox 1950 1899 2038 1945; x_wconf 89' lang='lat'><strong>372,</strong></span> <span class='ocrx_word' id='word_1_397' title='bbox 2053 1898 2091 1938; x_wconf 94' lang='lat'>9.</span> <span class='ocrx_word' id='word_1_398' title='bbox 2114 1899 2262 1937; x_wconf 81' lang='grc' dir='ltr'>Ἀκουε</span> 
     </span>
     <span class='ocr_line' id='line_1_64' title="bbox 1205 1949 2283 2001; baseline 0.005 -17"><span class='ocrx_word' id='word_1_399' title='bbox 1205 1950 1273 1986; x_wconf 85' lang='grc' dir='ltr'>τὰς</span> <span class='ocrx_word' id='word_1_400' title='bbox 1299 1949 1393 1996; x_wconf 86' lang='grc' dir='ltr'>ἐμὰς</span> <span class='ocrx_word' id='word_1_401' title='bbox 1418 1951 1639 1990; x_wconf 82' lang='grc' dir='ltr'>ἐπιστολάς</span> <span class='ocrx_word' id='word_1_402' title='bbox 1655 1965 1664 1987; x_wconf 87' lang='grc'>;</span> <span class='ocrx_word' id='word_1_403' title='bbox 1693 1953 1766 1990; x_wconf 73' lang='grc' dir='ltr'>ἀντὶ</span> <span class='ocrx_word' id='word_1_404' title='bbox 1784 1956 1845 1991; x_wconf 83' lang='grc' dir='ltr'>τοῦ</span> <span class='ocrx_word' id='word_1_405' title='bbox 1863 1959 1930 1991; x_wconf 83' lang='grc' dir='ltr'>τῶν</span> <span class='ocrx_word' id='word_1_406' title='bbox 1947 1955 2036 2001; x_wconf 81' lang='grc' dir='ltr'>ε’μῶν</span> <span class='ocrx_word' id='word_1_407' title='bbox 2053 1955 2260 1993; x_wconf 80' lang='grc' dir='ltr'>ἐπιστολῶν.</span> <span class='ocrx_word' id='word_1_408' title='bbox 2278 1952 2283 1957; x_wconf 77' lang='grc'><strong>’</strong></span> 
     </span>
     <span class='ocr_line' id='line_1_65' title="bbox 1206 2002 1518 2050; baseline 0.006 -12"><span class='ocrx_word' id='word_1_409' title='bbox 1206 2002 1311 2039; x_wconf 81' lang='grc' dir='ltr'>οὕτως</span> <span class='ocrx_word' id='word_1_410' title='bbox 1330 2003 1518 2050; x_wconf 86' lang='grc' dir='ltr'>Αἰσχύλος.</span> 
     </span>
    </p>

    <p class='ocr_par' dir='ltr' id='par_1_27' title="bbox 1207 2055 2261 2161">
     <span class='ocr_line' id='line_1_66' title="bbox 1259 2055 2261 2109; baseline 0.008 -18"><span class='ocrx_word' id='word_1_411' title='bbox 1259 2057 1348 2093; x_wconf 90' lang='lat'><strong>416.</strong></span> <span class='ocrx_word' id='word_1_412' title='bbox 1380 2055 1653 2095; x_wconf 85' lang='lat' dir='ltr'><strong>Grammaticus</strong></span> <span class='ocrx_word' id='word_1_413' title='bbox 1672 2058 1834 2097; x_wconf 87' lang='lat' dir='ltr'><strong>Bekkeri</strong></span> <span class='ocrx_word' id='word_1_414' title='bbox 1859 2059 1889 2098; x_wconf 94' lang='grc' dir='ltr'>Ι.</span> <span class='ocrx_word' id='word_1_415' title='bbox 1909 2073 1947 2109; x_wconf 91' lang='grc' dir='ltr'>Ρ.</span> <span class='ocrx_word' id='word_1_416' title='bbox 1969 2062 2058 2107; x_wconf 89' lang='lat'><strong>382,</strong></span> <span class='ocrx_word' id='word_1_417' title='bbox 2080 2062 2141 2100; x_wconf 85' lang='lat'>30.</span> <span class='ocrx_word' id='word_1_418' title='bbox 2199 2062 2261 2099; x_wconf 88' lang='grc' dir='ltr'>Αἰ-</span> 
     </span>
     <span class='ocr_line' id='line_1_67' title="bbox 1207 2109 1862 2161; baseline 0.009 -17"><span class='ocrx_word' id='word_1_419' title='bbox 1207 2109 1338 2157; x_wconf 85' lang='grc' dir='ltr'>σχύλος</span> <span class='ocrx_word' id='word_1_420' title='bbox 1359 2113 1380 2130; x_wconf 87' lang='grc'><strong>“</strong></span> <span class='ocrx_word' id='word_1_421' title='bbox 1392 2111 1498 2159; x_wconf 84' lang='grc' dir='ltr'>μέγαν</span> <span class='ocrx_word' id='word_1_422' title='bbox 1516 2112 1737 2161; x_wconf 86' lang='grc' dir='ltr'>ἀλάστορον”</span> <span class='ocrx_word' id='word_1_423' title='bbox 1758 2112 1862 2152; x_wconf 79' lang='grc' dir='ltr'>εἶπεν.</span> 
     </span>
    </p>

    <p class='ocr_par' dir='ltr' id='par_1_28' title="bbox 1258 2163 1884 2204">
     <span class='ocr_line' id='line_1_68' title="bbox 1258 2163 1884 2204; baseline 0.01 -6"><span class='ocrx_word' id='word_1_424' title='bbox 1258 2163 1348 2200; x_wconf 87' lang='grc'>417.</span> <span class='ocrx_word' id='word_1_425' title='bbox 1381 2163 1655 2202; x_wconf 85' lang='lat' dir='ltr'><strong>Grammaticus</strong></span> <span class='ocrx_word' id='word_1_426' title='bbox 1673 2166 1835 2204; x_wconf 88' lang='lat' dir='ltr'><strong>Bekkeri</strong></span> <span class='ocrx_word' id='word_1_427' title='bbox 1853 2166 1884 2204; x_wconf 97' lang='lat' dir='ltr'>I.</span> 
     </span>
    </p>
   </div>
   <div class='ocr_carea' id='block_1_12' title="bbox 2081 1037 2259 1086">
    <p class='ocr_par' dir='ltr' id='par_1_29' title="bbox 2081 1037 2259 1086">
     <span class='ocr_line' id='line_1_69' title="bbox 2081 1037 2259 1086; baseline -0.006 -11"><span class='ocrx_word' id='word_1_428' title='bbox 2081 1037 2259 1086; x_wconf 81' lang='grc' dir='ltr'>Αἰσχύλος</span> 
     </span>
    </p>
   </div>
   <div class='ocr_carea' id='block_1_13' title="bbox 1773 1306 2258 1355">
    <p class='ocr_par' dir='ltr' id='par_1_30' title="bbox 1773 1306 2258 1355">
     <span class='ocr_line' id='line_1_70' title="bbox 1773 1306 2258 1355; baseline 0.006 -13"><span class='ocrx_word' id='word_1_429' title='bbox 1773 1308 1856 1343; x_wconf 87' lang='grc' dir='ltr'>κατὰ</span> <span class='ocrx_word' id='word_1_430' title='bbox 1883 1306 2047 1355; x_wconf 75' lang='grc' dir='ltr'>στέρησιν</span> <span class='ocrx_word' id='word_1_431' title='bbox 2072 1310 2131 1355; x_wconf 83' lang='grc' dir='ltr'>τῆς</span> <span class='ocrx_word' id='word_1_432' title='bbox 2162 1307 2258 1354; x_wconf 70' lang='grc' dir='ltr'>ἕλῃς.</span> 
     </span>
    </p>
   </div>
   <div class='ocr_carea' id='block_1_14' title="bbox 2177 1506 2194 1527">
    <p class='ocr_par' dir='ltr' id='par_1_31' title="bbox 2177 1506 2194 1527">
     <span class='ocr_line' id='line_1_71' title="bbox 2177 1506 2194 1527; baseline 0 0"><span class='ocrx_word' id='word_1_433' title='bbox 2177 1506 2194 1527; x_wconf 84' lang='lat' dir='ltr'><em>l</em></span> 
     </span>
    </p>
   </div>
   <div class='ocr_carea' id='block_1_15' title="bbox 1904 2169 2271 2218">
    <p class='ocr_par' dir='ltr' id='par_1_32' title="bbox 1904 2169 2271 2218">
     <span class='ocr_line' id='line_1_72' title="bbox 1904 2169 2271 2218; baseline 0.014 -15"><span class='ocrx_word' id='word_1_434' title='bbox 1904 2180 1940 2218; x_wconf 85' lang='lat' dir='ltr'>p.</span> <span class='ocrx_word' id='word_1_435' title='bbox 1963 2169 2051 2211; x_wconf 85' lang='lat'><strong>383,</strong></span> <span class='ocrx_word' id='word_1_436' title='bbox 2072 2169 2135 2206; x_wconf 89' lang='lat'>31.</span> <span class='ocrx_word' id='word_1_437' title='bbox 2172 2169 2271 2210; x_wconf 71' lang='grc' dir='ltr'>Ἀλ-,</span> 
     </span>
    </p>
   </div>
   <div class='ocr_carea' id='block_1_16' title="bbox 116 2217 2264 2322">
    <p class='ocr_par' dir='ltr' id='par_1_33' title="bbox 116 2217 2264 2322">
     <span class='ocr_line' id='line_1_73' title="bbox 116 2217 2264 2273; baseline 0.004 -18"><span class='ocrx_word' id='word_1_438' title='bbox 116 2218 252 2255; x_wconf 87' lang='lat' dir='ltr'><strong>dixisse</strong></span> <span class='ocrx_word' id='word_1_439' title='bbox 270 2223 382 2267; x_wconf 87' lang='lat' dir='ltr'><strong>poeta</strong></span> <span class='ocrx_word' id='word_1_440' title='bbox 393 2218 552 2256; x_wconf 88' lang='lat' dir='ltr'><strong>videtur.</strong></span> <span class='ocrx_word' id='word_1_441' title='bbox 585 2218 672 2263; x_wconf 85' lang='lat' dir='ltr'><strong>Quo</strong></span> <span class='ocrx_word' id='word_1_442' title='bbox 686 2233 763 2257; x_wconf 88' lang='lat' dir='ltr'>non</span> <span class='ocrx_word' id='word_1_443' title='bbox 779 2219 962 2256; x_wconf 84' lang='lat' dir='ltr'><strong>refutatur</strong></span> <span class='ocrx_word' id='word_1_444' title='bbox 973 2218 1172 2268; x_wconf 88' lang='lat' dir='ltr'><strong>Phrynichi</strong></span> <span class='ocrx_word' id='word_1_445' title='bbox 1207 2218 1251 2252; x_wconf 89' lang='grc' dir='ltr'>κά</span> <span class='ocrx_word' id='word_1_446' title='bbox 1259 2217 1310 2252; x_wconf 88' lang='grc' dir='ltr'>θω</span> <span class='ocrx_word' id='word_1_447' title='bbox 1336 2218 1389 2254; x_wconf 87' lang='grc' dir='ltr'>καὶ</span> <span class='ocrx_word' id='word_1_448' title='bbox 1414 2218 1606 2255; x_wconf 85' lang='grc' dir='ltr'>ἀλκάθειν</span> <span class='ocrx_word' id='word_1_449' title='bbox 1625 2218 1759 2268; x_wconf 90' lang='lat' dir='ltr'><strong>(immo</strong></span> <span class='ocrx_word' id='word_1_450' title='bbox 1780 2221 1954 2268; x_wconf 83' lang='grc' dir='ltr'>ἀλκαθεῖν)</span> <span class='ocrx_word' id='word_1_451' title='bbox 1974 2236 1983 2258; x_wconf 88' lang='lat'>:</span> <span class='ocrx_word' id='word_1_452' title='bbox 2013 2225 2192 2273; x_wconf 77' lang='grc' dir='ltr'>Σοφοκλῆς</span> <span class='ocrx_word' id='word_1_453' title='bbox 2210 2224 2264 2267; x_wconf 79' lang='grc' dir='ltr'>καὶ</span> 
     </span>
     <span class='ocr_line' id='line_1_74' title="bbox 116 2270 1865 2322; baseline 0.002 -15"><span class='ocrx_word' id='word_1_454' title='bbox 116 2271 173 2321; x_wconf 77' lang='lat' dir='ltr'><strong>(in</strong></span> <span class='ocrx_word' id='word_1_455' title='bbox 187 2270 347 2309; x_wconf 79' lang='lat' dir='ltr'><strong>Bekkeri</strong></span> <span class='ocrx_word' id='word_1_456' title='bbox 357 2271 562 2309; x_wconf 81' lang='lat' dir='ltr'><strong>Anecdotis</strong></span> <span class='ocrx_word' id='word_1_457' title='bbox 581 2271 611 2309; x_wconf 87' lang='grc' dir='ltr'>Ῑ.</span> <span class='ocrx_word' id='word_1_458' title='bbox 623 2286 661 2322; x_wconf 92' lang='grc' dir='ltr'>Ρ.</span> <span class='ocrx_word' id='word_1_459' title='bbox 675 2274 758 2320; x_wconf 90' lang='lat'><strong>51.)</strong></span> <span class='ocrx_word' id='word_1_460' title='bbox 772 2277 1000 2322; x_wconf 78' lang='lat' dir='ltr'><strong>praeceptum</strong></span> <span class='ocrx_word' id='word_1_461' title='bbox 1020 2272 1065 2308; x_wconf 84' lang='lat' dir='ltr'>de</span> <span class='ocrx_word' id='word_1_462' title='bbox 1083 2284 1169 2321; x_wconf 78' lang='lat' dir='ltr'><strong>pro·</strong></span> <span class='ocrx_word' id='word_1_463' title='bbox 1207 2270 1397 2317; x_wconf 84' lang='grc' dir='ltr'>Αἰσχύλος.</span> <span class='ocrx_word' id='word_1_464' title='bbox 1429 2274 1584 2319; x_wconf 88' lang='grc' dir='ltr'>σημαίνει</span> <span class='ocrx_word' id='word_1_465' title='bbox 1602 2274 1639 2309; x_wconf 79' lang='grc' dir='ltr'>δὲ</span> <span class='ocrx_word' id='word_1_466' title='bbox 1658 2275 1697 2310; x_wconf 84' lang='grc' dir='ltr'>τὸ</span> <span class='ocrx_word' id='word_1_467' title='bbox 1715 2276 1865 2320; x_wconf 82' lang='grc' dir='ltr'>βοηθεῖν.</span> 
     </span>
    </p>
   </div>
   <div class='ocr_carea' id='block_1_17' title="bbox 116 2324 540 2373">
    <p class='ocr_par' dir='ltr' id='par_1_34' title="bbox 116 2324 540 2373">
     <span class='ocr_line' id='line_1_75' title="bbox 116 2324 540 2373; baseline 0.005 -12"><span class='ocrx_word' id='word_1_468' title='bbox 116 2324 220 2362; x_wconf 87' lang='lat' dir='ltr'><strong>sodia</strong></span> <span class='ocrx_word' id='word_1_469' title='bbox 237 2324 409 2373; x_wconf 83' lang='lat' dir='ltr'><strong>adjectivi</strong></span> <span class='ocrx_word' id='word_1_470' title='bbox 425 2329 540 2373; x_wconf 82' lang='grc' dir='ltr'>μανός.</span> 
     </span>
    </p>
   </div>
   <div class='ocr_carea' id='block_1_18' title="bbox 1261 2323 2262 2378">
    <p class='ocr_par' dir='ltr' id='par_1_35' title="bbox 1261 2323 2262 2378">
     <span class='ocr_line' id='line_1_76' title="bbox 1261 2323 2262 2378; baseline 0.01 -20"><span class='ocrx_word' id='word_1_471' title='bbox 1261 2325 1350 2360; x_wconf 88' lang='grc'>418.</span> <span class='ocrx_word' id='word_1_472' title='bbox 1382 2323 1658 2362; x_wconf 85' lang='lat' dir='ltr'><strong>Grammaticus</strong></span> <span class='ocrx_word' id='word_1_473' title='bbox 1676 2325 1838 2364; x_wconf 83' lang='lat' dir='ltr'><strong>Bekkeri</strong></span> <span class='ocrx_word' id='word_1_474' title='bbox 1858 2327 1888 2365; x_wconf 92' lang='lat' dir='ltr'>I.</span> <span class='ocrx_word' id='word_1_475' title='bbox 1901 2341 1936 2378; x_wconf 92' lang='lat' dir='ltr'>p.</span> <span class='ocrx_word' id='word_1_476' title='bbox 1949 2330 2041 2372; x_wconf 88' lang='lat'><strong>421,</strong></span> <span class='ocrx_word' id='word_1_477' title='bbox 2055 2331 2091 2367; x_wconf 88' lang='lat'>5.</span> <span class='ocrx_word' id='word_1_478' title='bbox 2119 2331 2262 2368; x_wconf 83' lang='grc' dir='ltr'>Ἀπέλ-</span> 
     </span>
    </p>
   </div>
   <div class='ocr_carea' id='block_1_19' title="bbox 171 2378 1977 2429">
    <p class='ocr_par' dir='ltr' id='par_1_36' title="bbox 171 2378 1977 2429">
     <span class='ocr_line' id='line_1_77' title="bbox 171 2378 1977 2429; baseline 0.003 -15"><span class='ocrx_word' id='word_1_479' title='bbox 171 2380 261 2415; x_wconf 85' lang='grc'>402.</span> <span class='ocrx_word' id='word_1_480' title='bbox 292 2378 517 2428; x_wconf 87' lang='lat' dir='ltr'><strong>Hesychius,</strong></span> <span class='ocrx_word' id='word_1_481' title='bbox 536 2380 773 2418; x_wconf 69' lang='grc' dir='ltr'>Ἀσκεύοιςι</span> <span class='ocrx_word' id='word_1_482' title='bbox 803 2383 934 2424; x_wconf 75' lang='grc' dir='ltr'>Ψιλοῖς,</span> <span class='ocrx_word' id='word_1_483' title='bbox 955 2380 1170 2429; x_wconf 87' lang='grc' dir='ltr'>ἀπαρασκεύ-</span> <span class='ocrx_word' id='word_1_484' title='bbox 1206 2381 1347 2424; x_wconf 72' lang='grc' dir='ltr'>λητοιτ</span> <span class='ocrx_word' id='word_1_485' title='bbox 1378 2378 1635 2427; x_wconf 79' lang='grc' dir='ltr'>ἀνταγωνισταί.</span> <span class='ocrx_word' id='word_1_486' title='bbox 1664 2379 1771 2418; x_wconf 76' lang='grc' dir='ltr'>οὕτως</span> <span class='ocrx_word' id='word_1_487' title='bbox 1788 2383 1977 2429; x_wconf 83' lang='grc' dir='ltr'>Αἰσχύλος.</span> 
     </span>
    </p>
   </div>
   <div class='ocr_carea' id='block_1_20' title="bbox 117 2432 1173 2482">
    <p class='ocr_par' dir='ltr' id='par_1_37' title="bbox 117 2432 1173 2482">
     <span class='ocr_line' id='line_1_78' title="bbox 117 2432 1173 2482; baseline 0.001 -13"><span class='ocrx_word' id='word_1_488' title='bbox 117 2449 179 2471; x_wconf 91' lang='grc' dir='ltr'>οις.</span> <span class='ocrx_word' id='word_1_489' title='bbox 242 2432 417 2481; x_wconf 82' lang='grc' dir='ltr'>Αἰσχύλος</span> <span class='ocrx_word' id='word_1_490' title='bbox 442 2434 678 2482; x_wconf 87' lang='grc' dir='ltr'>Ἀγαμέμνονι.</span> <span class='ocrx_word' id='word_1_491' title='bbox 745 2433 920 2470; x_wconf 78' lang='lat' dir='ltr'><strong>Fortasse</strong></span> <span class='ocrx_word' id='word_1_492' title='bbox 955 2433 994 2469; x_wconf 79' lang='lat' dir='ltr'><strong>in</strong></span> <span class='ocrx_word' id='word_1_493' title='bbox 1028 2433 1173 2482; x_wconf 76' lang='lat' dir='ltr'><strong>perdita</strong></span> 
     </span>
    </p>
   </div>
   <div class='ocr_carea' id='block_1_21' title="bbox 1260 2430 2262 2487">
    <p class='ocr_par' dir='ltr' id='par_1_38' title="bbox 1260 2430 2262 2487">
     <span class='ocr_line' id='line_1_79' title="bbox 1260 2430 2262 2487; baseline 0.011 -21"><span class='ocrx_word' id='word_1_494' title='bbox 1260 2432 1351 2467; x_wconf 91' lang='lat'><strong>419.</strong></span> <span class='ocrx_word' id='word_1_495' title='bbox 1383 2430 1658 2469; x_wconf 83' lang='lat' dir='ltr'><strong>Grammaticus</strong></span> <span class='ocrx_word' id='word_1_496' title='bbox 1676 2432 1838 2471; x_wconf 87' lang='lat' dir='ltr'><strong>Bekkeri</strong></span> <span class='ocrx_word' id='word_1_497' title='bbox 1858 2435 1889 2473; x_wconf 94' lang='grc' dir='ltr'>Ι.</span> <span class='ocrx_word' id='word_1_498' title='bbox 1902 2449 1938 2486; x_wconf 92' lang='grc' dir='ltr'>Ρ.</span> <span class='ocrx_word' id='word_1_499' title='bbox 1951 2438 2043 2479; x_wconf 89' lang='grc'>450,</span> <span class='ocrx_word' id='word_1_500' title='bbox 2056 2438 2094 2474; x_wconf 91' lang='grc'>4.</span> <span class='ocrx_word' id='word_1_501' title='bbox 2121 2438 2262 2487; x_wconf 86' lang='grc' dir='ltr'>Ἀρχῆ-</span> 
     </span>
    </p>
   </div>
   <div class='ocr_carea' id='block_1_22' title="bbox 120 2485 2265 2543">
    <p class='ocr_par' dir='ltr' id='par_1_39' title="bbox 120 2485 2265 2543">
     <span class='ocr_line' id='line_1_80' title="bbox 120 2485 2265 2543; baseline 0.003 -20"><span class='ocrx_word' id='word_1_502' title='bbox 120 2485 427 2534; x_wconf 89' lang='lat' dir='ltr'><strong>Choephororum</strong></span> <span class='ocrx_word' id='word_1_503' title='bbox 444 2491 549 2535; x_wconf 89' lang='lat' dir='ltr'><strong>parte</strong></span> <span class='ocrx_word' id='word_1_504' title='bbox 566 2487 705 2523; x_wconf 91' lang='lat' dir='ltr'><strong>lectum</strong></span> <span class='ocrx_word' id='word_1_505' title='bbox 722 2486 808 2525; x_wconf 86' lang='lat' dir='ltr'><strong>fuit.</strong></span> <span class='ocrx_word' id='word_1_506' title='bbox 848 2487 910 2524; x_wconf 89' lang='lat' dir='ltr'>Ita</span> <span class='ocrx_word' id='word_1_507' title='bbox 926 2489 1052 2536; x_wconf 79' lang='grc' dir='ltr'>γονίας,</span> <span class='ocrx_word' id='word_1_508' title='bbox 1073 2486 1172 2537; x_wconf 90' lang='lat' dir='ltr'><strong>quod</strong></span> <span class='ocrx_word' id='word_1_509' title='bbox 1207 2485 1273 2521; x_wconf 89' lang='grc' dir='ltr'>θεν</span> <span class='ocrx_word' id='word_1_510' title='bbox 1289 2498 1298 2520; x_wconf 77' lang='lat' dir='ltr'><em>z</em></span> <span class='ocrx_word' id='word_1_511' title='bbox 1329 2486 1388 2521; x_wconf 82' lang='grc' dir='ltr'>οὐκ</span> <span class='ocrx_word' id='word_1_512' title='bbox 1406 2487 1481 2522; x_wconf 77' lang='grc' dir='ltr'>ἔστι</span> <span class='ocrx_word' id='word_1_513' title='bbox 1499 2488 1591 2534; x_wconf 85' lang='grc' dir='ltr'>παρὰ</span> <span class='ocrx_word' id='word_1_514' title='bbox 1608 2489 1680 2524; x_wconf 82' lang='grc' dir='ltr'>τοῖς</span> <span class='ocrx_word' id='word_1_515' title='bbox 1696 2487 1863 2527; x_wconf 82' lang='grc' dir='ltr'>Ἀττικοῖς</span> <span class='ocrx_word' id='word_1_516' title='bbox 1879 2492 1970 2537; x_wconf 82' lang='grc' dir='ltr'>πλὴν</span> <span class='ocrx_word' id='word_1_517' title='bbox 1987 2492 2065 2540; x_wconf 85' lang='grc' dir='ltr'>παρ’</span> <span class='ocrx_word' id='word_1_518' title='bbox 2086 2491 2265 2543; x_wconf 76' lang='grc' dir='ltr'>Αἰσχύλῳ.</span> 
     </span>
    </p>
   </div>
   <div class='ocr_carea' id='block_1_23' title="bbox 118 2538 1173 2589">
    <p class='ocr_par' dir='ltr' id='par_1_40' title="bbox 118 2538 1173 2589">
     <span class='ocr_line' id='line_1_81' title="bbox 118 2538 1173 2589; baseline 0 -14"><span class='ocrx_word' id='word_1_519' title='bbox 118 2539 156 2575; x_wconf 92' lang='lat' dir='ltr'>in</span> <span class='ocrx_word' id='word_1_520' title='bbox 190 2538 399 2587; x_wconf 91' lang='lat' dir='ltr'><strong>Choephor.</strong></span> <span class='ocrx_word' id='word_1_521' title='bbox 427 2552 463 2576; x_wconf 91' lang='lat' dir='ltr'>v.</span> <span class='ocrx_word' id='word_1_522' title='bbox 490 2540 604 2577; x_wconf 91' lang='lat'><strong>1067.</strong></span> <span class='ocrx_word' id='word_1_523' title='bbox 631 2539 781 2588; x_wconf 89' lang='lat' dir='ltr'><strong>legitur,</strong></span> <span class='ocrx_word' id='word_1_524' title='bbox 813 2553 859 2577; x_wconf 85' lang='lat' dir='ltr'>ex</span> <span class='ocrx_word' id='word_1_525' title='bbox 891 2540 1173 2589; x_wconf 87' lang='lat' dir='ltr'><strong>Agamemnone</strong></span> 
     </span>
    </p>
   </div>
   <div class='ocr_carea' id='block_1_24' title="bbox 1261 2536 2264 2592">
    <p class='ocr_par' dir='ltr' id='par_1_41' title="bbox 1261 2536 2264 2592">
     <span class='ocr_line' id='line_1_82' title="bbox 1261 2536 2264 2592; baseline 0.013 -20"><span class='ocrx_word' id='word_1_526' title='bbox 1261 2537 1351 2573; x_wconf 88' lang='grc'>420.</span> <span class='ocrx_word' id='word_1_527' title='bbox 1374 2536 1648 2576; x_wconf 88' lang='lat' dir='ltr'><strong>Grammaticus</strong></span> <span class='ocrx_word' id='word_1_528' title='bbox 1660 2540 1822 2578; x_wconf 86' lang='lat' dir='ltr'><strong>Bekkeri</strong></span> <span class='ocrx_word' id='word_1_529' title='bbox 1834 2541 1864 2580; x_wconf 86' lang='grc' dir='ltr'>Ι.</span> <span class='ocrx_word' id='word_1_530' title='bbox 1877 2555 1915 2592; x_wconf 93' lang='lat' dir='ltr'>p.</span> <span class='ocrx_word' id='word_1_531' title='bbox 1929 2546 2019 2588; x_wconf 88' lang='lat'><strong>450,</strong></span> <span class='ocrx_word' id='word_1_532' title='bbox 2034 2546 2097 2583; x_wconf 89' lang='grc'>30.</span> <span class='ocrx_word' id='word_1_533' title='bbox 2119 2544 2158 2583; x_wconf 72' lang='grc' dir='ltr'>Ἀ</span> <span class='ocrx_word' id='word_1_534' title='bbox 2169 2560 2264 2587; x_wconf 70' lang='lat' dir='ltr'><strong>aaa:</strong></span> 
     </span>
    </p>
   </div>
   <div class='ocr_carea' id='block_1_25' title="bbox 120 2591 1700 2642">
    <p class='ocr_par' dir='ltr' id='par_1_42' title="bbox 120 2591 1700 2642">
     <span class='ocr_line' id='line_1_83' title="bbox 120 2591 1700 2642; baseline 0.001 -14"><span class='ocrx_word' id='word_1_535' title='bbox 120 2592 228 2629; x_wconf 85' lang='lat' dir='ltr'><strong>affert</strong></span> <span class='ocrx_word' id='word_1_536' title='bbox 248 2591 472 2638; x_wconf 89' lang='lat' dir='ltr'><strong>Hesychius,</strong></span> <span class='ocrx_word' id='word_1_537' title='bbox 490 2592 529 2628; x_wconf 90' lang='lat' dir='ltr'>in</span> <span class='ocrx_word' id='word_1_538' title='bbox 548 2605 622 2641; x_wconf 91' lang='lat' dir='ltr'>qua</span> <span class='ocrx_word' id='word_1_539' title='bbox 639 2593 767 2630; x_wconf 79' lang='lat' dir='ltr'><strong>fabula</strong></span> <span class='ocrx_word' id='word_1_540' title='bbox 783 2593 823 2630; x_wconf 92' lang='lat' dir='ltr'>id</span> <span class='ocrx_word' id='word_1_541' title='bbox 840 2606 916 2630; x_wconf 90' lang='lat' dir='ltr'>non</span> <span class='ocrx_word' id='word_1_542' title='bbox 939 2593 1061 2642; x_wconf 87' lang='lat' dir='ltr'><strong>magis</strong></span> <span class='ocrx_word' id='word_1_543' title='bbox 1079 2592 1172 2641; x_wconf 88' lang='lat' dir='ltr'><strong>legi·</strong></span> <span class='ocrx_word' id='word_1_544' title='bbox 1206 2592 1358 2637; x_wconf 77' lang='grc' dir='ltr'>βλάψαι.</span> <span class='ocrx_word' id='word_1_545' title='bbox 1388 2591 1494 2630; x_wconf 81' lang='grc' dir='ltr'>οὕτως</span> <span class='ocrx_word' id='word_1_546' title='bbox 1513 2594 1700 2640; x_wconf 83' lang='grc' dir='ltr'>Αἰσχύλος.</span> 
     </span>
    </p>
   </div>
   <div class='ocr_carea' id='block_1_26' title="bbox 120 2646 1186 2696">
    <p class='ocr_par' dir='ltr' id='par_1_43' title="bbox 120 2646 1186 2696">
     <span class='ocr_line' id='line_1_84' title="bbox 120 2646 1186 2696; baseline 0.003 -15"><span class='ocrx_word' id='word_1_547' title='bbox 120 2650 183 2687; x_wconf 81' lang='lat' dir='ltr'>tur</span> <span class='ocrx_word' id='word_1_548' title='bbox 208 2658 320 2694; x_wconf 89' lang='lat' dir='ltr'><strong>quam</strong></span> <span class='ocrx_word' id='word_1_549' title='bbox 348 2657 427 2693; x_wconf 86' lang='lat' dir='ltr'><strong>quae</strong></span> <span class='ocrx_word' id='word_1_550' title='bbox 456 2646 723 2694; x_wconf 89' lang='lat' dir='ltr'><strong>grammaticus</strong></span> <span class='ocrx_word' id='word_1_551' title='bbox 750 2646 912 2683; x_wconf 88' lang='lat' dir='ltr'><strong>Bekkeri</strong></span> <span class='ocrx_word' id='word_1_552' title='bbox 937 2659 975 2696; x_wconf 91' lang='lat' dir='ltr'>p.</span> <span class='ocrx_word' id='word_1_553' title='bbox 999 2647 1087 2687; x_wconf 79' lang='lat'><strong>353,</strong></span> <span class='ocrx_word' id='word_1_554' title='bbox 1113 2647 1186 2684; x_wconf 87' lang='lat'><strong>11..</strong></span> 
     </span>
    </p>
   </div>
   <div class='ocr_carea' id='block_1_27' title="bbox 1261 2645 2265 2698">
    <p class='ocr_par' dir='ltr' id='par_1_44' title="bbox 1261 2645 2265 2698">
     <span class='ocr_line' id='line_1_85' title="bbox 1261 2645 2265 2698; baseline 0.012 -18"><span class='ocrx_word' id='word_1_555' title='bbox 1261 2647 1350 2681; x_wconf 84' lang='lat'><strong>421.</strong></span> <span class='ocrx_word' id='word_1_556' title='bbox 1382 2645 1657 2683; x_wconf 90' lang='lat' dir='ltr'><strong>Grammaticus</strong></span> <span class='ocrx_word' id='word_1_557' title='bbox 1676 2647 1838 2689; x_wconf 85' lang='lat' dir='ltr'><strong>Bekkeri</strong></span> <span class='ocrx_word' id='word_1_558' title='bbox 1855 2648 1888 2686; x_wconf 86' lang='lat' dir='ltr'>I.</span> <span class='ocrx_word' id='word_1_559' title='bbox 1907 2662 1944 2698; x_wconf 94' lang='lat' dir='ltr'>p.</span> <span class='ocrx_word' id='word_1_560' title='bbox 1960 2651 2052 2695; x_wconf 89' lang='lat'><strong>467,</strong></span> <span class='ocrx_word' id='word_1_561' title='bbox 2073 2653 2110 2689; x_wconf 87' lang='lat'>9.</span> <span class='ocrx_word' id='word_1_562' title='bbox 2139 2654 2265 2691; x_wconf 82' lang='grc' dir='ltr'>Αὐτό-</span> 
     </span>
    </p>
   </div>
   <div class='ocr_carea' id='block_1_28' title="bbox 121 2698 2264 2802">
    <p class='ocr_par' dir='ltr' id='par_1_45' title="bbox 121 2698 2264 2802">
     <span class='ocr_line' id='line_1_86' title="bbox 121 2698 2264 2756; baseline 0.004 -22"><span class='ocrx_word' id='word_1_563' title='bbox 121 2698 257 2742; x_wconf 77' lang='lat' dir='ltr'><strong>attulit,</strong></span> <span class='ocrx_word' id='word_1_564' title='bbox 286 2701 415 2745; x_wconf 86' lang='grc' dir='ltr'>χαλκὸν</span> <span class='ocrx_word' id='word_1_565' title='bbox 441 2700 596 2749; x_wconf 74' lang='grc' dir='ltr'>ἀθέμιτον</span> <span class='ocrx_word' id='word_1_566' title='bbox 622 2701 769 2739; x_wconf 81' lang='grc' dir='ltr'>ἀσπίδος</span> <span class='ocrx_word' id='word_1_567' title='bbox 798 2700 996 2749; x_wconf 84' lang='grc' dir='ltr'>(ἀθέριστον</span> <span class='ocrx_word' id='word_1_568' title='bbox 1021 2701 1176 2736; x_wconf 83' lang='grc' dir='ltr'>ἀσπίδων</span> <span class='ocrx_word' id='word_1_569' title='bbox 1209 2713 1354 2746; x_wconf 90' lang='grc' dir='ltr'>κρανον</span> <span class='ocrx_word' id='word_1_570' title='bbox 1380 2701 1531 2747; x_wconf 71' lang='grc' dir='ltr'>λόγονε</span> <span class='ocrx_word' id='word_1_571' title='bbox 1565 2702 1625 2738; x_wconf 88' lang='grc' dir='ltr'>τὸν</span> <span class='ocrx_word' id='word_1_572' title='bbox 1643 2702 1687 2747; x_wconf 83' lang='grc' dir='ltr'>’ἐξ</span> <span class='ocrx_word' id='word_1_573' title='bbox 1712 2704 1831 2739; x_wconf 82' lang='grc' dir='ltr'>ἑαυτοῦ</span> <span class='ocrx_word' id='word_1_574' title='bbox 1855 2705 1895 2740; x_wconf 87' lang='grc' dir='ltr'>τὸ</span> <span class='ocrx_word' id='word_1_575' title='bbox 1919 2705 2020 2743; x_wconf 82' lang='grc' dir='ltr'>τέλος</span> <span class='ocrx_word' id='word_1_576' title='bbox 2043 2707 2264 2756; x_wconf 73' lang='grc' dir='ltr'>ἐπιφέροντα.</span> 
     </span>
     <span class='ocr_line' id='line_1_87' title="bbox 121 2751 1521 2802; baseline 0.001 -14"><span class='ocrx_word' id='word_1_577' title='bbox 121 2751 357 2798; x_wconf 87' lang='lat' dir='ltr'><strong>Blomfildus)</strong></span> <span class='ocrx_word' id='word_1_578' title='bbox 379 2754 554 2801; x_wconf 81' lang='grc' dir='ltr'>ὑπερτενῆ.</span> <span class='ocrx_word' id='word_1_579' title='bbox 609 2753 669 2790; x_wconf 87' lang='lat' dir='ltr'>De</span> <span class='ocrx_word' id='word_1_580' title='bbox 689 2766 761 2802; x_wconf 80' lang='lat' dir='ltr'>qua</span> <span class='ocrx_word' id='word_1_581' title='bbox 777 2766 818 2790; x_wconf 83' lang='lat' dir='ltr'>re</span> <span class='ocrx_word' id='word_1_582' title='bbox 843 2753 937 2790; x_wconf 81' lang='lat' dir='ltr'><strong>dixit</strong></span> <span class='ocrx_word' id='word_1_583' title='bbox 955 2751 1175 2790; x_wconf 87' lang='lat' dir='ltr'><strong>Blomfildus</strong></span> <span class='ocrx_word' id='word_1_584' title='bbox 1209 2751 1315 2790; x_wconf 79' lang='grc' dir='ltr'>οὕτως</span> <span class='ocrx_word' id='word_1_585' title='bbox 1333 2753 1521 2799; x_wconf 87' lang='grc' dir='ltr'>Αἰσχύλος.</span> 
     </span>
    </p>
   </div>
   <div class='ocr_carea' id='block_1_29' title="bbox 122 2803 869 2856">
    <p class='ocr_par' dir='ltr' id='par_1_46' title="bbox 122 2803 869 2856">
     <span class='ocr_line' id='line_1_88' title="bbox 122 2803 869 2856; baseline 0.004 -15"><span class='ocrx_word' id='word_1_586' title='bbox 122 2804 159 2841; x_wconf 90' lang='lat' dir='ltr'>in</span> <span class='ocrx_word' id='word_1_587' title='bbox 177 2803 320 2853; x_wconf 89' lang='lat' dir='ltr'><strong>praefat.</strong></span> <span class='ocrx_word' id='word_1_588' title='bbox 341 2804 389 2840; x_wconf 89' lang='lat' dir='ltr'>ad</span> <span class='ocrx_word' id='word_1_589' title='bbox 406 2805 630 2854; x_wconf 87' lang='lat' dir='ltr'><strong>Agamemn.</strong></span> <span class='ocrx_word' id='word_1_590' title='bbox 649 2819 687 2856; x_wconf 95' lang='lat' dir='ltr'>p.</span> <span class='ocrx_word' id='word_1_591' title='bbox 709 2805 777 2845; x_wconf 92' lang='lat' dir='ltr'>IX.</span> <span class='ocrx_word' id='word_1_592' title='bbox 797 2806 848 2844; x_wconf 91' lang='lat' dir='ltr'>X.</span> <span class='ocrx_word' id='word_1_593' title='bbox 866 2806 869 2809; x_wconf 63' lang='grc'>’</span> 
     </span>
    </p>
   </div>
   <div class='ocr_carea' id='block_1_30' title="bbox 1263 2805 2266 2860">
    <p class='ocr_par' dir='ltr' id='par_1_47' title="bbox 1263 2805 2266 2860">
     <span class='ocr_line' id='line_1_89' title="bbox 1263 2805 2266 2860; baseline 0.011 -20"><span class='ocrx_word' id='word_1_594' title='bbox 1263 2806 1354 2842; x_wconf 92' lang='grc'>422.</span> <span class='ocrx_word' id='word_1_595' title='bbox 1387 2805 1660 2846; x_wconf 87' lang='lat' dir='ltr'><strong>Choeroboscus</strong></span> <span class='ocrx_word' id='word_1_596' title='bbox 1685 2806 1847 2850; x_wconf 86' lang='lat' dir='ltr'><strong>Bekkeri</strong></span> <span class='ocrx_word' id='word_1_597' title='bbox 1873 2808 1946 2847; x_wconf 93' lang='lat' dir='ltr'><strong>III.</strong></span> <span class='ocrx_word' id='word_1_598' title='bbox 1966 2823 2004 2860; x_wconf 94' lang='lat' dir='ltr'>p.</span> <span class='ocrx_word' id='word_1_599' title='bbox 2029 2814 2143 2851; x_wconf 93' lang='lat'><strong>1196.</strong></span> <span class='ocrx_word' id='word_1_600' title='bbox 2197 2821 2266 2852; x_wconf 86' lang='grc' dir='ltr'>Του</span> 
     </span>
    </p>
   </div>
   <div class='ocr_carea' id='block_1_31' title="bbox 124 2856 2266 2966">
    <p class='ocr_par' dir='ltr' id='par_1_48' title="bbox 124 2856 2266 2966">
     <span class='ocr_line' id='line_1_90' title="bbox 176 2856 2266 2918; baseline 0.006 -26"><span class='ocrx_word' id='word_1_601' title='bbox 176 2858 267 2893; x_wconf 91' lang='lat'><strong>403.</strong></span> <span class='ocrx_word' id='word_1_602' title='bbox 288 2856 532 2895; x_wconf 76' lang='lat' dir='ltr'><strong>proverbium</strong></span> <span class='ocrx_word' id='word_1_603' title='bbox 547 2858 592 2896; x_wconf 80' lang='lat' dir='ltr'>ab</span> <span class='ocrx_word' id='word_1_604' title='bbox 605 2859 772 2902; x_wconf 81' lang='lat' dir='ltr'><strong>Zenobio</strong></span> <span class='ocrx_word' id='word_1_605' title='bbox 782 2859 852 2903; x_wconf 90' lang='lat' dir='ltr'><strong>VI,</strong></span> <span class='ocrx_word' id='word_1_606' title='bbox 870 2860 931 2897; x_wconf 88' lang='lat'>14.</span> <span class='ocrx_word' id='word_1_607' title='bbox 946 2871 994 2896; x_wconf 82' lang='lat' dir='ltr'>ex</span> <span class='ocrx_word' id='word_1_608' title='bbox 1005 2857 1176 2907; x_wconf 76' lang='lat' dir='ltr'><strong>AEschyli</strong></span> <span class='ocrx_word' id='word_1_609' title='bbox 1209 2861 1293 2902; x_wconf 85' lang='grc' dir='ltr'>βοῦς</span> <span class='ocrx_word' id='word_1_610' title='bbox 1318 2859 1337 2904; x_wconf 83' lang='grc' dir='ltr'>ἡ</span> <span class='ocrx_word' id='word_1_611' title='bbox 1363 2861 1476 2907; x_wconf 83' lang='grc' dir='ltr'>γενικὴ</span> <span class='ocrx_word' id='word_1_612' title='bbox 1501 2862 1541 2896; x_wconf 81' lang='grc' dir='ltr'>οὗ</span> <span class='ocrx_word' id='word_1_613' title='bbox 1565 2863 1669 2907; x_wconf 89' lang='grc' dir='ltr'>μόνον</span> <span class='ocrx_word' id='word_1_614' title='bbox 1691 2864 1785 2905; x_wconf 80' lang='grc' dir='ltr'>βοὸς,</span> <span class='ocrx_word' id='word_1_615' title='bbox 1807 2864 1898 2899; x_wconf 86' lang='grc' dir='ltr'>ἀλλὰ</span> <span class='ocrx_word' id='word_1_616' title='bbox 1922 2867 1977 2901; x_wconf 84' lang='grc' dir='ltr'>καὶ</span> <span class='ocrx_word' id='word_1_617' title='bbox 2000 2870 2060 2903; x_wconf 85' lang='grc' dir='ltr'>τοῦ</span> <span class='ocrx_word' id='word_1_618' title='bbox 2083 2871 2151 2912; x_wconf 84' lang='grc' dir='ltr'>βοῦ</span> <span class='ocrx_word' id='word_1_619' title='bbox 2173 2870 2266 2918; x_wconf 79' lang='grc' dir='ltr'>παρὰ</span> 
     </span>
     <span class='ocr_line' id='line_1_91' title="bbox 124 2909 2017 2966; baseline 0.005 -21"><span class='ocrx_word' id='word_1_620' title='bbox 124 2910 239 2959; x_wconf 88' lang='lat' dir='ltr'><strong>Ajace</strong></span> <span class='ocrx_word' id='word_1_621' title='bbox 266 2909 444 2946; x_wconf 88' lang='lat' dir='ltr'><strong>Locrensi</strong></span> <span class='ocrx_word' id='word_1_622' title='bbox 471 2911 625 2948; x_wconf 86' lang='lat' dir='ltr'><strong>allatum</strong></span> <span class='ocrx_word' id='word_1_623' title='bbox 657 2912 705 2948; x_wconf 90' lang='lat' dir='ltr'>ad</span> <span class='ocrx_word' id='word_1_624' title='bbox 733 2912 981 2961; x_wconf 86' lang='lat' dir='ltr'><strong>Sophocleam</strong></span> <span class='ocrx_word' id='word_1_625' title='bbox 1012 2911 1176 2952; x_wconf 88' lang='lat' dir='ltr'><strong>fabulam</strong></span> <span class='ocrx_word' id='word_1_626' title='bbox 1211 2915 1381 2960; x_wconf 84' lang='grc' dir='ltr'>Σοφοκλεῖ</span> <span class='ocrx_word' id='word_1_627' title='bbox 1399 2915 1435 2949; x_wconf 81' lang='grc' dir='ltr'>ἐν</span> <span class='ocrx_word' id='word_1_628' title='bbox 1451 2913 1572 2965; x_wconf 79' lang='grc' dir='ltr'>Ἰνάχῳ</span> <span class='ocrx_word' id='word_1_629' title='bbox 1592 2917 1646 2951; x_wconf 87' lang='grc' dir='ltr'>καὶ</span> <span class='ocrx_word' id='word_1_630' title='bbox 1663 2918 1755 2964; x_wconf 85' lang='grc' dir='ltr'>παρὰ</span> <span class='ocrx_word' id='word_1_631' title='bbox 1772 2919 1819 2966; x_wconf 79' lang='grc' dir='ltr'>τῷ</span> <span class='ocrx_word' id='word_1_632' title='bbox 1837 2918 2017 2966; x_wconf 86' lang='grc' dir='ltr'>Αἶσχύλω.</span> 
     </span>
    </p>
   </div>
   <div class='ocr_carea' id='block_1_32' title="bbox 123 2963 1175 3067">
    <p class='ocr_par' dir='ltr' id='par_1_49' title="bbox 123 2963 1175 3067">
     <span class='ocr_line' id='line_1_92' title="bbox 123 2963 1175 3002; baseline 0 -3"><span class='ocrx_word' id='word_1_633' title='bbox 123 2963 246 3000; x_wconf 87' lang='lat' dir='ltr'><strong>retuli.</strong></span> <span class='ocrx_word' id='word_1_634' title='bbox 311 2963 504 3000; x_wconf 83' lang='lat' dir='ltr'><strong>Contrario</strong></span> <span class='ocrx_word' id='word_1_635' title='bbox 532 2977 655 3001; x_wconf 90' lang='lat' dir='ltr'><strong>errore</strong></span> <span class='ocrx_word' id='word_1_636' title='bbox 683 2965 881 3002; x_wconf 85' lang='lat' dir='ltr'><strong>scholiasta</strong></span> <span class='ocrx_word' id='word_1_637' title='bbox 906 2964 1117 3002; x_wconf 88' lang='lat' dir='ltr'><strong>Promethei</strong></span> <span class='ocrx_word' id='word_1_638' title='bbox 1140 2977 1175 3000; x_wconf 90' lang='lat' dir='ltr'>v.</span> 
     </span>
     <span class='ocr_line' id='line_1_93' title="bbox 124 3015 981 3067; baseline 0.002 -14"><span class='ocrx_word' id='word_1_639' title='bbox 124 3018 215 3053; x_wconf 89' lang='lat'><strong>435.</strong></span> <span class='ocrx_word' id='word_1_640' title='bbox 270 3015 438 3065; x_wconf 86' lang='lat' dir='ltr'><strong>Phryges</strong></span> <span class='ocrx_word' id='word_1_641' title='bbox 456 3016 627 3066; x_wconf 88' lang='lat' dir='ltr'><strong>AEschyli</strong></span> <span class='ocrx_word' id='word_1_642' title='bbox 645 3017 821 3067; x_wconf 82' lang='lat' dir='ltr'><strong>Sophocli</strong></span> <span class='ocrx_word' id='word_1_643' title='bbox 840 3018 981 3055; x_wconf 87' lang='lat' dir='ltr'><strong>tribuit.</strong></span> 
     </span>
    </p>
   </div>
   <div class='ocr_carea' id='block_1_33' title="bbox 178 3068 1176 3121">
    <p class='ocr_par' dir='ltr' id='par_1_50' title="bbox 178 3068 1176 3121">
     <span class='ocr_line' id='line_1_94' title="bbox 178 3068 1176 3121; baseline 0.004 -16"><span class='ocrx_word' id='word_1_644' title='bbox 178 3070 266 3106; x_wconf 88' lang='lat'><strong>404.</strong></span> <span class='ocrx_word' id='word_1_645' title='bbox 295 3068 510 3118; x_wconf 87' lang='lat' dir='ltr'><strong>Etymolog.</strong></span> <span class='ocrx_word' id='word_1_646' title='bbox 542 3070 704 3108; x_wconf 87' lang='lat' dir='ltr'><strong>Gudiau.</strong></span> <span class='ocrx_word' id='word_1_647' title='bbox 734 3084 772 3121; x_wconf 92' lang='lat' dir='ltr'>p.</span> <span class='ocrx_word' id='word_1_648' title='bbox 804 3073 866 3114; x_wconf 89' lang='lat'>85,</span> <span class='ocrx_word' id='word_1_649' title='bbox 893 3073 956 3108; x_wconf 90' lang='lat'>44.</span> <span class='ocrx_word' id='word_1_650' title='bbox 1011 3072 1176 3119; x_wconf 81' lang='grc' dir='ltr'>Ἀστεμ-</span> 
     </span>
    </p>
   </div>
   <div class='ocr_carea' id='block_1_34' title="bbox 1212 2959 2265 3074">
    <p class='ocr_par' dir='ltr' id='par_1_51' title="bbox 1212 2959 2265 3074">
     <span class='ocr_line' id='line_1_95' title="bbox 1263 2959 2265 3024; baseline 0.012 -23"><span class='ocrx_word' id='word_1_651' title='bbox 1263 2967 1355 3003; x_wconf 88' lang='grc'>423.</span> <span class='ocrx_word' id='word_1_652' title='bbox 1386 2965 1660 3006; x_wconf 87' lang='lat' dir='ltr'><strong>Choeroboscus</strong></span> <span class='ocrx_word' id='word_1_653' title='bbox 1672 2968 1833 3005; x_wconf 87' lang='lat' dir='ltr'><strong>Bekkeri</strong></span> <span class='ocrx_word' id='word_1_654' title='bbox 1845 2982 1882 3018; x_wconf 86' lang='lat' dir='ltr'>p.</span> <span class='ocrx_word' id='word_1_655' title='bbox 1899 2959 2013 3010; x_wconf 87' lang='lat' dir='ltr'><strong>139i.</strong></span> <span class='ocrx_word' id='word_1_656' title='bbox 2034 2975 2265 3024; x_wconf 83' lang='grc' dir='ltr'>Κραταίπιλος</span> 
     </span>
     <span class='ocr_line' id='line_1_96' title="bbox 1212 3020 2192 3074; baseline 0.008 -19"><span class='ocrx_word' id='word_1_657' title='bbox 1212 3022 1231 3056; x_wconf 86' lang='grc' dir='ltr'><strong><em>ὁ</em></strong></span> <span class='ocrx_word' id='word_1_658' title='bbox 1251 3020 1396 3067; x_wconf 87' lang='grc' dir='ltr'>ἰσχυρὸν</span> <span class='ocrx_word' id='word_1_659' title='bbox 1413 3022 1529 3057; x_wconf 87' lang='grc' dir='ltr'>πίλιον</span> <span class='ocrx_word' id='word_1_660' title='bbox 1547 3023 1636 3069; x_wconf 74' lang='grc' dir='ltr'>ἔχων</span> <span class='ocrx_word' id='word_1_661' title='bbox 1653 3024 1746 3071; x_wconf 83' lang='grc' dir='ltr'>παρὰ</span> <span class='ocrx_word' id='word_1_662' title='bbox 1763 3024 1942 3074; x_wconf 79' lang='grc' dir='ltr'>Αἰσχύλῳ.</span> <span class='ocrx_word' id='word_1_663' title='bbox 2188 3026 2192 3032; x_wconf 66' lang='grc'><strong>”</strong></span> 
     </span>
    </p>
   </div>
   <div class='ocr_carea' id='block_1_35' title="bbox 1259 3072 2262 3130">
    <p class='ocr_par' dir='ltr' id='par_1_52' title="bbox 1259 3072 2262 3130">
     <span class='ocr_line' id='line_1_97' title="bbox 1259 3072 2262 3130; baseline 0.012 -22"><span class='ocrx_word' id='word_1_664' title='bbox 1259 3072 1348 3108; x_wconf 83' lang='lat'><strong>424.</strong></span> <span class='ocrx_word' id='word_1_665' title='bbox 1382 3074 1656 3113; x_wconf 83' lang='lat' dir='ltr'><strong>Choeroboscus</strong></span> <span class='ocrx_word' id='word_1_666' title='bbox 1686 3076 1847 3113; x_wconf 85' lang='lat' dir='ltr'><strong>Bekkeri</strong></span> <span class='ocrx_word' id='word_1_667' title='bbox 1878 3089 1915 3126; x_wconf 87' lang='lat' dir='ltr'>p.</span> <span class='ocrx_word' id='word_1_668' title='bbox 1954 3079 2065 3117; x_wconf 89' lang='grc'>1408.</span> <span class='ocrx_word' id='word_1_669' title='bbox 2119 3083 2262 3130; x_wconf 86' lang='grc' dir='ltr'>Πόλμυς</span> 
     </span>
    </p>
   </div>
   <div class='ocr_carea' id='block_1_36' title="bbox 125 3123 2260 3234">
    <p class='ocr_par' dir='ltr' id='par_1_53' title="bbox 125 3123 2260 3234">
     <span class='ocr_line' id='line_1_98' title="bbox 125 3123 2260 3184; baseline 0.008 -27"><span class='ocrx_word' id='word_1_670' title='bbox 125 3123 203 3171; x_wconf 75' lang='grc' dir='ltr'>φής</span> <span class='ocrx_word' id='word_1_671' title='bbox 219 3124 374 3171; x_wconf 74' lang='grc' dir='ltr'>ε-παρὰ</span> <span class='ocrx_word' id='word_1_672' title='bbox 391 3125 430 3158; x_wconf 89' lang='grc' dir='ltr'>τὸ</span> <span class='ocrx_word' id='word_1_673' title='bbox 449 3124 599 3170; x_wconf 87' lang='grc' dir='ltr'>στέμβω,</span> <span class='ocrx_word' id='word_1_674' title='bbox 621 3124 639 3160; x_wconf 82' lang='grc' dir='ltr'><strong>ὃ</strong></span> <span class='ocrx_word' id='word_1_675' title='bbox 662 3127 817 3172; x_wconf 86' lang='grc' dir='ltr'>σημαίνει</span> <span class='ocrx_word' id='word_1_676' title='bbox 838 3127 877 3162; x_wconf 84' lang='grc' dir='ltr'>τὸ</span> <span class='ocrx_word' id='word_1_677' title='bbox 896 3128 996 3162; x_wconf 83' lang='grc' dir='ltr'>κινεῖν</span> <span class='ocrx_word' id='word_1_678' title='bbox 1015 3130 1178 3174; x_wconf 84' lang='grc' dir='ltr'>συνεχῶς,</span> <span class='ocrx_word' id='word_1_679' title='bbox 1206 3128 1380 3173; x_wconf 84' lang='grc' dir='ltr'>Πάλμυος·</span> <span class='ocrx_word' id='word_1_680' title='bbox 1409 3129 1448 3163; x_wconf 83' lang='grc' dir='ltr'>τὸ</span> <span class='ocrx_word' id='word_1_681' title='bbox 1475 3130 1541 3176; x_wconf 83' lang='grc' dir='ltr'>γὰρ</span> <span class='ocrx_word' id='word_1_682' title='bbox 1565 3131 1749 3176; x_wconf 85' lang='grc' dir='ltr'>Πάλμυδος</span> <span class='ocrx_word' id='word_1_683' title='bbox 1774 3131 1829 3167; x_wconf 84' lang='grc' dir='ltr'>διὰ</span> <span class='ocrx_word' id='word_1_684' title='bbox 1853 3135 1913 3167; x_wconf 85' lang='grc' dir='ltr'>τοῦ</span> <span class='ocrx_word' id='word_1_685' title='bbox 1939 3133 2016 3171; x_wconf 80' lang='grc' dir='ltr'>-δος</span> <span class='ocrx_word' id='word_1_686' title='bbox 2037 3135 2153 3172; x_wconf 77' lang='grc' dir='ltr'>κλιθὲν</span> <span class='ocrx_word' id='word_1_687' title='bbox 2177 3133 2260 3184; x_wconf 61' lang='grc' dir='ltr'>παρ..</span> 
     </span>
     <span class='ocr_line' id='line_1_99' title="bbox 125 3177 2225 3234; baseline 0.007 -23"><span class='ocrx_word' id='word_1_688' title='bbox 125 3178 166 3213; x_wconf 81' lang='grc' dir='ltr'>οὗ</span> <span class='ocrx_word' id='word_1_689' title='bbox 205 3177 366 3223; x_wconf 81' lang='grc' dir='ltr'>μέμνηται</span> <span class='ocrx_word' id='word_1_690' title='bbox 409 3177 593 3224; x_wconf 87' lang='grc' dir='ltr'>Αἰσχύλος.</span> <span class='ocrx_word' id='word_1_691' title='bbox 650 3177 712 3214; x_wconf 87' lang='lat' dir='ltr'>Ita</span> <span class='ocrx_word' id='word_1_692' title='bbox 746 3178 826 3214; x_wconf 85' lang='lat' dir='ltr'><strong>haec</strong></span> <span class='ocrx_word' id='word_1_693' title='bbox 866 3178 1098 3216; x_wconf 82' lang='lat' dir='ltr'><strong>emendanda</strong></span> <span class='ocrx_word' id='word_1_694' title='bbox 1132 3190 1180 3215; x_wconf 82' lang='lat' dir='ltr'>ex</span> <span class='ocrx_word' id='word_1_695' title='bbox 1212 3180 1379 3229; x_wconf 84' lang='grc' dir='ltr'>Αἰσχύλῳ</span> <span class='ocrx_word' id='word_1_696' title='bbox 1397 3180 1593 3228; x_wconf 86' lang='grc' dir='ltr'>ἡμάρτηται.</span> <span class='ocrx_word' id='word_1_697' title='bbox 1636 3184 1711 3218; x_wconf 78' lang='grc' dir='ltr'>ἔστι</span> <span class='ocrx_word' id='word_1_698' title='bbox 1730 3184 1768 3219; x_wconf 77' lang='grc' dir='ltr'>δὲ</span> <span class='ocrx_word' id='word_1_699' title='bbox 1787 3183 1891 3231; x_wconf 80' lang='grc' dir='ltr'>ὄνομα</span> <span class='ocrx_word' id='word_1_700' title='bbox 1909 3185 2023 3234; x_wconf 88' lang='grc' dir='ltr'>κύριον</span> <span class='ocrx_word' id='word_1_701' title='bbox 2039 3190 2225 3231; x_wconf 78' lang='grc' dir='ltr'>βασιλέως.</span> 
     </span>
    </p>
   </div>
   <div class='ocr_carea' id='block_1_37' title="bbox 126 3228 1177 3320">
    <p class='ocr_par' dir='ltr' id='par_1_54' title="bbox 126 3228 1177 3320">
     <span class='ocr_line' id='line_1_100' title="bbox 126 3228 1177 3320; baseline 0.002 -54"><span class='ocrx_word' id='word_1_702' title='bbox 126 3228 316 3320; x_wconf 55' lang='grc' dir='ltr'>(ἐεᾷιὲὶοἱῦιιε</span> <span class='ocrx_word' id='word_1_703' title='bbox 344 3228 518 3266; x_wconf 85' lang='lat' dir='ltr'><strong>Parisinis</strong></span> <span class='ocrx_word' id='word_1_704' title='bbox 550 3230 647 3279; x_wconf 89' lang='lat' dir='ltr'><strong>apud</strong></span> <span class='ocrx_word' id='word_1_705' title='bbox 676 3231 844 3268; x_wconf 88' lang='lat' dir='ltr'><strong>Bastium</strong></span> <span class='ocrx_word' id='word_1_706' title='bbox 876 3231 922 3267; x_wconf 84' lang='lat' dir='ltr'>ad</span> <span class='ocrx_word' id='word_1_707' title='bbox 952 3230 1109 3280; x_wconf 89' lang='lat' dir='ltr'><strong>Gregor.</strong></span> <span class='ocrx_word' id='word_1_708' title='bbox 1139 3244 1177 3280; x_wconf 93' lang='lat' dir='ltr'>p.</span> 
     </span>
    </p>
   </div>
   <div class='ocr_carea' id='block_1_38' title="bbox 1213 3232 2265 3346">
    <p class='ocr_par' dir='ltr' id='par_1_55' title="bbox 1213 3232 2265 3346">
     <span class='ocr_line' id='line_1_101' title="bbox 1265 3232 2265 3287; baseline 0.013 -19"><span class='ocrx_word' id='word_1_709' title='bbox 1265 3233 1355 3269; x_wconf 88' lang='lat'><strong>425.</strong></span> <span class='ocrx_word' id='word_1_710' title='bbox 1386 3232 1595 3271; x_wconf 84' lang='lat' dir='ltr'><strong>Scholiasta</strong></span> <span class='ocrx_word' id='word_1_711' title='bbox 1621 3234 1882 3284; x_wconf 85' lang='lat' dir='ltr'><strong>Aristophanis</strong></span> <span class='ocrx_word' id='word_1_712' title='bbox 1908 3237 2066 3287; x_wconf 85' lang='lat' dir='ltr'><strong>Lysistr.</strong></span> <span class='ocrx_word' id='word_1_713' title='bbox 2090 3253 2126 3279; x_wconf 87' lang='lat' dir='ltr'>v.</span> <span class='ocrx_word' id='word_1_714' title='bbox 2150 3244 2265 3282; x_wconf 89' lang='grc'>1259.</span> 
     </span>
     <span class='ocr_line' id='line_1_102' title="bbox 1213 3287 2264 3346; baseline 0.012 -24"><span class='ocrx_word' id='word_1_715' title='bbox 1213 3287 1347 3324; x_wconf 81' lang='grc' dir='ltr'>Πολὺς</span> <span class='ocrx_word' id='word_1_716' title='bbox 1379 3287 1409 3322; x_wconf 79' lang='grc' dir='ltr'>δ’</span> <span class='ocrx_word' id='word_1_717' title='bbox 1437 3287 1542 3334; x_wconf 82' lang='grc' dir='ltr'>ἀμφὶ</span> <span class='ocrx_word' id='word_1_718' title='bbox 1572 3289 1645 3326; x_wconf 87' lang='grc' dir='ltr'>τὰς</span> <span class='ocrx_word' id='word_1_719' title='bbox 1668 3290 1814 3337; x_wconf 80' lang='grc' dir='ltr'>γένυας</span> <span class='ocrx_word' id='word_1_720' title='bbox 1840 3291 1971 3340; x_wconf 86' lang='grc' dir='ltr'>ἀφρὸς</span> <span class='ocrx_word' id='word_1_721' title='bbox 2002 3297 2143 3340; x_wconf 68' lang='grc' dir='ltr'>ἤνσειε</span> <span class='ocrx_word' id='word_1_722' title='bbox 2181 3298 2264 3346; x_wconf 76' lang='grc' dir='ltr'>πρὸς</span> 
     </span>
    </p>
   </div>
   <div class='ocr_carea' id='block_1_39' title="bbox 129 3334 2265 3453">
    <p class='ocr_par' dir='ltr' id='par_1_56' title="bbox 129 3334 2265 3453">
     <span class='ocr_line' id='line_1_103' title="bbox 179 3334 2264 3399; baseline 0.006 -28"><span class='ocrx_word' id='word_1_723' title='bbox 179 3336 269 3373; x_wconf 85' lang='grc'>405.</span> <span class='ocrx_word' id='word_1_724' title='bbox 299 3334 529 3384; x_wconf 81' lang='lat' dir='ltr'><strong>Phrynichus</strong></span> <span class='ocrx_word' id='word_1_725' title='bbox 549 3335 709 3372; x_wconf 85' lang='lat' dir='ltr'><strong>Bekkeri</strong></span> <span class='ocrx_word' id='word_1_726' title='bbox 736 3348 772 3385; x_wconf 92' lang='lat' dir='ltr'>p.</span> <span class='ocrx_word' id='word_1_727' title='bbox 794 3335 830 3379; x_wconf 83' lang='grc'>6,</span> <span class='ocrx_word' id='word_1_728' title='bbox 855 3337 914 3374; x_wconf 90' lang='grc'>13.</span> <span class='ocrx_word' id='word_1_729' title='bbox 963 3339 1181 3387; x_wconf 82' lang='grc' dir='ltr'>Ἀτεγκτος</span> <span class='ocrx_word' id='word_1_730' title='bbox 1211 3340 1291 3378; x_wconf 83' lang='grc' dir='ltr'>τοὺς</span> <span class='ocrx_word' id='word_1_731' title='bbox 1314 3341 1406 3388; x_wconf 83' lang='grc' dir='ltr'>παρὰ</span> <span class='ocrx_word' id='word_1_732' title='bbox 1430 3344 1476 3391; x_wconf 80' lang='grc' dir='ltr'>τῷ</span> <span class='ocrx_word' id='word_1_733' title='bbox 1494 3340 1703 3392; x_wconf 79' lang='grc' dir='ltr'>Ἀρχιλόχῳ·</span> <span class='ocrx_word' id='word_1_734' title='bbox 1731 3344 1840 3381; x_wconf 83' lang='grc' dir='ltr'>πολὺς</span> <span class='ocrx_word' id='word_1_735' title='bbox 1864 3346 1901 3380; x_wconf 83' lang='grc' dir='ltr'>δὲ</span> <span class='ocrx_word' id='word_1_736' title='bbox 1925 3346 2038 3394; x_wconf 79' lang='grc' dir='ltr'>ἀφρὸς</span> <span class='ocrx_word' id='word_1_737' title='bbox 2062 3347 2102 3394; x_wconf 84' lang='grc' dir='ltr'>ἦν</span> <span class='ocrx_word' id='word_1_738' title='bbox 2124 3351 2204 3399; x_wconf 67' lang='grc' dir='ltr'>περὶ</span> <span class='ocrx_word' id='word_1_739' title='bbox 2225 3351 2264 3387; x_wconf 73' lang='grc' dir='ltr'>τὸ</span> 
     </span>
     <span class='ocr_line' id='line_1_104' title="bbox 129 3389 2265 3453; baseline 0.007 -28"><span class='ocrx_word' id='word_1_740' title='bbox 129 3389 487 3438; x_wconf 71' lang='grc' dir='ltr'>παρηγορῆμασιντ</span> <span class='ocrx_word' id='word_1_741' title='bbox 517 3391 704 3437; x_wconf 86' lang='grc' dir='ltr'>Αἰσχύλος.</span> <span class='ocrx_word' id='word_1_742' title='bbox 733 3393 847 3437; x_wconf 82' lang='grc' dir='ltr'>δοτικῇ</span> <span class='ocrx_word' id='word_1_743' title='bbox 867 3393 940 3428; x_wconf 84' lang='grc' dir='ltr'>ἀντὶ</span> <span class='ocrx_word' id='word_1_744' title='bbox 957 3395 1090 3440; x_wconf 84' lang='grc' dir='ltr'>γενικῆς</span> <span class='ocrx_word' id='word_1_745' title='bbox 1102 3393 1179 3429; x_wconf 88' lang='grc' dir='ltr'>Ἀτ-</span> <span class='ocrx_word' id='word_1_746' title='bbox 1213 3396 1338 3440; x_wconf 84' lang='grc' dir='ltr'>στόμα.</span> <span class='ocrx_word' id='word_1_747' title='bbox 1382 3395 1435 3429; x_wconf 81' lang='grc' dir='ltr'>καὶ</span> <span class='ocrx_word' id='word_1_748' title='bbox 1467 3396 1647 3441; x_wconf 86' lang='grc' dir='ltr'>Σοφοκλῆς</span> <span class='ocrx_word' id='word_1_749' title='bbox 1677 3394 1830 3441; x_wconf 83' lang='lat' dir='ltr'><strong>(Electr.</strong></span> <span class='ocrx_word' id='word_1_750' title='bbox 1857 3409 1891 3433; x_wconf 88' lang='lat' dir='ltr'>v.</span> <span class='ocrx_word' id='word_1_751' title='bbox 1918 3398 2023 3441; x_wconf 87' lang='lat'><strong>719.)</strong></span> <span class='ocrx_word' id='word_1_752' title='bbox 2092 3403 2265 3453; x_wconf 54' lang='grc' dir='ltr'>Αἰσχύλῳ</span> 
     </span>
    </p>
   </div>
   <div class='ocr_carea' id='block_1_40' title="bbox 129 3443 1177 3550">
    <p class='ocr_par' dir='ltr' id='par_1_57' title="bbox 129 3443 1177 3550">
     <span class='ocr_line' id='line_1_105' title="bbox 129 3443 499 3493; baseline -0.008 -11"><span class='ocrx_word' id='word_1_753' title='bbox 129 3447 206 3493; x_wconf 74' lang='grc' dir='ltr'>τικῷ</span> <span class='ocrx_word' id='word_1_754' title='bbox 225 3443 397 3492; x_wconf 78' lang='grc' dir='ltr'>ἐχρήσατο</span> <span class='ocrx_word' id='word_1_755' title='bbox 415 3444 499 3490; x_wconf 83' lang='grc' dir='ltr'>ἤθει.</span> 
     </span>
     <span class='ocr_line' id='line_1_106' title="bbox 181 3494 1177 3550; baseline 0.003 -16"><span class='ocrx_word' id='word_1_756' title='bbox 181 3497 285 3534; x_wconf 86' lang='grc'>406.’</span> <span class='ocrx_word' id='word_1_757' title='bbox 301 3495 531 3547; x_wconf 84' lang='lat' dir='ltr'><strong>Phrynichus</strong></span> <span class='ocrx_word' id='word_1_758' title='bbox 549 3494 709 3534; x_wconf 88' lang='lat' dir='ltr'><strong>Bekkeri</strong></span> <span class='ocrx_word' id='word_1_759' title='bbox 727 3508 762 3547; x_wconf 89' lang='lat' dir='ltr'>p.</span> <span class='ocrx_word' id='word_1_760' title='bbox 785 3498 821 3540; x_wconf 89' lang='lat'>6,</span> <span class='ocrx_word' id='word_1_761' title='bbox 848 3497 906 3535; x_wconf 84' lang='lat'>16.</span> <span class='ocrx_word' id='word_1_762' title='bbox 944 3499 1177 3550; x_wconf 73' lang='grc' dir='ltr'>Ἀπαίρεινε</span> 
     </span>
    </p>
   </div>
   <div class='ocr_carea' id='block_1_41' title="bbox 1214 3445 1933 3497">
    <p class='ocr_par' dir='ltr' id='par_1_58' title="bbox 1214 3445 1933 3497">
     <span class='ocr_line' id='line_1_107' title="bbox 1214 3445 1933 3497; baseline 0.004 -13"><span class='ocrx_word' id='word_1_763' title='bbox 1214 3449 1252 3484; x_wconf 80' lang='grc' dir='ltr'>δὲ</span> <span class='ocrx_word' id='word_1_764' title='bbox 1271 3449 1295 3467; x_wconf 90' lang='grc'><strong>“</strong></span> <span class='ocrx_word' id='word_1_765' title='bbox 1307 3445 1438 3495; x_wconf 81' lang='grc' dir='ltr'>Ἀφρὸς</span> <span class='ocrx_word' id='word_1_766' title='bbox 1456 3449 1562 3493; x_wconf 74' lang='grc' dir='ltr'>βορῆς</span> <span class='ocrx_word' id='word_1_767' title='bbox 1580 3450 1763 3497; x_wconf 82' lang='grc' dir='ltr'>ἐρρυηκότα</span> <span class='ocrx_word' id='word_1_768' title='bbox 1782 3449 1933 3497; x_wconf 81' lang='grc' dir='ltr'>στόμα.”</span> 
     </span>
    </p>
   </div>
   <div class='ocr_carea' id='block_1_42' title="bbox 1319 3451 2175 3554">
    <p class='ocr_par' dir='ltr' id='par_1_59' title="bbox 1319 3451 2175 3554">
     <span class='ocr_line' id='line_1_108' title="bbox 1987 3451 2175 3495; baseline 0.037 -7"><span class='ocrx_word' id='word_1_769' title='bbox 1987 3451 2175 3495; x_wconf 79' lang='lat' dir='ltr'><strong>Porsonus</strong></span> 
     </span>
     <span class='ocr_line' id='line_1_109' title="bbox 1319 3500 1986 3554; baseline 0.009 -17"><span class='ocrx_word' id='word_1_770' title='bbox 1319 3500 1450 3550; x_wconf 84' lang='grc' dir='ltr'>Ἀφρὸς</span> <span class='ocrx_word' id='word_1_771' title='bbox 1468 3503 1624 3549; x_wconf 83' lang='grc' dir='ltr'>βρότειος</span> <span class='ocrx_word' id='word_1_772' title='bbox 1643 3502 1743 3552; x_wconf 84' lang='grc' dir='ltr'>ἐρρύη</span> <span class='ocrx_word' id='word_1_773' title='bbox 1763 3505 1846 3541; x_wconf 85' lang='grc' dir='ltr'>κατὰ</span> <span class='ocrx_word' id='word_1_774' title='bbox 1864 3506 1986 3554; x_wconf 85' lang='grc' dir='ltr'>στόμα.</span> 
     </span>
    </p>
   </div>
   <div class='ocr_carea' id='block_1_43' title="bbox 2325 0 2488 3860">
    <p class='ocr_par' dir='ltr' id='par_1_60' title="bbox 2325 0 2488 3860">
     <span class='ocr_line' id='line_1_110' title="bbox 2325 0 2488 3860; baseline 0 0"><span class='ocrx_word' id='word_1_775' title='bbox 2325 0 2488 3860; x_wconf 95' lang='lat' dir='ltr'> </span> 
     </span>
    </p>
   </div>
  </div>
 </body>
</html>
