2488 3860
202 317 285 361 666

206 428 335 474 σοφὸν
369 424 489 463 τοῦτό
526 428 652 469 ἐστιν,
684 427 710 463 ὦ
742 429 923 476 Σώκρατες,
959 428 995 464 εἴ
1028 444 1088 466 τις
1123 429 1250 475 εὐφυῆ

199 481 388 523 λαβοῦσα
414 481 531 528 τέχνη
559 483 674 528 φῶτα
700 482 818 528 ἔθηκε
843 483 1019 530 χείρονα,
1043 482 1126 528 μήτε
1151 483 1252 518 αὐτὸν

199 535 288 570 αύτῶ
307 535 488 580 δυνάμενον
505 535 654 581 βοηθεῖν,
674 536 749 581 μήδ’
773 537 923 572 ἐκσῶσαι
941 537 977 572 ἐκ
998 540 1065 572 τῶν
1081 536 1252 583 μεγίστων

199 587 357 624 κινδύνων
380 587 464 634 μήτε
492 590 610 625 ἑαυτὸν
635 588 719 636 μήτε
743 590 850 626 ἄλλον
873 590 1010 636 μηδένα,
1034 591 1099 625 ὑπὸ
1124 590 1161 625 δὲ
1185 593 1251 625 τῶν

198 642 331 689 ἐχθρῶν
357 643 611 690 περισυλᾶσθαι
641 645 757 690 πᾶσαν
782 643 844 689 τὴν
874 644 1006 683 οὐσίαν,
1035 643 1183 689 ἀτεχνῶς
1214 644 1250 678 δέ

197 696 316 741 ἄτιμον
341 697 399 740 ζῆν
417 696 452 731 ἐν
473 698 512 741 τῇ
537 698 660 737 πόλεις
690 695 752 732 EX
775 695 834 733 his
860 695 965 732 Grot.
986 695 1079 733 Exc.
1100 707 1138 744 p.
1160 694 1248 736 373,

197 747 270 784 hos
287 759 415 783 versus
436 747 553 785 eruit:

304 802 359 837 καὶ
376 806 448 839 πῶς
466 804 581 850 σοφὸν
598 804 688 840 τοῦτ’
709 805 815 844 ἔστιν,
836 803 867 840 εἴ
882 819 932 840 τις
952 805 1060 850 εὐφυῆ

306 858 466 900 λαβοῦσα
483 857 584 904 τέχνη
604 858 690 905 φῶτ’
711 858 807 903 ἔθηκε
825 859 974 905 χείρονα.

252 907 300 945 In
318 907 554 957 sequentibus
572 915 696 946 autem
714 909 828 946 latere
847 922 992 946 versum

302 963 377 1009 μήτ’
397 964 498 1009 αὐτὸν
515 965 604 1013 αὑτῷ
623 966 804 1010 δυνάμενόν
821 964 852 1011 γ’
873 964 1056 1022 ἐπαρκέσαι

196 1014 289 1051 bene
315 1014 447 1052 Valck.
475 1000 594 1053 Diatr.
615 1029 650 1065 p.
678 1018 726 1052 83
755 1016 924 1064 conjecit,
944 1016 982 1052 in
1009 1027 1081 1064 quo
1110 1001 1249 1052 Matth.

197 1071 378 1116 δυνάμενον
395 1071 629 1117 προσαρκέσαι
647 1069 788 1106 maluit.

251 1121 375 1168 (201.)
397 1127 450 1159 26.
482 1123 651 1160 Stobaeus
670 1122 842 1170 Append.
863 1135 883 1158 e
903 1122 985 1159 cod.
1008 1122 1170 1158 Florent.
1191 1130 1248 1170 ap.

196 1172 316 1213 Gaisf.
337 1175 424 1212 Vol.
446 1174 514 1218 IV,
540 1178 598 1217 11,
619 1190 656 1224 p.
680 1178 754 1213 382
789 1176 847 1212 ed.
871 1175 985 1212 Gaisf.

557 1229 623 1268 Ὃς
641 1231 669 1266 δ’
690 1232 888 1278 εὐγλωσσίᾳ

304 1287 386 1330 νικᾷ,
407 1286 521 1331 σοφὸς
538 1286 611 1330 μὲν,
631 1285 722 1320 ἀλλὰ
739 1286 804 1332 γὰρ
822 1286 864 1320 τὰ
882 1286 1061 1332 πράγματα

304 1339 454 1385 κρείσσω
473 1339 594 1384 νομίζω
613 1342 679 1374 τῶν
697 1341 810 1385 λόγων
829 1339 880 1373 ἀεί
897 1353 993 1374 ποτε.

250 1390 376 1436 (202.)
399 1403 450 1436 27.
481 1388 575 1427 Plat.
593 1390 711 1438 Gorg.
733 1404 769 1439 p.
790 1392 867 1427 484
887 1390 932 1426 E.
993 1392 1172 1438 Συμβαίνει
1185 1393 1250 1439 γὰρ

194 1445 233 1480 τὸ
252 1447 312 1481 τοῦ
331 1445 528 1492 Εὐριπίδου·
556 1447 711 1492 λαμπρός
729 1446 757 1482 τ’
779 1446 872 1481 ἐστὶν
891 1445 1033 1483 ἕκαστος
1051 1447 1086 1482 ἐν
1103 1444 1211 1494 τούτῳ

650 1500 729 1535 κάπὶ
747 1499 835 1535 τοῦτ
857 1499 1035 1546 ἐπείγεται,

298 1552 405 1599 νέμων
422 1554 461 1588 τὸ
479 1553 677 1589 πλεῖστον’
662 1553 785 1600 ημέρας
803 1552 909 1588 τούτω
923 1553 1035 1600 μέρος,

295 1604 335 1642 ιν’
355 1607 455 1643 αὐτὸς
473 1607 575 1643 αὑτοῦ
592 1608 740 1654 τυγχάνη
757 1607 984 1650 βε’λτιστος’Ι
961 1623 1017 1643 ων.

244 1657 378 1695 Valck.
404 1658 525 1696 Diatr.
555 1671 590 1708 p
614 1661 674 1697 76.
700 1658 846 1695 initium
874 1659 1060 1708 supplevit
1086 1658 1125 1696 in
1151 1658 1251 1696 hunc

194 1711 368 1749 modum:

568 1769 604 1803 ἐν
621 1767 728 1816 τούτῳ
746 1768 787 1815 γέ
803 1782 857 1803 τοι

295 1822 452 1869 λαμπρὸς
470 1821 504 1857 θ’
525 1821 677 1864 ἕκαστος,
698 1822 777 1857 κάπὶ
796 1821 900 1857 κ.τ.λ.

196 1870 255 1909 vel
273 1872 347 1910 sic:

567 1931 602 1966 ἐν
619 1930 725 1978 τούτῳ
743 1945 784 1979 γε
801 1931 867 1965 πᾶς

298 1985 455 2031 λαμπρός
472 1984 523 2021 τίς
541 1984 617 2020 ε’στι
636 1984 715 2019 κάπὶ
734 1998 764 2018 κ.
767 1999 799 2019 τ.
804 1985 837 2018 λ.

1104 304 1437 356 ΕΥΡΙΠΙΔΟΥ

1393 428 1459 475 ἐγὼ
1476 426 1538 473 μὲν
1555 424 1670 461 οὔποτ’
1690 419 1792 460 αὐτὸν
1809 411 1929 473 ὄλβιον
1946 423 2049 474 καλῶ,

1392 481 1531 528 φύλακα
1548 480 1586 515 δὲ
1603 471 1737 526 μᾶλλον
1754 478 1934 525 χρημάτων
1951 477 2140 524 εὐδαίμονα.

1339 529 1468 583 (208.)
1486 547 1539 577 33.
1569 530 1742 567 Stobaeus
1762 529 1843 572 CV,
1868 530 1927 567 11.

1395 587 1537 623 τοιόσδε
1555 586 1682 631 θνητῶν
1699 589 1765 622 τῶν
1783 583 2004 630 ταλαιπώρων
2019 584 2110 627 βίος·

1389 640 1458 676 οὐδ’
1479 641 1613 686 εὐτυχεῖ
1629 641 1667 675 τὸ
1685 640 1824 686 πάμπαν
1842 640 1920 673 οὕτε
1938 638 2111 687 δυστυχεῖ,

1392 695 1581 739 εὐδαιμονεῖ
1599 694 1635 729 δὲ
1656 692 1768 730 καῦθις
1787 693 1846 729 οὐκ
1864 692 2061 738 εὐδαιμονεῖ.

1390 748 1430 784 Τι
1448 747 1518 793 δῆτ’
1538 748 1573 783 ἐν
1591 746 1686 796 ὄλβῳ
1704 747 1748 793 μὴ
1764 747 1871 813 σαφεῖ
1887 746 2072 790 βεβηκότες

1391 802 1431 837 οὐ
1451 801 1590 848 ζῶμεν“
1574 816 1618 838 ως
1637 801 1770 847 ἥδιστα,
1791 800 1836 846 μὴ
1853 797 2080 847 λυπούμενοι·

1338 843 1469 903 (209.)
1501 869 1556 900 34·
1603 853 1710 890 Phot.
1744 865 1780 902 p.
1809 853 1863 898 31,
1903 849 2034 887 Herm.
2065 862 2102 899 p.
2134 848 2196 887 34.
2230 845 2339 886 Ροτε.

1286 911 1450 956 Εὕκρας,
1471 911 1640 956 εὔκρατος·
1670 909 1739 956 Εὐρ
1755 907 1852 952 πίόης
2352 925 2355 929 -

1392 965 1572 1010 Βροτοῖσιν
1590 963 1705 1010 εὐκρὰς
1726 963 1765 998 οὐ
1782 959 1903 1009 γένοιτ’
1923 959 1964 996 ἂν
1981 958 2097 1005 ἡδεως.

1286 1017 1321 1052 ε’ν
1338 1016 1510 1062 Ἀντιόπῃ.

1338 1067 1468 1117 (210.)
1486 1084 1540 1115 35.
1571 1068 1740 1106 Stobaeus
1759 1066 1834 1109 III,
1856 1067 1916 1104 27.

1392 1124 1483 1172 Ἐγὼ
1501 1126 1561 1170 μὲν
1580 1140 1639 1160 ουν
1656 1123 1769 1170 ᾅδοιμι
1787 1123 1841 1158 καὶ
1854 1122 1989 1169 λέγοιμί
2005 1135 2038 1156 τι

1394 1177 1520 1225 σοφὸν,
1539 1179 1723 1226 ταράσσων
1740 1176 1880 1224 μηδὲν
1863 1191 1907 1211 ων
1924 1177 2025 1211 πόλις
2044 1175 2150 1210 νοσεῖ.

1340 1229 1448 1280 (211.
1454 1229 1542 1278 )36.
1572 1229 1667 1267 Sto}
1669 1241 1744 1266 aeus
1762 1218 1904 1269 LVIII,
1929 1223 1961 1264 1.

1387 1285 1512 1322 Ὀστις
1530 1285 1566 1320 δέ
1585 1286 1736 1353 πράσσει
1754 1284 1878 1323 πολλὰ,
1899 1282 1943 1329 μὴ
1961 1282 2133 1330 πράσσειν
2150 1280 2269 1328 παρὸν,

1375 1382 1377 1385 .
1391 1343 1514 1387 μῶρος,
1532 1341 1640 1386 παρὸν
1659 1340 1716 1383 ζῆν
1735 1338 1839 1385 ἡδεως
1857 1337 2068 1385 ἀπράγμονα.

1340 1389 1467 1440 (212.)
1488 1407 1543 1437 37.
1573 1390 1745 1427 Stobaeus
1763 1387 1955 1430 XLVIII,
1976 1390 2013 1424 3.

1390 1446 1430 1481 ‘O
1451 1445 1479 1481 δ’
1500 1447 1630 1492 ἥσυχος
1648 1445 1787 1493 φίλοισί
1803 1443 1832 1479 τ’
1848 1442 2009 1491 ἀσφαλὴς
2026 1442 2131 1489 φίλος

1390 1502 1490 1536 πόλει
1506 1500 1535 1535 ‘r'
1555 1501 1706 1547 ι’ίριστος.
1762 1498 1818 1543 Μὴ
1837 1499 1878 1532 τὰ
1897 1495 2132 1542 κινδυνεύματα

1394 1551 1520 1589 αἰνεῖτ’·
1551 1555 1616 1601 ἐγὼ
1633 1554 1700 1601 γὰρ
1719 1555 1796 1588 οὕτε
1814 1552 1970 1587 ναυτίλον
1987 1551 2080 1599 φιλῶ

1393 1610 1569 1653 τολμῶντα
1586 1608 1675 1648 λίαν,
1696 1609 1773 1642 ου’τε
1790 1606 1998 1654 προστάτην
2003 1603 2138 1651 χθονός.

1341 1657 1472 1710 (213.)
1493 1667 1547 1705 38.
1578 1658 1749 1696 Stobaeus
1767 1650 1799 1694 L
1802 1656 1969 1698 XXXII,
1992 1658 2028 1692 2.

1392 1715 1453 1750 Ἐκ
1470 1716 1596 1752 παντὸς
1613 1715 1654 1750 ἅν
1672 1729 1721 1751 τις
1739 1714 1935 1761 πράγματος
1953 1712 2084 1760 δισσῶν
2101 1700 2191 1757 λόγω
2197 1723 2214 1744 ν

1394 1769 1507 1816 ἀγῶνα
1525 1768 1604 1804 θεῖτ’
1626 1769 1678 1808 ἂν,
1699 1768 1727 1803 ἐἶ
1744 1766 1857 1814 λέγειν
1875 1765 1931 1813 ε’ίη
1944 1753 2070 1812 σοφός.

1344 1820 1472 1870 (214.)
1491 1836 1546 1867 39.
1576 1819 1747 1857 Stobaeus
1765 1817 1952 1859 XCVIII,
1973 1818 2035 1854 34.

1395 1879 1461 1911 Φεῦ
1480 1877 1558 1923 φεῦ,
1578 1877 1729 1922 βρότειαι
1747 1874 1906 1920 πημάτων
1924 1873 2004 1908 ὅσαι
2023 1871 2122 1918 τύχαι

1393 1930 1473 1965 ὅσαι
1491 1944 1527 1965 τε
1545 1930 1689 1977 μορφαί·
1719 1928 1825 1976 τέρμα
1843 1927 1871 1962 δ’
1892 1928 1952 1962 οὐκ
1970 1925 2058 1974 εἴποι
2075 1939 2126 1961 τις
2143 1924 2196 1960 ἅν.

1342 1982 1469 2028 (215.)
1489 1997 1545 2026 40.
1590 1979 1715 2017 Schol.
1736 1980 1783 2016 ad
1809 1979 1924 2016 Hom.
1944 1970 2051 2014 11.>k'.
2075 1977 2162 2014 774.

2219 1956 2343 2039 Χόρτοι

249 2034 374 2082 (203)
409 2042 462 2073 28.
492 2035 618 2073 Anon·
639 2048 797 2085 gramm.
819 2036 897 2082 περὶ
914 2038 1060 2083 λυρικῶν
1077 2033 1116 2070 in
1142 2034 1249 2072 Bois·
1287 2038 1323 2072 δὲ
1336 2052 1368 2073 οι
1379 2052 1514 2085 τριγχοι
1529 2033 1576 2084 (s.
1590 2032 1801 2084 τροχαλοὶ)
1786 2050 1830 2071 ως
1840 2049 1908 2082 παρ
1911 2031 2100 2080 Ἐὐριπίδῃ
2119 2030 2156 2066 ἐν
2169 2029 2340 2075 Ἀντιόπῃ·

193 2099 271 2123 son.
292 2087 434 2126 Anecd.
466 2088 531 2124 Gr
553 2088 621 2132 IV,
641 2102 679 2137 p.
701 2090 792 2126 458.
822 2090 915 2137 Λύρα
943 2090 1056 2126 τοίνυν
1060 2104 1248 2153 “utputa-⁷77⁰-

193 2142 292 2187 ρεύθη
312 2143 366 2177 διὰ
390 2143 429 2178 τὸ
456 2143 614 2191 λύτρον’
600 2145 664 2180 υπὸ
696 2144 823 2191 Ἑρμοῦ
848 2132 1010 2179 δεδόσθαι
1035 2145 1095 2188 τῆς
1124 2146 1251 2189 κλοπῆς

1764 2087 1844 2124 Οἶνό

1373 2186 1375 2190 ⁴
1393 2144 1570 2192 σύγχορτα
1588 2144 1667 2180 ναίω
1685 2143 1784 2178 πεδία
1801 2104 1920 2179 ταῖης’
1891 2137 1920 2177 τ’
1937 2139 2165 2188 Ἐλευθεραῖς.

192 2200 259 2231 τῶν
275 2197 367 2236 βοῶν
384 2200 445 2232 τοῦ
463 2197 693 2239 Ἀπόλλωνος,
715 2198 862 2245 καθάπερ
887 2198 997 2244 φησὶν
1015 2198 1233 2244 Εὐριπίδης’
1216 2213 1251 2233 εν
1287 2200 1340 2235 καὶ
1361 2200 1396 2234 ἐν
1413 2198 1630 2245 Ἀνδρομάχῃ
1652 2195 1703 2244 (v.
1729 2192 1808 2241 17.)
1829 2196 1964 2242 ὁμοίως.

192 2248 361 2295 Αντιόπῃ·
409 2251 510 2298 λύρᾳ
544 2253 650 2294 βοῶν
685 2251 788 2298 ῥύσα
823 2250 1083 2299 ἐξερρύσατο.
1153 2249 1249 2286 Cum

193 2299 250 2337 his
278 2300 324 2338 cf.
346 2301 474 2351 Etym.
504 2311 553 2340 M.
576 2317 611 2340 v.
636 2304 735 2363 λύρα,
756 2303 876 2340 Bekk.
905 2303 981 2340 An.
1004 2302 1071 2339 Gr.
1098 2315 1136 2351 p.
1160 2303 1248 2344 752,

196 2354 256 2396 15,
277 2354 389 2392 Auct.
418 2355 655 2404 Epimerism.
675 2357 713 2393 in
746 2357 869 2393 Cram.
896 2356 969 2392 An.
1003 2355 1069 2392 Gr.
1091 2355 1166 2392 Ox.
1196 2354 1247 2401 ΙΙ,

193 2418 229 2454 p.
253 2408 340 2448 387,
365 2408 422 2452 13,
443 2414 481 2446 et
500 2408 626 2446 Schol.
647 2410 828 2446 Nicandr.
848 2408 1022 2457 Alexiph
1044 2409 1133 2446 557.

248 2455 549 2498 Schneidewinus
585 2462 772 2512 Euripidis
808 2474 957 2499 versum
988 2461 1178 2498 verissime
1212 2461 1249 2498 in

195 2510 294 2548 hunc
312 2513 465 2550 modum
484 2516 667 2553 restituit.

300 2566 388 2614 λύρᾳ
406 2571 500 2611 βοῶν
515 2571 582 2617 γὰρ
600 2571 689 2618 ῥύσι’
710 2570 909 2616 ἐξελύσατο.

249 2617 378 2667 (204.)
398 2636 451 2667 29.
484 2621 654 2659 Stobaeus
673 2621 745 2665 III,
769 2625 829 2659 12.

297 2674 343 2708 Τὸ
362 2674 391 2709 δ’
411 2676 552 2713 ἀσθενές
570 2693 634 2723 μου
653 2679 707 2713 καὶ
725 2679 763 2714 τὸ
783 2678 869 2723 θῆλυ
889 2679 1045 2723 σώματος

301 2732 405 2764 κακῶς
423 2729 610 2776 εμέμφθης·
640 2733 694 2767 καὶ
711 2733 788 2778 γὰρ,
809 2732 837 2766 εἷ
855 2731 1033 2778 φρονεῖν’
1014 2745 1093 2777 εχω,

301 2783 463 2827 κρεῖσσον
480 2781 552 2818 τόδ’
573 2785 648 2820 ε’στὶ
666 2788 827 2832 καρτεροῦ
846 2786 1041 2832 βραχίονος.

249 2831 358 2877 (205.
362 2833 376 2878 )
406 2849 458 2879 30.
488 2835 658 2872 Stobaeus
676 2836 778 2881 LIV,
800 2840 836 2873 5.

303 2889 419 2933 Γνώμῃ
438 2890 504 2937 γὰρ
522 2889 642 2937 ἀνδρὸς
661 2890 697 2926 εὗ
714 2893 776 2936 μὲν
794 2892 959 2927 οἰκοῦνται
977 2893 1105 2934 πόλεις,

301 2938 338 2974 ευ
357 2941 386 2975 δ’
406 2939 507 2983 οἶκος,
528 2958 575 2980 εις
592 2944 620 2980 τ’
641 2944 681 2979 αὖ
699 2946 850 3012 πόλεμον
869 2945 981 2991 ἰσχύει
999 2946 1098 2993 μέγα·

302 2995 417 3058 σοφὸν
434 2997 500 3042 γὰρ
519 3011 554 3031 εν
570 2997 744 3043 βούλευμα
762 3000 821 3035 τὰς
838 3000 970 3035 πολλὰς
987 3000 1090 3046 χέρας

305 3050 389 3093 νικᾷ·
419 3049 484 3084 σὺν
502 3048 596 3099 ὅχλω
615 3051 643 3086 δ’
664 3052 787 3096 ἀμαθία
803 3054 968 3088 πλεῖστον
987 3054 1098 3089 κακόν.

250 3084 375 3145 (206.)
396 3086 652 3144 31.Stobaeus
670 3102 741 3144 VI,
763 3105 824 3139 22.

304 3154 369 3189 Καὶ
386 3155 451 3200 μὴν
468 3154 546 3190 ὅσοι
563 3157 624 3201 μὲν
642 3158 767 3203 σαρκὸς
785 3158 832 3194 εἷς
850 3160 978 3205 εὐεξίαν

300 3207 447 3244 ἀσκοῦσι
464 3209 628 3251 βίοτον,
612 3225 652 3253 ην
670 3212 837 3256 σφάλωσι
854 3214 1046 3258 χρημάτων,

303 3261 396 3296 κακοὶ
413 3263 564 3297 πολῖται·
594 3263 646 3298 δεῖ
661 3265 727 3310 γὰρ
746 3264 837 3310 ἄνδρ’
858 3266 1048 3311 εἰθισμένον

303 3314 494 3350 ἀκόλαστον
511 3314 592 3359 ἦθος
609 3318 794 3363 γαστρὸς
777 3331 812 3352 εν
838 3319 947 3367 ταύτῷ
966 3320 1087 3364 μένειν.

250 3362 357 3412 (207.
362 3366 438 3412 )32.
448 3366 733 3409 StobaeusXVL
744 3371 780 3404 4.
789 3369 877 3404 Ant.
886 3355 1249 3410 MelissaetMaxim.

196 3414 235 3454 in
254 3417 343 3454 edit.
366 3417 472 3456 Stob.
493 3432 526 3456 a.
552 3421 663 3462 1609,
684 3419 803 3457 Serm.
825 3421 927 3467 XLI,
947 3436 983 3471 p
1005 3425 1068 3467 64,
1089 3426 1154 3464 51.

304 3473 345 3507 El
364 3473 393 3507 δ’
414 3476 560 3520 εὐτυχῶν
577 3490 629 3511 τις
646 3478 699 3510 καὶ
717 3476 794 3517 βίον
812 3490 1005 3522 κεκτημενος

301 3526 406 3578 μηδὲν
424 3528 561 3574 δόμοισι
578 3531 645 3566 τῶν
664 3530 774 3566 καλῶν
791 3531 999 3580 πειράσεται,

1341 2248 1470 2299 (216.)
1489 2266 1544 2295 41.
1576 2248 1749 2286 Stobaeus
1767 2247 1954 2291 XXXVI,
1978 2248 2039 2283 10.

1393 2305 1532 2351 Κόσμος
1550 2305 1587 2339 δὲ
1607 2305 1706 2351 σιγῆς
1725 2302 1897 2350 στέφανος
1915 2302 2035 2348 ἀνδρὸς
2054 2301 2093 2335 οὐ
2111 2301 2224 2335 κακοῦ”

1390 2359 1431 2394 τὸ
1450 2358 1479 2393 δ’
1500 2359 1667 2394 ἐκλαλοῦν
1684 2356 1779 2392 τοῦθ’
1799 2357 1919 2401 ἡδονῆς
1937 2357 1998 2401 μὲν
2015 2355 2164 2395 ἅπτεται,

1392 2413 1491 2447 κακὸν
1510 2410 1541 2447 δ’
1562 2410 1710 2457 ὁμίλημ’,
1730 2410 1870 2446 ἀσθενὲς
1889 2411 1925 2445 δὲ
1945 2411 1999 2444 καὶ
2016 2407 2130 2444 πόλει.
2381 2450 2387 2453 Δ

1340 2462 1469 2513 (217.)
1488 2480 1542 2509 42·
1582 2462 1753 2500 Stobaeus
1774 2461 1854 2498 Ecl.
1875 2461 1982 2511 phys.
2005 2460 2035 2503 Ι,
2056 2462 2094 2503 4,
2115 2459 2177 2504 33,
2195 2462 2235 2508 p.
2252 2459 2342 2495 122.

1287 2518 1400 2555 Heer.

1390 2571 1457 2618 Τὴν
1475 2587 1527 2607 τοι
1547 2573 1649 2617 Δίκην
1665 2570 1810 2618 λέγουσι
1827 2570 1919 2607 παιδ’
1939 2567 2022 2606 εἶναι
2040 2570 2182 2616 Χρόνου,

1391 2626 1541 2661 δείκνυσι
1560 2626 1589 2661 δ’
1610 2626 1703 2672 ἡμῶν
1721 2623 1818 2661 ὅστις
1836 2624 1908 2661 ἔστ’
1927 2624 1947 2670 ἢ
1966 2624 2010 2671 μὴ
2030 2622 2142 2659 κακός.

1338 2671 1472 2727 (218.)
1496 2693 1550 2723 43.
1581 2676 1741 2725 Longin.
1772 2676 1818 2712 de
1846 2675 1950 2713 Subl.
1979 2674 2061 2711 XL.
2114 2675 2194 2711 Ἐπὶ
2220 2673 2259 2710 δὲ
2284 2675 2343 2720 τῆς

1286 2733 1474 2780 συρομένης
1491 2733 1557 2768 ὑπὸ
1575 2735 1637 2768 τοῦ
1654 2730 1779 2779 ταύρου
1798 2731 1920 2779 Δίρκης
1937 2726 2156 2779 (Εὐριπίδης)

1722 2786 1750 2820 εἷ
1769 2785 1808 2820 δέ
1823 2800 1889 2821 που

1390 2839 1488 2886 τύχοι
1505 2838 1607 2886 περιξ
1625 2839 1750 2883 ἑλίξας,
1770 2836 1860 2886 εἷλχ’
1880 2841 1965 2884 ὁμοῦ
1981 2839 2100 2881 λαβὼν

1389 2895 1539 2941 γυναῖκα,
1558 2892 1695 2940 πέτραν,
1715 2893 1809 2940 δρῦν,
1828 2893 2079 2938 μεταλλάσσων
2096 2891 2160 2927 ἀεί.

1341 2943 1469 2994 (219.)
1486 2960 1541 2991 44.
1570 2944 1741 2982 Stobaeus
1761 2943 1885 2981 Floril.
1906 2944 2029 2988 LXX,
2055 2945 2114 2980 10.

1762 3001 1857 3035 Πᾶσι
1875 2998 1904 3035 δ’
1923 2999 2082 3065 ἀγγέλλω
2099 2999 2248 3046 βροτοῖς,

1390 3054 1561 3090 ἐσθλῶν’
1543 3053 1598 3090 απ’
1619 3053 1750 3099 ἀνδρῶν
1767 3053 1883 3100 εὐγένη
1903 3054 2055 3100 σπείρειν
2072 3051 2184 3088 τέκνα.

1342 3107 1449 3153 (220.
1455 3105 1470 3154 )
1488 3121 1543 3153 45.
1588 3105 1759 3143 Stobaeus
1786 3104 1866 3142 Ecl.
1887 3103 2000 3153 Phys.
2022 3103 2054 3147 Ι,
2073 3107 2111 3147 4,
2124 3105 2188 3147 25,
2206 3115 2245 3153 p.
2264 3089 2338 3141 118

1287 3159 1401 3196 Heer.

1391 3214 1475 3249 Δίκα
1493 3228 1545 3249 τοι
1564 3214 1638 3249 δίκα
1655 3214 1802 3262 χρόνιος·
1831 3213 1909 3249 ἀλλ’
1929 3213 2019 3259 ὅμως

1389 3267 1600 3303 ὖποπεσοῦσ’
1622 3268 1755 3311 ἔλαθεν,
1775 3267 1856 3303 ὅταν
1873 3268 1934 3314 ἔχῃ

1389 3320 1449 3356 τιν’
1469 3321 1578 3366 ἀσεβῆ
1597 3323 1742 3368 βροτῶν.

1340 3370 1466 3418 (221.)
1486 3377 1539 3417 46.
1571 3371 1742 3409 Stobaeus
1761 3372 1860 3410 Flor.
1882 3371 1913 3415 I,
1935 3376 1972 3410 8.

1390 3428 1487 3473 Τρεῖς
1505 3427 1592 3462 εἰσὶν
1609 3427 1736 3473 ἀρεταὶ,
1756 3428 1815 3464 τὰς
1832 3429 1942 3474 χρεών
1959 3427 1994 3462 σ’
2013 3427 2140 3468 ἀσκεῖν,
2158 3425 2281 3462 τέκνον·

1392 3478 1488 3516 θεούς
1505 3495 1542 3515 τε
1559 3483 1669 3525 τιμᾶν,
1688 3480 1767 3517 τούς
1784 3495 1821 3516 τε
1838 3481 2015 3527 φύσαντας
2031 3482 2152 3528 γονεῖς,

1392 3532 1513 3575 νόμους
1530 3548 1567 3578 τε
1586 3534 1712 3581 κοινοὺς
1730 3533 1908 3578 Ἑλλάδος·
1939 3535 1991 3570 καὶ
2010 3536 2112 3571 ταῦτα
2131 3533 2220 3583 δρῶν
