2488 3860
198 309 281 349 644

286 418 334 456 'H
354 421 463 457 δεινὸν
480 421 532 470 ἆρ’
551 420 602 467 ἧν,
624 420 706 468 ἡνίκ’
726 421 767 458 ἅν
785 436 835 459 τις
853 421 981 461 ε’σθλὸς
999 426 1045 461 ὢν

296 476 386 524 αὐτῷ
406 477 556 521 συνειδῇ.

241 529 332 569 670.
363 527 534 565 Stobaeus
554 527 746 571 XXVIII,
770 531 805 565 1.

287 582 447 630 ’Όρκοισι
464 585 530 631 γάρ
548 598 601 620 τοι
619 584 673 618 καὶ
690 584 773 631 γυνὴ
793 583 914 632 φεύγει
931 587 1053 634 πικρὰν

292 637 394 673 ὠδῖνα
411 639 549 679 παίδων,
570 637 648 673 ἀλλ’
669 638 751 673 ἐπὰν
768 637 855 683 λὴξῃ
875 636 986 682 κακοῦ,

291 690 328 726 ἐν
345 693 456 727 τοῖσιν
475 693 587 729 αὐτοῖς
606 691 750 729 δικτύοις
767 693 954 734 ἁλίσκεται,

290 746 376 792 πρὸς
393 749 454 781 τοῦ
471 747 638 794 παρόντος
658 746 772 793 ἱμέρου
792 746 965 793 νικωμένη.

239 796 329 836 671.
361 796 532 834 Stobaeus
551 797 736 840 XXVIII,
758 801 794 835 5.

283 850 408 900 ’Ὅρκος
425 854 491 901 γὰρ
510 854 620 890 οὐδεὶς
637 853 733 901 ἀνδρὶ
751 854 888 901 φηλὴτῃ
906 855 1025 903 βαρύς.

239 905 327 942 672.
358 905 528 941 Stobaeus
547 904 695 946 XXIX,
717 907 780 942 38.

293 961 406 996 Πόνου
425 960 718 1007 μεταλλαχθέντος
735 962 767 996 οἵ
785 963 883 998 πόνοι
900 963 1047 1009 γλυκεῖς.

239 1011 328 1049 673.
358 1011 529 1049 Stobaeus
548 1012 652 1054 XLI,
674 1014 710 1049 3.

288 1065 345 1112 Μή
363 1082 421 1113 μοι
439 1069 605 1115 κρυφαῖον
622 1068 726 1113 μηδὲν
744 1068 877 1114 ἐξείπῃς
895 1070 986 1105 ἔπος.

288 1122 444 1169 κλεῖθρον
460 1122 526 1169 γὰρ
546 1122 654 1157 οὐδέν.
686 1123 729 1158 ὧς
748 1122 776 1157 δ’
797 1123 837 1158 ἂν
856 1123 990 1159 εὐπετὲς
1007 1123 1140 1165 λάβοις.

285 1177 452 1223 γλώσσης
470 1178 635 1223 κρυφαῖον
653 1176 751 1211 οὐδὲν
769 1177 808 1211 οὗ
827 1176 1007 1224 διέρχεται.

236 1228 324 1266 674.
355 1227 530 1265 Stobaeus
548 1227 693 1272 XLIII,
719 1230 779 1264 11.
802 1230 865 1265 25.

281 1281 393 1319 Ὅπου
411 1284 477 1331 γὰρ
496 1284 528 1318 οἱ
546 1283 718 1330 φύσαντες
736 1283 910 1328 ἡσσῶνται
927 1283 1061 1324 τέκνων,

287 1337 346 1372 οὒκ
364 1338 459 1372 ἔστιν
477 1336 558 1382 αὕτη
578 1339 768 1384 σωφρόνων
786 1338 916 1385 ἀνδρῶν
932 1340 1101 1375 πόλις.-

287 1393 415 1437 Νόμοις
433 1391 575 1427 ἕπεσθαι
594 1394 704 1426 τοῖσιν
723 1391 887 1439 ἐγχὼροις
906 1394 1022 1428 καλόν.

235 1443 323 1481 675.
355 1443 524 1480 Stobaeus
542 1442 662 1485 XLV,
687 1446 747 1480 11.

286 1501 433 1534 Πολλῶν
452 1501 562 1534 καλῶν
581 1499 633 1534 δεῖ
648 1501 695 1547 τῷ
714 1501 823 1535 καλῶς
841 1499 1025 1549 τιμωμένῳ·

283 1556 402 1600 μικροῦ
421 1551 449 1588 δ’
470 1552 598 1600 ἀγῶνος
616 1553 655 1587 οὐ
673 1552 747 1601 μέγ’
768 1554 902 1600 ἔρχεται
921 1553 1030 1591 κλέος.

234 1605 322 1642 676.
354 1604 524 1641 Stobaeus
545 1604 648 1647 LIV,
680 1607 716 1641 3.

283 1664 415 1706 Γνῶμαι
432 1660 538 1695 πλέον
557 1662 737 1708 κρατοῦσιν
754 1660 774 1706 ἢ
794 1660 916 1698 σθένος
933 1665 1054 1709 χερῶν.

232 1711 320 1750 677.
352 1710 525 1749 Stobaeus
543 1711 667 1754 LXII,
689 1714 752 1748 33.

281 1768 323 1802 Εἰ
341 1771 441 1813 σῶμα
459 1768 593 1810 δοῦλον,
614 1767 691 1802 ἀλλ’
712 1770 730 1802 ὁ
750 1770 826 1805 νοῦς
845 1767 1038 1816 ἐλεύθερος.

231 1819 320 1858 678.
351 1818 522 1856 Stobaeus
541 1818 684 1861 LXIII,
706 1822 741 1857 6.

276 1873 322 1910 ⁹9
340 1875 467 1917 παῖδες,
487 1875 509 1920 ἥ
525 1890 577 1911 τοι
596 1873 725 1922 Κύπρις
744 1875 784 1910 οὐ
803 1874 932 1923 Κύπρις
949 1878 1063 1923 μόνον,

280 1928 358 1964 ἀλλ’
379 1930 454 1965 ἐστὶ
472 1931 612 1965 πολλῶν
630 1929 802 1975 ὀνομάτων
820 1929 1004 1976 ἐπώνυμος.

280 1984 376 2019 ἔστιν
393 1984 454 2029 μὲν
466 1982 594 2029 ηΑιδης,
614 1984 690 2019 ἔστι
708 1983 737 2019 δ’
759 1983 904 2029 ἄφθιτος
920 1984 993 2027 βία,

281 2038 377 2073 ἔστιν
395 2038 432 2072 δὲ
450 2036 570 2073 λύσσα
587 2039 716 2083 μαινὰς,
737 2039 812 2072 ἔστι
831 2037 860 2073 δ’
880 2036 995 2085 ἵμερος

282 2092 435 2139 ἄκρατος,
456 2091 528 2127 ἔστ’
548 2092 731 2138 οἷμωγμός.
762 2092 797 2126 ἐν
816 2092 903 2137 κείνῃ
922 2094 961 2128 τὸ
979 2093 1056 2132 πᾶν,

280 2147 476 2187 σπουδαῖον,
497 2145 674 2192 ἡσυχαῖον,
695 2146 729 2182 ἐς
745 2146 826 2189 βίαν
844 2145 941 2192 ἆγον.

280 2199 447 2245 ἐντήκεται
465 2201 531 2247 γὰρ
549 2201 742 2245 πνευμόνων
760 2199 856 2236 ὅσοις
874 2200 923 2235 ἕνι

279 2253 392 2300 ψυχή.
422 2254 473 2290 τίς
491 2254 568 2299 οὐχὶ
587 2254 692 2298 τῆσδε
710 2255 768 2298 τῆς
787 2253 865 2288 θεοῦ
882 2254 971 2300 βορά
986 2266 995 2293 ;

281 2307 472 2355 εἰσέρχεται
490 2308 551 2353 μὲν
570 2306 695 2353 ἰχθύων
712 2310 836 2356 πλωτῷ
854 2307 954 2355 γένει,

280 2362 392 2397 ἕνεστι
412 2361 441 2396 δ’
462 2362 497 2397 ἐν
514 2361 644 2408 χέρσου
662 2363 883 2409 τετρασκελεῖ
898 2362 994 2409 γονῇ·

279 2418 371 2461 νωμᾷ
389 2414 418 2450 δ’
440 2415 474 2450 ἐν
492 2416 641 2451 οἰωνοῖσι
659 2415 827 2460 τούκείνης
844 2416 979 2461 πτερὸν,

277 2469 313 2504 ἐν
331 2469 463 2516 θηρσὶν,
484 2469 519 2505 ἐν
536 2471 726 2516 βροτοῖσιν,
747 2470 782 2505 ἐν
801 2468 888 2505 θεοῖς
906 2469 986 2505 ἅνω.

275 2522 336 2558 τίν’
356 2523 395 2558 οὐ
413 2523 594 2559 παλαίουσ’
616 2523 649 2559 ἐς
666 2524 739 2571 τρὶς
757 2523 918 2566 ἐκβάλλει
936 2523 1021 2559 θεῶν
1036 2534 1046 2565 ;

276 2574 308 2612 εἴ
322 2592 380 2623 μοι
399 2576 502 2622 θέμις,
523 2577 616 2623 θέμις
635 2577 671 2612 δὲ
690 2577 817 2623 τάληθῆ
835 2577 960 2624 λέγειν,

279 2631 359 2667 Διὸς
375 2633 527 2678 τυραννεῖ
543 2634 748 2677 πνευμόνων·
778 2631 855 2667 ἄνευ
874 2632 984 2678 δορὸς,

278 2683 356 2720 ἄνευ
375 2684 517 2732 σιδήρου
534 2685 643 2720 πάντα
660 2700 712 2720 τοι
731 2685 949 2731 συντέμνεται

276 2737 404 2786 Κύπρις
421 2739 463 2774 τὰ
483 2739 610 2784 θνητῶν
628 2740 681 2774 καὶ
700 2739 784 2774 θεῶν
800 2737 1030 2785 βουλεύματα.

176 2788 223 2826 V.
257 2790 368 2827 1—4.
403 2793 442 2827 οὐ
478 2791 607 2840 Κύπρις
624 2812 677 2818 —-
694 2794 812 2839 μαινὰς
848 2791 957 2827 affert
993 2789 1218 2827 Plutarchus

175 2841 309 2879 Moral.
336 2856 373 2891 p.
404 2844 476 2881 757
510 2857 543 2881 a.
576 2856 623 2880 ex
655 2857 727 2892 quo
753 2858 790 2882 v.
822 2846 856 2880 2.
884 2847 1049 2880 correcta
1081 2842 1218 2880 Stobaei

174 2894 354 2942 scriptura
387 2899 520 2934 πάντων
537 2909 605 2945 pro
621 2901 772 2936 πολλῶν.

227 2949 315 2988 679.
346 2947 517 2986 Stobaeus
531 2950 692 2992 LXVII,
713 2955 751 2989 5.

277 3003 335 3039 Τίς
353 3003 382 3039 δ’
402 3002 491 3041 οἶκος
509 3005 546 3040 ἐν
562 3007 742 3051 βροτοῖσιν
759 3006 915 3052 ὦλβίσθη
933 3006 1028 3048 ποτὲ,

274 3056 429 3103 γυναικὸς
448 3058 573 3102 ἐσθλῆς
591 3060 705 3105 χωρὶς,
726 3060 885 3106 ὀγκωθεὶς
902 3061 1030 3106 χλιδῇ;

226 3109 314 3145 680.
344 3107 515 3145 Stobaeus
532 3109 713 3152 LXXIII,
734 3114 797 3148 54.

277 3163 358 3199 Κατ’
378 3163 529 3210 ὀρφανὸν
546 3164 612 3211 γὰρ
631 3162 721 3201 οἶκον
739 3166 940 3214 ἀνδρόφρων
957 3167 1050 3213 γυνή.

226 3216 314 3252 681.
345 3214 518 3252 Stobaeus
536 3215 679 3256 XCVI,
702 3219 762 3253 10.

276 3270 382 3306 Πενία
400 3270 437 3305 δὲ
451 3272 526 3306 ,τοῖς
543 3271 684 3316 ἔχουσιν
701 3272 741 3306 οὐ
761 3273 886 3319 σμικρὰ
904 3275 1018 3311 νόσος.

1188 2375 1226 2397 10

1183 2645 1223 2666 20

276 3324 391 3360 πενίας
407 3324 474 3371 γὰρ
492 3324 602 3360 οὐδείς
620 3324 694 3358 ἐστι
712 3325 831 3370 μείζων
848 3327 1022 3372 πολέμιος.

225 3374 314 3412 682.
344 3374 515 3412 Stobaeus
532 3374 714 3420 XCVIII,
739 3378 773 3413 l.

269 3427 315 3465 Ὠ
334 3430 454 3475 θνητὸν
471 3429 602 3477 ἀνδρῶν
619 3431 673 3465 καὶ
691 3431 903 3478 ταλαίπωρον
920 3432 1029 3479 γένος·

276 3483 322 3519 ὣς
338 3482 435 3518 οὐδέν
454 3483 568 3529 ἐσμεν,
587 3484 677 3529 πλὴν
695 3486 805 3520 σκιαῖς
823 3485 976 3527 ἐοικότες,

274 3536 380 3583 βάρος
397 3537 566 3582 περισσὸν
583 3539 646 3584 γῆς
663 3536 983 3585 ἀναστρωφὼμενοι.

1067 311 1468 355 ΣΟΦΟΚΛΕΟΥΣ

1330 425 1420 461 683.
1451 421 1626 460 Stobaeus
1644 420 1834 465 XCVIII,
1855 423 1917 461 43.

1382 479 1430 514 Οὐ
1447 479 1514 526 γὰρ
1534 476 1629 522 θέμις
1649 478 1705 522 ζῆν
1724 478 1814 524 πλὴν
1832 478 1922 516 θεοῖς
1939 478 2016 516 ἄνευ
2035 483 2154 517 κακῶν.

1329 531 1417 567 684.
1447 528 1621 565 Stobaeus
1638 527 1823 572 XCVIII,
1845 531 1907 568 44.

1372 582 1419 627 'Q
1438 585 1568 630 δαῖμον,
1588 584 1633 621 ὡς
1651 584 1710 619 οὐκ
1728 584 1801 621 ἔστ’
1820 585 2026 634 ἀποστροφὴ
2043 589 2182 636 βροτοῖς

1376 642 1443 674 τῶν
1462 637 1622 684 ἐμφύτων
1638 653 1675 673 τε
1693 639 1747 673 καὶ
1766 639 1936 684 θεηλάτων
1954 645 2072 678 κακῶν.

1327 690 1416 727 685.
1447 688 1618 726 Stobaeus
1637 688 1821 733 XCVIII,
1846 692 1909 728 46.

1378 746 1463 780 Ζώοι
1481 760 1532 782 τις
1549 745 1743 793 ἀνθρώπων,
1764 748 1804 782 τὸ
1823 746 1892 783 κατ’
1910 746 1999 795 ἦμαρ
2018 747 2108 786 ὅπως

1377 799 1501 845 ἥδιστα
1530 798 1722 847 πορσύνων,
1755 801 1794 836 τὸ
1826 799 1856 836 δ’
1888 801 1923 838 ἐς
1957 804 2073 850 αὔριον
2103 802 2156 838 ἀεὶ
2189 803 2324 851 τυφλὸν

1426 867 1530 899 ερπει.

1324 904 1413 940 686.
1444 903 1616 942 Stobaeus
1636 904 1780 947 CVIII,
1800 906 1864 942 51.

1376 959 1534 1008 Στέργειν
1551 960 1589 996 δέ
1606 960 1819 997 τάκπεσόντα
1837 961 1891 996 καὶ
1910 960 2031 998 θέσθαι
2048 962 2169 1010 πρέπει

1373 1015 1488 1061 σοφὸν
1506 1014 1680 1060 κυβευτὴν,
1700 1014 1790 1050 ἀλλὰ
1807 1014 1852 1060 μὴ
1872 1015 2003 1052 στένειν
2019 1015 2137 1063 τύχην.

1269 1063 1430 1101 Versum
1456 1065 1614 1102 alterum
1640 1066 1718 1103 sine
1739 1071 1859 1115 poetae
1883 1067 2032 1105 nomine
2051 1068 2176 1106 attulit
2195 1069 2323 1121 Hesy-

1268 1117 1372 1154 chius
1389 1118 1428 1154 in
1446 1121 1632 1167 Κυβευτὴν.

1321 1172 1408 1209 687.
1438 1172 1613 1211 Stobaeus
1633 1172 1715 1215 CX,
1740 1175 1800 1211 14.

1368 1225 1490 1265 Ἐλπὶς
1506 1230 1572 1277 γὰρ
1591 1229 1610 1274 ἡ
1628 1230 1811 1272 βόσκουσα
1827 1229 1905 1266 τοὺς
1921 1230 2074 1268 πολλοὺς
2089 1233 2235 1280 βροτῶν.

1321 1279 1408 1315 688.
1440 1281 1612 1318 Stobaeus
1632 1280 1796 1325 CXVII,
1816 1283 1854 1318 4.

1373 1335 1441 1370 Οὐκ
1459 1336 1534 1372 ἔστι
1551 1338 1657 1385 γῆρας
1674 1341 1740 1372 τῶν
1759 1338 1892 1383 σοφῶν,
1913 1338 1948 1373 ἐν
1965 1336 2015 1376 οἷς
2033 1341 2052 1374 ὁ
2071 1342 2147 1377 νοῦς

1371 1388 1443 1435 θείᾳ
1463 1389 1619 1434 ξύνεστιν
1636 1390 1742 1438 ἡμέρᾳ
1759 1391 1998 1438 τεθραμμένος.

1368 1445 1538 1490 προμηθία
1554 1446 1620 1492 γὰρ
1639 1444 1757 1491 κέρδος
1774 1445 1960 1493 ἀνθρώποις
1977 1446 2076 1494 μέγα.

1316 1496 1405 1531 689.
1437 1495 1608 1533 Stobaeus
1627 1496 1768 1538 CXXI,
1790 1498 1826 1534 9.

1361 1548 1484 1588 ’Ὅστις
1500 1553 1566 1599 γὰρ
1586 1552 1621 1588 ἐν
1639 1554 1791 1588 κακοῖσιν
1810 1553 1927 1600 ἱμείρει
1943 1554 2035 1598 βίου,

1367 1603 1386 1649 ἢ
1407 1605 1519 1642 δειλός
1537 1607 1641 1648 ἐστιν,
1661 1605 1681 1651 ἢ
1701 1607 1916 1654 δυσάλγητος
1933 1608 2072 1655 φρένας.

1316 1654 1403 1693 690.
1434 1656 1606 1695 Stobaeus
1626 1657 1793 1701 CXXII,
1818 1660 1878 1696 11.

1366 1727 1400 1746 α.
1431 1715 1575 1749 Θανόντι
1593 1713 1688 1763 κείνῳ
1707 1714 1885 1750 συνθανεῖν
1903 1715 1986 1762 ἔρως
2002 1714 2037 1761 μ’
2057 1716 2141 1762 ἔχει.

1365 1768 1403 1809 β.
1433 1767 1534 1812 ἥξεις,
1554 1767 1689 1815 ἐπείγου
1707 1769 1821 1814 μηδὲν,
1841 1768 1888 1805 εἷς
1905 1767 1944 1804 τὸ
1961 1770 2144 1816 μόρσιμον.

1311 1816 1402 1854 691.
1432 1819 1593 1856 Joannes
1621 1820 1796 1857 Damaso.
1817 1820 1856 1856 in
1885 1819 2070 1857 Gaisfordj
2089 1821 2246 1870 append.
2267 1822 2315 1859 ad

1260 1868 1451 1909 Stobaeum
1470 1873 1544 1910 vol.
1566 1872 1633 1917 IV,
1651 1886 1689 1922 p.
1712 1873 1774 1916 76,
1803 1875 2019 1922 Σοφοκλέους

1365 1927 1516 1974 Τάληθές
1533 1929 1585 1964 ἀεὶ
1603 1931 1769 1965 πλεῖστον
1787 1928 1900 1976 ἰσχύει
1918 1931 2038 1977 λόγου.

1312 1980 1401 2016 692.
1430 1981 1656 2030 Porphyrius
1682 1980 1721 2017 in
1746 1980 1840 2018 libro
1869 1981 1915 2018 de
1944 1980 2063 2032 Styge
2090 1981 2189 2031 apud
2225 1975 2312 2019 S‘to-

1257 2030 1380 2069 baeum
1406 2032 1488 2076 CV,
1509 2035 1572 2072 57.
1621 2035 1672 2072 “H
1690 2051 1727 2071 τε
1749 2037 1816 2084 γὰρ
1841 2035 1998 2084 αἴγειρος,
2018 2038 2063 2074 ὥς
2084 2041 2195 2084 φασιν
2212 2037 2314 2074 ἄλλοι

1256 2103 1293 2123 τε
1306 2088 1360 2123 καὶ
1371 2088 1606 2137 Πλούταρχος,
1622 2091 1832 2137 φιλοπενθὴς
1843 2091 1897 2126 καὶ
1910 2091 2031 2137 ἀτελὴς
2040 2092 2126 2139 πρὸς
2143 2106 2311 2140 καρπογο-

1257 2143 1341 2178 νίαν.
1371 2143 1423 2178 διὸ
1442 2144 1496 2178 καὶ
1515 2145 1692 2191 Σοφοκλῆς
1710 2145 1746 2180 ἕν
1763 2159 1834 2180 τισι
1852 2145 1963 2192 φησὶν

1363 2197 1412 2232 Οὐ
1429 2196 1495 2245 χρή
1512 2198 1588 2234 ποτ’
1607 2198 1791 2245 ἀνθρώπων
1808 2198 1914 2246 μέγαν
1932 2198 2039 2242 ὄλβον
2056 2198 2272 2246 ἀποβλέψω.
2290 2214 2292 2216 ’

1497 2272 1499 2274 -
1677 2253 1886 2299 τανυφλοίου
1903 2253 1970 2300 γὰρ
1990 2253 2163 2301 ἶσαμέριος

1361 2303 1458 2341 ὅστις
1475 2305 1623 2354 αἶγείρου
1640 2306 1760 2350 βιοτὰν
1777 2306 1982 2349 ἀποβάλλει.

1310 2356 1398 2392 693.
1429 2357 1655 2407 Porphyrius
1691 2358 1737 2394 de
1771 2358 1893 2395 Antro
1932 2358 2193 2407 Nympharum
2227 2371 2308 2408 cap.

1256 2407 1411 2446 XVIII.
1444 2413 1557 2460 Πηγαὶ
1593 2414 1629 2449 δὲ
1666 2414 1720 2448 καὶ
1761 2414 1889 2460 νάματα
1924 2414 2028 2449 οἰκεῖα
2062 2415 2135 2450 ταῖς
2173 2414 2311 2462 ὗδριάσι

1257 2462 1427 2511 Νύμφαις,
1447 2467 1501 2501 καὶ
1523 2467 1573 2502 ἔτι
1598 2483 1639 2514 γε
1665 2469 1798 2514 μᾶλλον
1826 2466 1987 2515 Νύμφαις
2012 2469 2084 2504 ταῖς
2105 2468 2248 2514 ψυχαῖς,
2270 2467 2311 2505 ἃς

1255 2517 1347 2556 ἰδίως
1363 2520 1534 2566 μελίσσας
1552 2522 1583 2555 οἱ
1600 2522 1740 2557 παλαιοὶ
1766 2522 1919 2562 ἐκάλουν,
1939 2521 2060 2567 ἡδονῆς
2083 2523 2189 2558 οὔσας
2210 2521 2308 2570 ἐργα-

1257 2575 1385 2610 στικάς.
1433 2573 1511 2625 ὅθεν
1524 2575 1577 2610 καὶ
1596 2577 1775 2622 Σοφοκλῆς
1788 2576 1847 2611 οὐκ
1861 2575 2027 2612 ἀνοικείως
2037 2575 2173 2612 ἐπὶτῶν
2184 2575 2311 2623 ψυχῶν

1255 2628 1322 2673 εφη
1361 2683 1490 2727 Βομβεῖ
1506 2683 1544 2718 δὲ
1562 2686 1685 2730 νεκρῶν
1703 2684 1841 2729 σμῆνος,
1861 2682 1998 2730 ἔρχεταί
2014 2682 2042 2718 τ’
2064 2683 2142 2729 ὅλη.

1255 2734 1320 2781 ὅλη
1338 2733 1537 2784 Bergkius.
1593 2736 1809 2784 Legebatur
1828 2739 1932 2784 ἄλλη.

1309 2787 1397 2822 694.
1420 2786 1613 2824 Helladius
1626 2787 1836 2825 Chrestom.
1852 2801 1890 2836 p.
1905 2789 1929 2824 4
1948 2786 2118 2824 editionis
2132 2787 2305 2826 Meursii:

1248 2839 1327 2876 ’Ότι
1345 2843 1364 2876 ὁ
1383 2842 1503 2888 στίχος
1522 2845 1540 2877 ὁ
1559 2844 1612 2878 καὶ
1628 2844 1939 2890 παροιμιαζόμενος,

1352 2894 1498 2942 Ὀρκους
1516 2896 1582 2943 ἐγὼ
1599 2896 1755 2944 γυναικὸς
1773 2898 1820 2934 εἷς
1837 2895 1926 2943 ὕδωρ
1944 2896 2082 2943 γράφω,

1253 2949 1328 2984 ἔστι
1346 2949 1407 2995 μὲν
1425 2950 1650 2997 Σοφοκλέους,
1670 2953 1790 2986 τοῦτον
1808 2950 1844 2986 δὲ
1862 2949 2067 2999 παρῳδῆσας
2084 2951 2103 2984 ὁ
2122 2950 2307 2996 Φιλωνίδης

1252 3017 1267 3036 ε
1301 3018 1320 3048 η

1271 3004 1299 3050 φ
1353 3055 1497 3103 Ὅρκους
1517 3058 1554 3093 δὲ
1572 3061 1700 3104 μοιχῶν
1718 3058 1765 3094 εἷς
1781 3057 1912 3104 τέφραν
1930 3057 1996 3104 ἐγὼ
2013 3057 2150 3104 γράφω.

1252 3111 1284 3145 οἱ
1302 3110 1339 3145 δὲ
1357 3111 1417 3147 τὰς
1434 3113 1590 3158 γυναῖκας
1609 3111 1821 3148 σκώπτοντές
1838 3112 1959 3158 φασιν,

1353 3163 1499 3211 Ὀρκους
1517 3165 1583 3212 ἐγὼ
1600 3164 1756 3212 γυναικὸς
1775 3165 1821 3201 εἷς
1839 3162 1929 3200 οἶνον
1945 3164 2082 3211 γράφω.

1254 3215 1316 3252 Sic
1351 3215 1522 3252 ultimum
1555 3228 1716 3258 versum,
1750 3216 1812 3264 qui
1846 3215 2034 3252 Xenarchi
2069 3213 2200 3251 comici
2234 3218 2304 3258 est,

1252 3267 1383 3305 recitat
1400 3267 1603 3305 Athenaeus
1620 3282 1658 3318 p.
1679 3270 1751 3305 441
1776 3281 1807 3305 e.

1305 3322 1394 3358 695.
1423 3321 1629 3358 Athenaeus
1641 3321 1672 3367 I,
1687 3334 1725 3370 p.
1749 3323 1812 3358 23.
1860 3322 2085 3359 Κατακεῖσθαι
2102 3323 2139 3358 δὲ
2156 3321 2304 3370 λέγεται,

1252 3376 1305 3411 καὶ
1340 3377 1598 3412 κατακεκλίσθαι
1614 3396 1670 3402 —-
1686 3378 1763 3412 ἔστι
1793 3377 1831 3411 δὲ
1862 3377 1970 3424 εὑρεῖν
2004 3377 2058 3411 καὶ
2093 3376 2150 3412 ἐπὶ
2180 3375 2304 3413 ἐννοίας

1251 3428 1372 3475 ταύτης
1407 3430 1556 3466 σπανίως
1586 3431 1625 3466 τὸ
1666 3430 1874 3466 ἀνακεῖσθαι.
1930 3430 2077 3477 Σάτυρος
2110 3429 2202 3476 παρὰ
2241 3434 2302 3464 Σο·

1251 3484 1375 3530 φοκλεῖ
1392 3484 1491 3518 τοῦτό
1510 3484 1620 3529 φησιν
1640 3483 1919 3529 “Ἐπικαιόμενος
1936 3482 2158 3532 τῷ“Ηρακλεῖ
2173 3482 2302 3517 ἀνακει-

1248 3536 1337 3584 μένῳ
1364 3536 1473 3583 μέσον
1500 3536 1548 3573 εἷς
1575 3537 1634 3572 τὸν
1660 3535 1771 3582 αὐχέν’
1808 3534 2046 3583 εἶσαλοίμην.”
2084 3531 2302 3571 “Videntut
