2488 3860
169 318 249 357 (3152

216 423 306 459 334.
335 423 553 462 Eustathius
587 437 627 475 Ρ.
658 425 750 467 706,
779 424 843 462 50.
899 423 1074 472 Αἰσχύλος
1111 424 1221 472 φησὶν

164 476 257 513 “Ἐν
276 478 432 526 διρρυμίᾳ
449 477 598 516 πῶλοι.”

221 533 310 569 335.
331 534 418 570 336.
448 531 669 570 Eustathius
693 545 731 581 p.
751 534 864 573 1538,
890 530 953 568 50.
1000 531 1120 578 Στόμις
1146 549 1215 581 παρ

1080 310 1379 352 ΑΙΣΧΥΛΟΥ

1308 422 1397 458 357.
1429 418 1586 457 Photius
1613 431 1650 467 p.
1682 418 1747 461 52,
1773 420 1837 457 20.
1866 419 2041 469 Αἰσχύλος
2066 422 2227 471 “Ζεῦγος
2252 435 2307 460 τε·

1255 471 1444 524 θρίππων.”
1476 472 1585 509 Conf.
1605 471 1821 522 Etymolog.
1842 471 1901 510 M.
1920 486 1958 523 p.
1979 475 2069 516 409,
2091 476 2157 512 46.

1308 529 1397 564 358.
1428 525 1649 563 Plutarchus
1669 524 1803 563 Moral.
1824 538 1861 575 Ρ.
1886 528 1958 564 116
1977 526 2005 564 f.
2035 530 2101 565 Καὶ
2116 531 2135 565 ὁ
2148 529 2308 578 τραγικὸς

170 585 334 636 Αἰσχύλῳ
351 589 370 623 ὁ
387 589 504 635 ὥσπερ
529 588 673 634 στόματι
697 587 895 634 ἀντερείδων
913 588 1064 632 χαλινοῖς
1083 585 1219 628 (ἵππος),
1255 581 1430 630 Αἰσχύλος

169 638 218 675 In
242 641 353 687 στόμα
385 644 600 688 corruptum
632 651 690 688 ap.
709 638 850 675 Polluc.
873 637 924 680 II,
959 639 1042 676 100.
1070 638 1132 685 qui
1158 652 1223 688 per

169 694 297 739 τραχύν
315 693 487 741 explicat.

1356 635 1512 682 Ἀνδρῶν
1528 634 1594 681 γάρ
1614 633 1709 670 ἐστιν
1727 633 1864 670 ἐνδίκων
1881 650 1918 671 τε
1937 636 1991 671 καὶ
2009 637 2134 684 σοφῶν

1362 690 1399 725 ἐν
1415 691 1486 725 τοῖς
1505 689 1637 723 κακοῖσι
1655 688 1700 734 μὴ
1718 688 1936 734 τεθυμῶσθαι
1954 690 2055 727 θεοῖς.

223 746 312 786 337.
343 747 530 795 Μυχθίζειν
567 757 616 783 ex
646 743 830 793 AEschylo
866 744 971 781 affert
1005 742 1222 780 Eustathius
1256 741 1428 790 Euripidi
1444 740 1524 776 haec
1542 739 1754 776 tribuuntur
1773 740 1818 776 ab
1839 740 1989 778 Stobaeo
2005 741 2149 784 CVIII,
2166 742 2231 781 43.
2246 740 2325 779 ubi,

169 809 207 847 p.
223 799 313 841 440,
331 801 393 837 25.
418 801 533 842 1695,
545 801 611 837 49.
631 799 848 846 ἇναμυχθίζει
866 803 923 834 est
940 797 979 833 in
998 796 1222 835 Prometheo
1255 796 1406 844 Ἀνδρῶν
1423 794 1495 831 τάδ’
1517 795 1678 831 ἐστὶν--.

169 863 207 888 v.
230 853 318 890 743.

1312 850 1400 885 359.
1430 846 1655 885 Plutarchus
1681 845 1817 883 Moral.
1837 859 1875 896 p.
1903 849 1976 884 625
1997 848 2034 885 d.
2070 851 2112 886 oi
2137 832 2204 900 γὰρ
2230 865 2311 899 πρε·

224 906 313 944 338.
345 905 557 956 Stephanus
575 904 668 955 Byz.
723 904 918 952 Α’ίνηθοςε
948 905 1038 952 ὅρος.
1093 903 1223 951 Αἰσχύ·
1258 902 1420 951 σβύτεροι
1444 904 1561 948 πόρρω
1585 902 1627 937 τὰ
1653 902 1834 949 γράμματα
1857 906 1924 938 τῶν
1947 902 2104 950 ὀμμάτων
2125 904 2312 952 ἀπάγοντες

170 961 314 1051 λ09339.
342 1013 499 1051 Tzetzes
528 982 584 1048 ’ad
618 1010 806 1060 Lycophr.
840 1024 876 1049 v.
915 1011 1029 1048 1247.

171 1068 191 1103 ὁ
218 1069 396 1110 Διόνυσος,
425 1070 470 1106 ὧς
497 1067 573 1104 θεὸς
599 1065 690 1102 οἴνου
718 1066 864 1114 εὑρετὴς,
893 1067 939 1103 ὣς
966 1066 1020 1101 καὶ
1047 1065 1227 1112 Αἰσχύλος

172 1122 263 1169 φησὶ

279 1176 393 1224 Πάτερ
414 1175 542 1217 Θέοινε,
563 1174 743 1210 Μαινάδων
763 1171 941 1219 ζευκτήριε.

171 1225 234 1263 Ad
250 1227 350 1264 hunc
368 1240 515 1264 versum
535 1230 679 1273 spectat
699 1224 947 1273 Harpocratio
964 1223 1003 1260 in
1023 1226 1187 1263 Θεοίνιον.

1258 958 1560 1005 ἀναγινώσκουσιν,
1595 954 1736 1002 ἐγγύθεν
1771 955 1800 991 δ’
1838 957 1878 992 οὗ
1914 955 2082 994 δύνανται.
2124 959 2179 995 καὶ
2213 961 2314 994 τοῦτο

1087 1011 1226 1048 Θέοινος
1260 1012 1465 1059 παραδηλῶν
1483 1012 1502 1045 ὁ
1521 1009 1697 1056 Αἰσχύλος
1715 1010 1826 1056 φησὶν

1366 1118 1501 1155 ἄπωθεν
1519 1115 1604 1155 εἶδες
1623 1118 1736 1154 αὐτόν·
1765 1118 1806 1153 οὗ
1822 1069 1894 1165 γξὲ
1907 1064 2050 1166 ξ’)ειγύθεν

1367 1175 1459 1220 ὁρᾷς,
1479 1171 1590 1219 γέρων
1608 1171 1645 1207 δέ
1663 1172 1877 1219 γραμματεὺς
1893 1175 1993 1220 γενοῦ
2012 1171 2141 1220 σαφής.

1315 1226 1405 1262 360.
1435 1223 1659 1260 Plutarchus
1679 1223 1815 1260 Moral.
1835 1236 1873 1272 p.
1895 1225 1972 1260 434
1991 1237 2025 1261 a.
2055 1227 2121 1262 Καὶ
2138 1226 2316 1272 μετάλλων

222 1283 310 1318 340.
339 1280 477 1317 Pollux
513 1279 565 1326 II,
608 1279 692 1316 125.
732 1280 1001 1328 Ἀπεριλάλητος
1030 1281 1220 1328 Αἰσχύλος.
1261 1278 1362 1326 ἵσμεν
1380 1280 1632 1327 ἐξαμαυρώσεις
1655 1278 1829 1327 γεγονέναι
1853 1280 1976 1322 καινὰς,
1997 1280 2042 1316 ὡς
2064 1284 2131 1316 τῶν
2153 1280 2232 1328 περὶ
2255 1280 2317 1324 τὴν

169 1333 238 1370 Est
259 1346 306 1369 ex
324 1333 439 1369 Arist.
461 1333 558 1369 Ran.
583 1333 671 1368 839.

1260 1333 1415 1379 Ἀττικὴν
1433 1333 1620 1381 ἀργυρείων
1638 1333 1692 1368 καὶ
1709 1334 1768 1378 τῆς
1793 1332 1829 1368 ἐν
1846 1332 1976 1379 Εὐβοίᾳ
1996 1333 2201 1380 χαλκίτιδος,
2221 1333 2260 1378 ἐξ
2277 1333 2317 1379 ἧς

227 1389 316 1424 341.
346 1387 479 1423 Pollux
496 1387 570 1429 VI,
589 1387 655 1423 40.
710 1387 938 1433 Παμπόνηρος
962 1386 999 1422 δὲ
1023 1388 1042 1422 ὁ
1066 1387 1158 1435 παρὰ
1181 1390 1228 1436 τῷ
1262 1387 1513 1435 ἐδημιουργεῖτο
1539 1387 1582 1422 τὰ
1608 1385 1817 1434 ψυχρήλατα
1843 1390 1909 1422 τῶν
1936 1387 2058 1434 ξιφῶν,
2079 1388 2124 1425 ὣς
2141 1386 2317 1434 Αἰσχύλος

173 1443 336 1492 Μυρτίλῳ
354 1445 401 1491 τῷ
421 1445 552 1491 κωμικῷ
577 1441 786 1488 καταφαγὰς,
808 1440 837 1475 εἰ
855 1442 909 1475 καὶ
929 1440 1106 1487 Αἰσχύλος
1125 1441 1226 1488 ἐχρή-
1263 1440 1372 1489 ε’ίρηκε

174 1511 272 1533 (TU-TO·

1370 1496 1494 1536 Λαβὼν
1510 1494 1577 1542 γὰρ
1596 1494 1802 1530 αὖτόθακτον
1820 1493 1989 1537 Εὐβοικὸν
2006 1495 2120 1541 ξίφος.

227 1550 315 1585 342.
346 1547 477 1584 Pollux
495 1547 591 1589 VII,
614 1548 672 1583 60.
703 1547 751 1583 ‘H
776 1547 814 1583 δὲ
837 1546 965 1594 μανδύη
991 1546 1108 1594 ὅμοιόν
1124 1562 1157 1583 τι
1180 1550 1229 1596 τῷ
1264 1546 1456 1597 Xylander
1474 1548 1692 1593 αὐτόθηκτον.
1712 1547 1894 1585 Valcken.
1915 1549 2132 1594 ὑδρόθηκτον.

173 1603 366 1652 καλουμένῳ
391 1605 551 1650 φαινόλῃ.
586 1603 686 1638 τίνων
710 1602 749 1637 δέ
773 1601 880 1642 ἐστιν,
904 1601 948 1638 ὡς
971 1602 1016 1648 μὴ
1042 1603 1228 1650 περιερχώ-

171 1658 258 1705 μεθα
277 1659 409 1705 Κρῆτας
427 1657 446 1703 ἢ
466 1658 615 1701 Πέρσας,
636 1655 813 1702 Αἰσχύλος
831 1655 900 1702 ἐρεῖ

280 1713 481 1757 Λιβυρνικῆς
498 1711 628 1757 μίμημα
647 1710 795 1756 μανδύης
812 1710 929 1755 χιτών.

1317 1601 1405 1636 361.
1436 1598 1659 1636 Plutarchus
1676 1598 1812 1636 Moral.
1838 1611 1876 1647 p.
1904 1600 1983 1636 454
2007 1611 2041 1637 e.
2071 1601 2231 1649 Καθάπερ
2258 1599 2318 1637 οὖν

1262 1655 1322 1701 τὴν
1349 1656 1469 1703 φλόγα
1496 1655 1586 1703 θριξὶ
1612 1653 1761 1703 λαγῴαις
1787 1654 2018 1700 ἀναπτομένην
2049 1656 2103 1691 καὶ
2134 1655 2320 1703 θρυαλλίσι

1264 1711 1317 1744 καὶ
1345 1711 1508 1757 συρφετῷ
1531 1707 1648 1756 ῥᾴδιόν
1674 1709 1769 1744 ἐστιν
1796 1708 1964 1755 ἐπισχεῖν,
1985 1708 2045 1744 ἐὰν
2069 1708 2098 1744 δ’
2118 1708 2319 1755 ἐπιλάβηται

228 1765 318 1801 343.
348 1763 480 1800 Pollux
498 1763 594 1804 VII,
618 1763 706 1802 177.
751 1763 817 1798 Καὶ
834 1761 894 1797 τὸν
911 1763 971 1799 τὰς
989 1762 1231 1811 ἀλαβάστρους
1264 1767 1331 1798 τῶν
1358 1766 1507 1810 στερεῶν
1534 1763 1588 1798 καὶ
1613 1762 1722 1805 βάθος
1753 1762 1912 1809 ἐχόντων,
1944 1762 2031 1809 ταχὺ
2062 1762 2235 1811 διέφθειρε
2265 1762 2320 1798 καὶ

174 1818 325 1866 φέροντα
343 1818 520 1865 Αἰσχύλος
538 1817 666 1865 εἴρηκεν
684 1817 1013 1864 ἀλαβαστροφόρον.

227 1872 316 1908 344.
347 1870 478 1907 Pollux
496 1869 546 1912 X,
567 1871 652 1906 180.
684 1869 863 1916 Αἰσχύλον
882 1870 1019 1906 εἰπόντα
1039 1869 1228 1906 ((Ὀστέων

175 1923 430 1974 στέγαστρον.”
486 1924 659 1960 Fortasse
677 1922 716 1958 in
733 1924 973 1972 Ὀστολόγοις.

228 1979 317 2015 345.
350 1977 574 2026 Hesychius,
599 1976 780 2014 Ἐδανοῖς
797 1991 806 2013 :
839 1978 1040 2025 βρωσίμοις.
1096 1976 1228 2024 Αἰσχύ-

173 2034 247 2070 λος.
301 2031 445 2068 Ἐδανὸν
464 2037 520 2067 est
538 2030 577 2066 in
594 2029 732 2078 Agam.
751 2042 788 2067 v.
814 2030 928 2066 1407.

228 2086 318 2122 346.
350 2083 570 2133 HesychiUS‚
588 2083 818 2132 Ἠριγένεια
831 2085 951 2120 ε-καὶ
967 2082 1046 2131 παρ’
1062 2083 1229 2133 Αἰσχύλῳ

174 2139 195 2185 ἡ
212 2139 330 2177 λέαινα
349 2138 525 2188 ἠριγένεια,
545 2137 564 2183 ἢ
584 2137 603 2183 ἡ
623 2138 660 2174 ἐν
683 2141 729 2187 τῷ
755 2139 828 2187 ἀέρι
851 2138 1025 2180 τίκτουσα,
1045 2137 1065 2184 ἢ
1090 2137 1109 2184 ἡ
1129 2138 1165 2173 ἐν
1182 2140 1229 2186 τῷ

175 2209 214 2230 εα
237 2209 261 2230 ι.

214 2209 319 2284 ρ347.
351 2244 575 2292 Hesychius,
589 2244 776 2294 Ἴττυγαε
806 2245 1008 2290 ἐκπληκτικὰ
1026 2243 1217 2292 Αἰσχύλος.

230 2301 320 2336 348.
351 2298 577 2346 Hesychius,
600 2299 958 2347 Κεχρηματεῖσθαι
979 2295 1055 2346 (?):
1097 2297 1231 2346 πεφρύ-

177 2354 268 2401 χθαι.
300 2352 477 2389 Musurus
496 2354 774 2401 κεχρηματίσθαι.
805 2351 907 2389 Fort.
929 2353 1215 2400 κεχρωματίσθαι.

227 2407 318 2443 349.
349 2404 570 2454 Hesychius,
608 2407 881 2456 Σαυροβριθὲς
913 2407 1057 2454 ἕγχοςε
1105 2406 1141 2441 ἐκ
1171 2409 1232 2442 τοῦ

178 2462 393 2508 σαυρωτῆρος
422 2459 524 2508 βαρύ.
558 2461 611 2496 καὶ
643 2460 819 2509 Αἰσχύλος
854 2459 1099 2507 ὀπισθοβριθὲς
1130 2461 1233 2508 ἔγχος

177 2531 193 2549 ε
226 2530 258 2560 η.

196 2516 320 2603 φ350.
348 2564 512 2615 Etymol.
538 2566 597 2605 M.
625 2580 662 2616 Ρ.
685 2569 747 2610 93,
769 2568 832 2604 49.
853 2566 1030 2615 ’Άμφιςτ
1060 2569 1161 2602 τοῦτο
1188 2568 1228 2603 οὗ

178 2622 345 2669 συγκοπὴ,
366 2621 456 2656 ἀλλὰ
473 2624 811 2669 μετασχηματισμός.
839 2622 906 2659 ἀπὸ
924 2623 990 2670 γὰρ
1005 2623 1065 2656 τοῦ
1081 2619 1231 2669 Ἀμφιά-

177 2690 258 2723 ραος
268 2673 412 2722 *Αμφιῆ
433 2676 478 2712 ὡς
495 2677 586 2723 παρὰ
605 2676 783 2726 Αἰσχύλῳ.

231 2729 319 2764 351.
349 2727 513 2775 Etymol.
537 2728 591 2764 M.
612 2741 648 2776 Ρ.
674 2730 761 2771 151,
784 2729 849 2765 48.
878 2727 1078 2773 Ἀσαλὴςε
1108 2730 1127 2764 ὁ
1151 2728 1231 2776 ἀμέ-

178 2797 305 2830 ριμνος.
346 2781 521 2828 Αἰσχύλος
550 2782 739 2829 “Ἀσαλὴς
765 2780 905 2829 μανία.”
934 2779 1077 2816 Eadem
1105 2792 1229 2829 gram-

178 2833 334 2870 maticus
353 2833 513 2870 Bekkeri
532 2833 563 2870 I.
583 2847 622 2883 p.
644 2837 733 2877 450,
755 2837 818 2872 28.

233 2888 320 2922 352.
351 2887 516 2934 Etymol.
546 2886 604 2924 M.
631 2901 669 2937 p.
700 2890 786 2934 161,
812 2890 871 2925 15.
900 2887 1121 2934 Ἀσχαδές;
1151 2888 1229 2923 ἀκα-

179 2942 359 2977 τάστατον.
388 2940 574 2987 Αἰσχύλος.

234 2994 322 3029 353.
352 2992 515 3041 Etymol.
548 2992 606 3031 M.
635 3008 673 3043 p.
704 2997 791 3032 182.
824 2999 919 3032 extr.
953 2993 1080 3042 Ἀχνη
1095 2995 1229 3031 ε-Αῖ-

180 3046 313 3095 σχύλος
331 3047 367 3082 δὲ
386 3049 444 3083 τὸν
463 3050 600 3083 καπνόν.

1265 1818 1423 1853 συνεῖλεν

1371 1870 1528 1917 Ὑψηλὸν
1546 1869 1566 1915 ἡ
1583 1870 1728 1913 βάσασα
1745 1870 1909 1906 τεκτόνων
1925 1871 2041 1913 πόνον,

1266 1925 1310 1962 ὥς
1327 1926 1438 1971 φησιν
1455 1923 1696 1971 Αἰσχύλος-ὴ
1725 1922 1890 1969 ἡβήσασα
1909 1921 2108 1960 Heathius.
2130 1935 2136 1939 '

1320 1978 1410 2014 362.
1441 1975 1601 2013 Proclus
1620 1975 1669 2012 ad
1687 1975 1844 2012 Hesiodi
1854 1976 1958 2025 Ἕργ.
1977 1988 2014 2013 v.
2039 1977 2126 2014 176.
2154 1976 2320 2016 Τουτέστι

1266 2032 1305 2068 τὸ
1324 2032 1360 2067 ἐκ
1379 2032 1565 2079 Πανδώρας
1581 2030 1691 2079 γένος,
1712 2030 1784 2076 ἥτις
1801 2029 1842 2076 ἦν
1860 2031 1943 2067 κατὰ
1959 2031 2019 2067 τὸν
2039 2029 2214 2078 Αἰσχύλον

1373 2087 1440 2122 Τοῦ
1457 2085 1707 2130 πηλοπλάστου
1725 2084 1922 2133 σπέρματος
1940 2084 2040 2131 θνητὴ
2057 2084 2155 2133 γυνή.

1270 2136 1435 2174 Pertinet
1453 2137 1502 2173 ad
1521 2136 1789 2174 Prometheum
1805 2152 1814 2174 ε
1843 2137 1927 2173 vide
1942 2136 2148 2175 Hermann.
2165 2136 2212 2174 de
2227 2134 2319 2174 Pro-

1266 2190 1417 2227 metheo
1435 2189 1557 2227 soluto
1575 2203 1613 2239 p.
1636 2191 1700 2227 20.

1322 2244 1411 2280 363.
1442 2242 1669 2280 Plutarchus
1696 2242 1832 2281 Moral.
1858 2256 1896 2292 p.
1922 2243 2019 2282 1057
2048 2242 2076 2281 f.
2116 2245 2259 2295 Γέγονεν
2285 2243 2321 2282 ἐκ

1266 2299 1375 2347 ῥυσοῦ
1394 2299 1448 2334 καὶ
1466 2299 1580 2346 ὠχροῦ
1599 2299 1652 2334 καὶ
1671 2297 1740 2333 κατ’
1762 2298 1940 2345 Αἰσχύλον
2355 2298 2358 2301 ’

1374 2351 1438 2398 Ἐξ
1455 2352 1680 2400 ὀσφυαλγοῦς
1698 2352 1962 2390 κὼδυνοσπάδος
1978 2354 2108 2402 λυγροῦ

1369 2406 1531 2454 γέροντος

1267 2460 1445 2507 εὐπρεπὴς,
1467 2459 1626 2505 θεοειδὴς,
1647 2460 1896 2509 καλλίμορφος.

1319 2523 1408 2561 364.
1440 2522 1590 2566 Suidas,
1618 2524 1893 2573 Ἀποφῶλιοιε
1927 2526 2019 2572 ξένοι
2047 2525 2167 2574 (ξένιοι
2194 2538 2318 2576 gram-

1265 2575 1424 2614 maticus
1442 2576 1604 2613 Bekkeri
1623 2577 1657 2615 Ῑ.
1677 2590 1716 2627 Ρ.
1736 2580 1827 2620 439,
1851 2580 1946 2626 l2.)‚
1961 2582 1994 2616 οἱ
2015 2582 2131 2628 φυλὴν
2142 2581 2187 2628 μὴ
2201 2581 2320 2629 νέμον·

1264 2646 1331 2668 τες.
1377 2630 1483 2669 οὕτως
1509 2631 1695 2679 Αἰσχύλος.
1742 2632 1762 2679 ἢ
1790 2634 1997 2670 ἀπαίδευτοι.
2027 2637 2160 2682 φωλεοὶ
2185 2637 2252 2684 γὰρ
2277 2637 2321 2672 τὸ

1264 2685 1491 2734 παιδευτὴρια,
1508 2687 1552 2723 ὥς
1570 2687 1682 2733 φασιν
1699 2687 1732 2722 οῖ
1747 2686 1877 2725 Ἴωνες.
1909 2686 2131 2736 Hesychius,
2143 2688 2320 2737 Ἀποφύ-

1264 2741 1372 2774 λιοι;
1402 2740 1493 2786 ξένοι
1520 2741 1552 2775 οἱ
1578 2740 1623 2786 μὴ
1651 2742 1786 2788 ἔχοντες
1812 2739 1940 2789 φυλήν.
1970 2742 2146 2790 Αἰσχύλος
2165 2739 2320 2792 (excidit

1264 2803 1402 2827 nomen
1419 2790 1574 2840 fabulae)
1589 2797 1772 2844 σατυρικῷ.

1318 2857 1407 2894 365.
1438 2856 1661 2894 Plutarchus
1678 2856 1817 2895 Moral.
1837 2870 1876 2907 p.
1899 2859 1974 2895 358
1993 2870 2027 2896 e.

1369 2910 1586 2948 Ἀποπτύσαι
1605 2913 1657 2947 δεῖ
1674 2913 1727 2948 καὶ
1746 2912 1956 2961 καθήρασθαι
1974 2915 2098 2960 στόμα,

1263 2963 1333 3000 κατ’
1354 2965 1543 3012 Αἰσχύλον.

1318 3029 1407 3065 366.
1438 3028 1662 3066 Plutarchus
1688 3029 1823 3067 Moral.
1845 3043 1883 3079 p.
1905 3032 1981 3068 293
2000 3044 2034 3068 a.
2081 3033 2122 3068 Τι’
2148 3031 2188 3069 τὸ
2204 3033 2318 3080 φυξί·

233 3100 322 3135 354.
353 3098 516 3147 Etymol.
550 3100 605 3136 Μ.
636 3113 675 3149 Ρ.
708 3101 796 3143 279,
831 3101 891 3139 17.
920 3103 1113 3150 Τρισόζωος
1138 3083 1372 3164 παρὰιίζιηλῗν
1384 3096 1394 3126 3
1437 3087 1505 3151 τῷν
1535 3088 1667 3150 μικρῶν,
1689 3084 1764 3120 ἐστι
1792 3086 1846 3121 καὶ
1867 3085 2089 3149 ,Χαμαιζήλων
2115 3088 2244 3134 ‹pv-resa,
2273 3087 2320 3123 ὧν

180 3153 356 3203 Αἰσχύλῳ.
388 3151 432 3187 In
451 3151 664 3201 Etymolog·
697 3153 796 3191 Gud·
822 3167 859 3202 p·
892 3155 914 3190 5
921 3156 983 3196 85,
1017 3156 1077 3191 14·
1106 3157 1228 3203 Τρισό,
1246 3166 1247 3171 ,
1262 3151 1399 3172 επιοντα
1417 3152 1495 3174 τους
1513 3139 1691 3180 βλαστους
1707 3139 1749 3174 τὰ
1766 3140 1970 3185 βοσκηματα
1988 3139 2121 3175 κολούει
2139 3141 2194 3176 καὶ
2211 3141 2319 3176 ἀδικεῖ

181 3210 257 3252 ζυος
274 3207 352 3255 παρ’
373 3205 548 3255 Αἰσχύλῳ.
579 3205 796 3254 Sylburgius
814 3211 1038 3256 τρισσόζωος.

1262 3190 1316 3225 καὶ
1342 3191 1539 3236 λυμαίνεται
1571 3191 1631 3236 τὴν
1663 3191 1818 3237 αὔξησιν.
1865 3192 1946 3229 ὅταν
1975 3195 2060 3240 γοῦν
2085 3194 2319 3242 ἀναδραμόντα

234 3261 323 3296 355.
353 3257 519 3307 Etymol.
554 3258 612 3295 M.
645 3271 681 3306 p.
718 3261 806 3296 346.
841 3265 937 3296 extr.
978 3243 1406 3309 Ἐξαυστὴρειίξέγεθος
1431 3245 1540 3307 ,λάβῖῡ
1569 3247 1627 3310 καὶ,
1655 3244 1804 3293 διαφύγῃ
1824 3246 1876 3309 ,τὸ
1906 3247 2125 3290 βλάπτεσθαι
2155 3248 2222 3283 ὑπὸ
2252 3251 2319 3284 Τῶν

181 3314 335 3360 σἾμαίνει
363 3314 483 3350 σκεῦός
509 3327 553 3348 τι.
591 3313 683 3359 παρὰ
709 3314 748 3348 τὸ
776 3316 855 3355 αὔω,
885 3317 991 3358 avo-co,
1019 3316 1150 3363 αύσΤῆΡ
1178 3317 1229 3351 καὶ
1245 3302 1248 3346 l
1262 3311 1516 3344 ‘m'y‘wff‘nm’v’
1540 3299 1719 3345 φυξιμηλα
1742 3301 1903 3335 καλειται·
1930 3301 1970 3335 τὸ
1993 3301 2030 3336 δὲ
2052 3299 2237 3350 μαρτύρων
2258 3301 2318 3337 Αἰ·

183 3366 364 3415 ἐξαυστὴρ.
409 3366 594 3412 Αἰσχύλος.
636 3364 733 3401 Vide
767 3364 988 3404 Valckenar.
1022 3367 1148 3405 Anim.
1184 3367 1230 3403 ad

184 3420 355 3456 Ammon.
375 3431 412 3466 p.
435 3420 498 3455 33.

235 3476 323 3512 356.
343 3471 506 3522 Etymol.
524 3470 581 3508 M.
596 3481 635 3519 p.
650 3472 740 3513 674,
753 3471 816 3507 20.
838 3472 1074 3519 Πλάστιγξὲ
1108 3472 1228 3518 ἡμάσ-

182 3528 234 3573 τιξ
247 3528 314 3565 ἀπὸ
329 3529 390 3564 τοῦ
403 3526 586 3572 πλήσσειν,
601 3525 679 3572 παρ’
696 3524 874 3572 Αἰσχύλῳ.
891 3523 939 3562 V.
955 3523 1125 3573 Choeph.
1140 3526 1227 3562 290.

1246 3352 1248 3402 ζ
1263 3349 1406 3397 σχύλος.

1316 3419 1403 3457 367.
1432 3418 1655 3469 Hesychius,
1678 3419 1781 3457 Ἀνω
1811 3426 2023 3469 ποταμῶντ
2064 3424 2228 3475 παροιμία
2253 3423 2311 3462 ἐπὶ

1261 3477 1328 3510 τῶν
1345 3473 1396 3509 ἐπ’
1416 3474 1548 3510 ἐναντία
1564 3475 1758 3522 γινομένων.
1788 3476 1965 3523 κέχρηνται
1983 3478 2036 3513 xil
2061 3476 2240 3526 Αἰσχύλος
2263 3479 2315 3515 καὶ

1260 3528 1457 3576 Εὐριπίδης.
