2488 3860
568 987 1251 1044 ΣΟΦΟΚΛΕΟΥΣ
1325 945 1903 1043 ΤΡΑΧΙΞῊΑῙΣ

523 1406 780 1439 ΔΗΙΑΝΕΙΡΑ.

269 1456 379 1503 Λόγος
396 1453 458 1500 μέν
476 1453 548 1489 ἐστ’
567 1454 708 1499 ἀρχαῖος
726 1450 913 1498 ἀνθρώπων
930 1449 1053 1496 φανεὶς

273 1509 319 1545 ὡς
337 1507 397 1543 οὐκ
416 1507 457 1543 ἂν
474 1507 565 1542 αἰῶν’
584 1505 742 1551 ἐκμάθοις
758 1506 906 1552 βροτῶν,
926 1502 1008 1550 πρὶν
1025 1503 1067 1538 ἂν

276 1561 358 1606 θάνῃ
378 1575 440 1601 τις,
460 1559 529 1595 οὔτ’
550 1559 579 1594 εἶ
597 1558 751 1605 χρηστὸς
769 1556 839 1592 οὔτ’
859 1554 891 1591 εἴ
906 1570 954 1604 τῳ
974 1558 1086 1592 κακός·

276 1614 343 1661 ἐγὼ
362 1614 399 1649 δὲ
416 1615 476 1648 τὸν
494 1613 586 1659 ἐμὸν,
606 1612 660 1647 καὶ
678 1611 759 1658 πρὶν
776 1610 824 1647 εἷς
836 1608 957 1645 Ἅιδου
975 1611 1107 1655 μολεῖν,

230 1711 234 1715 .
271 1666 373 1711 ἔξοιδ’
394 1667 524 1713 ἔχουσα
543 1665 697 1710 δυστυχῆ
717 1678 754 1699 τε
773 1664 827 1698 καὶ
844 1662 967 1707 βαρὺν,
1206 1673 1223 1707 5

270 1719 344 1765 ἥτις
361 1721 489 1761 πατρὸς
506 1719 568 1764 μὲν
587 1718 623 1753 ἐν
641 1718 799 1762 δόμοισιν
818 1716 944 1752 Οἶνέως

274 1771 404 1809 ναίουσ’
425 1770 471 1807 ἔτ’
491 1772 526 1806 ἐν
543 1772 720 1816 Πλευρῶνι
738 1770 911 1816 νυμφείων
929 1769 1032 1805 ὅτλον

272 1824 442 1872 ἄλγιστον
460 1824 580 1870 ἔσχον,
601 1821 634 1857 εἴ
649 1836 700 1858 τις
717 1821 866 1857 Αἰτωλὶς
882 1819 981 1868 γυνή.

272 1878 427 1925 μνηστὴρ
444 1877 512 1924 γὰρ
530 1875 571 1921 ἦν
588 1889 647 1921 μοι
664 1874 829 1920 ποταμὸς,
847 1873 1023 1921 Ἀχελῷον
1040 1873 1145 1922 λέγω,

272 1930 310 1967 ὅς
327 1927 363 1977 μ’
383 1931 419 1966 ἐν
435 1930 550 1977 τρισὶν
567 1929 759 1976 μορφαῖσιν
778 1925 888 1972 ἐξῄτει
906 1928 1048 1974 πατρὸς,
1188 1940 1225 1962 ιο

273 1985 404 2030 φοιτῶν
422 1982 563 2030 ἐναργὴς
581 1984 715 2028 ταῦρος,
735 1979 855 2015 ἄλλοτ’
875 1979 991 2016 αἰόλος

273 2038 404 2084 δράκων
422 2037 566 2076 ἔλικτὸς,
587 2033 706 2069 ἄλλοτ’
726 2032 868 2080 ἀνδρείῳ
888 2031 980 2067 κύτει

273 2089 490 2139 βούπρῳρος·
520 2089 557 2124 ἐκ
575 2088 612 2123 δὲ
632 2087 774 2123 δασκίου
792 2086 964 2133 γενειάδος

274 2144 409 2190 κρουνοὶ
427 2142 655 2189 διερραίνοντο
674 2139 832 2188 κρηναίου
850 2141 971 2174 ποτοῦ.

273 2195 396 2234 τοιόνδ’
417 2196 483 2243 ἐγὼ
501 2195 679 2241 μνηστῆρα
696 2191 973 2240 προσδεδεγμένη
1188 2205 1222 2235 ¹5

274 2248 440 2295 δύστηνος
458 2249 510 2284 ἀεὶ
528 2247 703 2283 κατθανεῖν
722 2247 928 2291 ἐπηυχόμην,

276 2303 357 2350 πρὶν
375 2303 482 2347 τῆσδε
501 2301 613 2345 κοίτης
632 2298 889 2345 ἐμπελασθῆναί
905 2312 1003 2334 ποτε.

273 2358 387 2404 χρόνῳ
406 2355 434 2390 δ’
455 2355 491 2390 ἐν
508 2354 643 2401 ὑστέρῳ
661 2353 734 2398 μὲν,
755 2351 884 2398 ἀσμένῃ
904 2351 944 2386 δέ
959 2365 1029 2396 μοι,

275 2410 294 2443 ὁ
312 2409 444 2445 κλεινὸς
460 2406 546 2452 ἦλθε
564 2408 667 2451 Ζηνὸς
684 2403 875 2450 Ἀλκμήνης
893 2419 931 2439 τε
948 2406 1038 2440 παῖς·

277 2459 314 2498 ὃς
333 2461 380 2498 εἷς
398 2461 511 2509 ἀγῶνα
529 2461 615 2508 τῷδε
634 2459 822 2505 συμπεσὼν
838 2458 950 2503 μάχης
1186 2470 1224 2491 20

277 2513 433 2549 ἐκλύεταί
450 2529 504 2559 με.
535 2513 589 2547 καὶ
607 2515 734 2560 τρόπον
751 2511 812 2557 μὲν
830 2511 871 2545 ἂν
887 2512 1001 2546 πόνων

278 2567 339 2602 οὐκ
357 2567 398 2602 ἂν
416 2565 587 2611 διείποιμ’·
618 2566 657 2600 οὐ
674 2566 741 2612 γὰρ
760 2561 837 2600 οἶδ’·
867 2562 946 2598 ἀλλ’
967 2562 1064 2598 ὅστις
1081 2560 1122 2605 ἦν

277 2620 387 2655 θακῶν
405 2619 556 2663 ἀταρβὴς
573 2620 632 2663 τῆς
652 2618 742 2658 θέας,
763 2616 812 2652 ὅδ’
833 2617 874 2651 ἂν
890 2615 1003 2659 λέγοι.

275 2671 342 2717 ἐγὼ
359 2670 427 2717 γὰρ
445 2670 531 2715 ἥμην
549 2669 805 2716 ἐκπεπληγμένη
824 2670 929 2718 φόβῳ

274 2722 319 2768 μή
338 2736 396 2768 μοι
414 2723 453 2757 τὸ
472 2723 599 2758 κάλλος
616 2722 723 2769 ἄλγος
741 2721 873 2769 ἐξεύροι
890 2722 987 2758 ποτέ.
1181 2736 1219 2768 25

273 2776 378 2812 τέλος
396 2774 425 2810 δ’
444 2774 541 2819 ἔθηκε
559 2774 641 2810 Ζεὺς
658 2775 800 2821 ἀγώνιος
819 2777 942 2815 καλῶς,

274 2828 304 2863 εἰ
323 2828 363 2873 δὴ
383 2829 505 2864 καλῶς.
535 2828 640 2873 λέχος
657 2829 723 2874 γὰρ
741 2827 908 2874 Ἡρακλεῖ
925 2828 1038 2874 κριτὸν

273 2880 420 2926 ξυστᾶσ’
440 2881 494 2915 ἀεί
510 2879 570 2915 τιν’
591 2880 626 2915 ἐκ
645 2881 762 2926 φόβου
781 2881 898 2926 φόβον
915 2882 1049 2927 τρέφω,

273 2934 384 2969 κείνου
401 2934 687 2980 προκηραίνουσα.
717 2932 778 2976 νὺξ
794 2933 861 2980 γὰρ
880 2933 1013 2980 εἰσάγει

272 2988 326 3022 καὶ
345 2986 405 3030 νὺξ
423 2986 553 3021 ἀπωθεῖ
570 2985 805 3032 διαδεδεγμένη
823 2987 941 3020 πόνον.

273 3037 477 3086 κᾶφύσαμεν
496 3038 535 3083 δὴ
554 3038 687 3077 παῖδας,
708 3036 767 3074 οὓς
785 3039 892 3074 κεῖνός
908 3053 1004 3079 ποτε,

270 3091 376 3140 γῆτης
393 3091 485 3128 ὅπως
502 3091 649 3138 ἄρουραν
666 3091 809 3125 ἔκτοπον
826 3091 957 3133 λαβὼν,

272 3145 423 3191 σπείρων
440 3146 543 3189 μόνον
560 3143 725 3190 προσεῖδε
743 3142 899 3187 κᾶξαμῶν
917 3144 1020 3188 ἅπαξ.

272 3200 426 3234 τοιοῦτος
444 3196 526 3231 αι’ὼν
549 3197 583 3234 ἐς
606 3197 730 3240 δόμους
751 3210 789 3230 τε
807 3196 868 3230 κάκ
887 3196 999 3241 δόμων

270 3251 323 3286 ’ἀεὶ
340 3251 400 3285 τὸν
417 3249 508 3296 ἄνδρ’
529 3250 656 3294 ἔπεμπε
674 3246 882 3294 λατρεύοντά
900 3263 961 3296 τῳ.

271 3305 330 3339 νῦν
349 3302 377 3338 δ’
397 3301 477 3347 ἦνικ’
498 3302 614 3337 ἄθλων
631 3300 726 3336 τῶνδ’
747 3301 933 3347 ὑπερτελὴς
952 3301 1032 3348 ἔφυ,

272 3355 414 3391 ἐνταῦθα
432 3354 471 3400 δὴ
490 3355 642 3400 μάλιστα
659 3352 855 3399 ταρβήσασ’
875 3354 957 3399 ἔχω.

271 3409 310 3452 ἐξ
328 3407 368 3443 οὗ
385 3408 453 3455 γὰρ
471 3408 550 3442 ἕκτα
568 3409 675 3443 κεῖνος
692 3406 826 3451 Ἰφίτου
843 3406 936 3449 βίαν,

271 3460 366 3506 ἡμεῖς
382 3461 444 3506 μὲν
461 3461 497 3495 ἐν
513 3462 653 3507 Τραχῖνι
671 3459 742 3505 τῇδ’
762 3459 946 3494 ἀνάστατοι

270 3514 355 3562 ξένῳ
373 3512 451 3560 παρ’
471 3513 567 3559 ἀνδρὶ
586 3511 733 3557 ναίομεν·
763 3513 870 3548 κεῖνος
888 3511 918 3546 δ’
937 3511 1024 3547 ὅπου

270 3566 418 3609 βέβηκεν
435 3566 544 3602 οὐδεὶς
562 3562 641 3600 οἶδε’
673 3564 765 3610 πλὴν
783 3564 857 3609 ἐμοὶ
874 3565 995 3611 πικρὰς

271 3619 390 3657 ὠδῖνας
408 3619 511 3656 αὐτοῦ
529 3618 742 3665 προσβαλὼν
759 3617 950 3664 ἀποίχεται·

1177 3001 1221 3032 30

1173 3264 1215 3295 35

1174 3527 1216 3558 40

1384 1393 1514 1444 ’σχεδὸν
1531 1395 1563 1433 δ’
1579 1396 1766 1443 ἐπίσταμαί
1781 1411 1815 1432 τι
1831 1395 1914 1444 πῆμ’
1932 1397 2057 1443 ἔχοντά
2073 1411 2137 1435 νιν.

1383 1451 1509 1497 χρόνον
1525 1451 1593 1498 γὰρ
1611 1450 1690 1497 οὐχὶ
1706 1451 1819 1494 βαιὸν,
1839 1449 1920 1486 ἀλλ’
1938 1451 2001 1496 ἤδη
2020 1450 2100 1486 δέκα

1384 1505 1489 1549 μῆνας
1506 1505 1592 1551 πρὸς
1609 1503 1732 1541 ἅλλοις
1749 1502 1841 1540 πέντ’
1860 1502 2046 1551 ἀκήρυκτος
2061 1504 2166 1549 μένει.

1385 1556 1506 1592 κᾶστιν
1523 1571 1556 1593 τι
1574 1557 1683 1593 δεινὸν
1699 1558 1806 1603 πῆμα·
1834 1556 1992 1601 τοιαύτην
2009 1556 2084 1602 ἐμοὶ

1384 1610 1511 1645 δέλτον
1527 1610 1638 1646 λιπὼν
1655 1611 1805 1656 ἔστειχε,
1823 1610 1884 1656 τὴν
1902 1610 1970 1658 ἐγὼ
1988 1609 2078 1655 θαμὰ

1252 1703 1253 1706 ¹
1385 1663 1474 1700 θεοῖς
1491 1663 1622 1711 ἀρῶμαι
1639 1665 1790 1709 πημονῆς
1808 1662 1888 1711 ἅτερ
1905 1664 2039 1706 λαβεῖν.

1279 1721 1349 1751 ΘΕ.
1384 1716 1548 1752 δέσποινα
1566 1717 1744 1764 Δῃάνειρα,
1763 1717 1882 1753 πολλὰ
1898 1716 1960 1762 μέν
1978 1715 2012 1751 σ’
2032 1715 2099 1764 ἐγὼ

1381 1770 1533 1805 κατεῖδον
1550 1770 1612 1815 ἤδη
1630 1769 1833 1817 πανδάκρυτ’
1853 1768 2026 1816 ὀδύρματα

1379 1822 1440 1867 τὴν
1456 1821 1662 1869 “Ηράκλειον
1679 1823 1799 1867 ἔξοδον
1815 1822 2001 1870 γοωμένην·

1379 1877 1437 1910 νῦν
1455 1874 1496 1915 δ’,
1518 1875 1547 1910 εἷ
1566 1875 1695 1911 δίκαιον
1711 1875 1791 1912 τοὺς
1809 1875 2010 1922 ἐλευθέρους
2027 1875 2178 1922 φρενοῦν

1376 1930 1545 1975 γνώμαισι
1564 1927 1714 1970 δούλαις,
1735 1929 1819 1973 κᾶμὲ
1836 1928 1904 1975 χρὴ
1923 1929 2059 1975 φράσαι
2076 1930 2194 1964 τόσον·

1376 1984 1449 2017 πῶς
1466 1981 1567 2016 παισὶ
1584 1981 1646 2025 μὲν
1664 1982 1831 2016 τοσοῖσδε
1847 1980 2023 2026 πληθύεις,
2043 1981 2129 2028 ἀτὰρ

1377 2032 1499 2079 ἀνδρὸς
1517 2033 1601 2068 κατὰ
1620 2031 1760 2078 ζήτησιν
1778 2033 1818 2068 οὐ
1835 2032 1979 2078 πέμπεις
1995 2034 2082 2073 τινὰ,

1377 2086 1530 2130 μάλιστα
1549 2085 1578 2120 δ’
1593 2084 1696 2133 ὅνπερ
1715 2085 1803 2122 εἷκὸς
1815 2084 1959 2126 Ὕλλον,
1980 2085 2010 2121 εἶ
2027 2086 2157 2133 πατρὸς

1378 2138 1470 2183 νέμοι
1488 2137 1549 2173 τιν’
1569 2137 1658 2185 ὤραν
1675 2141 1736 2174 τοῦ
1754 2140 1867 2175 καλῶς
1883 2139 2057 2186 πράσσειν
2074 2139 2210 2180 δοκεῖν;

1378 2189 1479 2238 ἐγγὺς
1517 2189 1526 2202 ‘
1546 2189 1594 2226 ὅδ’
1614 2191 1715 2228 αὐτὸς
1733 2191 1896 2238 ἀρτίπους
1914 2191 2063 2238 θρώσκει
2081 2192 2219 2237 δόμους,

1377 2242 1460 2278 ὥστ’
1480 2241 1513 2278 εἴ
1527 2243 1562 2278 τί
1579 2258 1638 2279 σοι
1655 2245 1742 2292 πρὸς
1759 2245 1875 2291 καιρὸν
1893 2243 2042 2280 ἐννέπειν
2059 2244 2161 2286 δοκῶ,

1375 2297 1523 2343 πάρεστι
1539 2296 1691 2344 χρῆσθαι
1708 2297 1826 2344 τάνδρὶ
1844 2299 1915 2333 τοῖς
1934 2296 1964 2333 τ’
1983 2297 2077 2343 ἐμοῖς
2093 2299 2226 2346 λόγοις.

1274 2353 1350 2384 ΔΗ.
1378 2348 1405 2383 ὦ
1423 2348 1551 2390 τέκνον,
1572 2349 1598 2384 ὦ
1615 2351 1688 2390 παῖ,
1709 2350 1773 2394 κάξ
1790 2349 1981 2396 ἀγεννήτων
1998 2350 2064 2396 ἄρα

1375 2401 1477 2447 μῦθοι
1495 2403 1607 2439 καλῶς
1623 2402 1823 2439 πίπτουσιν·
1853 2403 1913 2449 ἥδε
1929 2404 1997 2451 γὰρ
2013 2402 2098 2451 γυνὴ

1376 2453 1482 2499 δούλη
1500 2455 1573 2500 μὲν,
1594 2453 1724 2503 εἴρηκεν
1741 2455 1770 2491 δ’
1790 2455 1972 2503 ἐλεύθερον
1988 2458 2108 2504 λόγον.

1374 2510 1497 2548 ποῖον;
1527 2508 1678 2553 δίδαξον,
1697 2510 1815 2556 μῆτερ,
1835 2509 1866 2544 εἰ
1884 2509 2024 2545 διδακτά
2039 2523 2112 2555 μοι.

1380 2561 1422 2595 σὲ
1440 2562 1568 2607 πατρὸς
1585 2559 1674 2597 οὕτω
1693 2562 1795 2609 δαρὸν
1813 2562 2019 2608 ἐξενωμένον

1373 2614 1413 2648 τὸ
1430 2613 1476 2658 μὴ
1493 2613 1664 2650 πυθέσθαι
1681 2617 1748 2650 ποῦ
1765 2614 1856 2650 ’στιν
1873 2613 2040 2662 αἰσχύνην
2057 2614 2189 2662 φέρειν.

1376 2665 1455 2701 ἀλλ’
1475 2663 1562 2705 οἶδα.
1582 2666 1702 2713 μύθοις
1720 2666 1800 2703 εἴτι
1817 2666 1992 2704 πιστεύειν
2008 2669 2132 2715 χρεών.

1374 2719 1428 2754 καὶ
1447 2721 1514 2755 ποῦ
1532 2719 1646 2757 κλύεις
1664 2735 1726 2761 νιν,
1746 2721 1874 2762 τέκνον,
1894 2721 2054 2769 ἱδρῦσθαι
2070 2720 2197 2767 χθονός
2207 2733 2218 2763 3

1374 2773 1434 2807 τὸν
1451 2772 1513 2817 μὲν
1529 2773 1732 2821 παρελθόντ’
1751 2774 1874 2821 ἄροτον
1893 2774 1929 2810 ἐν
1945 2773 2043 2820 μήκει
2059 2775 2187 2821 χρόνον

1375 2826 1468 2870 Λυδῇ
1485 2826 1618 2873 γυναικί
1636 2826 1730 2873 φασί
1748 2841 1798 2863 νιν
1814 2828 1936 2874 λάτριν
1952 2828 2080 2863 πονεῖν.

1370 2879 1439 2914 πᾶν
1455 2878 1580 2920 τοίνυν,
1601 2879 1630 2914 εἶ
1649 2880 1703 2915 καὶ
1721 2879 1813 2916 τοῦτ’
1831 2881 1926 2925 ἔτλη,
1946 2878 2044 2915 κλύοι
2061 2894 2113 2916 τις
2130 2879 2184 2915 ἅν.

1372 2930 1451 2966 ἀλλ’
1473 2931 1649 2978 ἐξαφεῖται
1666 2934 1768 2968 τοῦδέ
1783 2932 1830 2980 γ’,
1851 2933 1896 2970 ὦς
1914 2933 1980 2980 ἐγὼ
1999 2930 2104 2968 κλύω.

1372 2986 1440 3020 ποῦ
1458 2984 1542 3029 δῆτα
1559 2987 1618 3020 νῦν
1636 2986 1701 3029 ζῶν
1717 2985 1738 3032 ἦ
1757 2986 1866 3022 θανὼν
1883 2985 2115 3033 ἀγγέλλεταις

1373 3036 1527 3080 Εὐβοῖδα
1544 3038 1659 3085 χώραν
1677 3039 1800 3085 φασὶν,
1819 3036 1973 3085 Εὐρύτου
1990 3039 2105 3078 πόλιν,

1371 3089 1627 3137 ἐπιστρατεύειν
1644 3092 1758 3132 αὐτὸν,
1777 3090 1797 3137 ἢ
1816 3092 1957 3137 μέλλειν
1973 3091 2035 3126 ἔτι.

1369 3140 1421 3189 ἆρ’
1441 3140 1544 3178 οἶσθα
1562 3143 1645 3187 δῆτ’,
1666 3144 1692 3179 ὦ
1709 3145 1838 3185 τέκνον,
1858 3144 1903 3181 ὦς
1920 3142 2042 3179 ἔλειπέ
2055 3157 2115 3189 μοι

1369 3197 1509 3241 μαντεῖα
1526 3198 1635 3232 πιστὰ
1652 3198 1759 3243 τῆσδε
1776 3199 1836 3242 τῆς
1852 3197 1967 3243 χώρας
1983 3196 2084 3242 πτέρις

1370 3248 1413 3283 τὰ
1429 3250 1522 3289 ποῖα,
1542 3250 1646 3296 μῆτερ
1661 3262 1670 3290 ;
1699 3251 1759 3285 τὸν
1774 3251 1883 3298 λόγον
1897 3249 1965 3296 γὰρ
1982 3248 2108 3296 ἀγνοῶ.

1374 3301 1420 3337 ὥς
1436 3299 1456 3345 ἢ
1475 3302 1636 3347 τελευτὴν
1653 3306 1715 3339 τοῦ
1732 3303 1812 3346 βίον
1830 3302 1952 3346 μέλλει
1969 3302 2095 3342 τελεῖν,

1372 3352 1393 3398 ἢ
1411 3355 1533 3388 τοῦτον
1551 3353 1635 3400 ἄρας
1650 3353 1757 3389 ἆθλον
1774 3352 1801 3377 *¹
1827 3353 1854 3378 Ἴ·
1877 3351 1904 3377 '¹⁵

1373 3405 1435 3442 τὸν
1451 3407 1574 3442 λοιπὸν
1591 3407 1653 3452 ἤδη
1669 3408 1790 3450 βίοτον
1807 3407 1934 3444 εὗαίων’
1953 3409 2058 3454 ἔχειν.

1370 3459 1408 3494 ἐν
1425 3457 1485 3494 οὖν
1501 3457 1590 3506 ῥοπῇ
1608 3460 1721 3506 τοιᾷδε
1739 3460 1889 3508 κειμένῳ,
1909 3459 2037 3501 τέκνον,

1370 3511 1431 3546 οὐκ
1449 3508 1483 3546 εἷ
1497 3511 1678 3558 ξυνέρξων,
1697 3511 1779 3557 ἡνίκ’
1798 3511 1818 3557 ἢ
1837 3512 2047 3557 σεσώσμεθα

1376 3562 1413 3610 [ἢ
1431 3564 1609 3609 πίπτομεν,
1630 3568 1697 3600 σοῦ
1714 3566 1842 3612 πατρὸς
1860 3565 2075 3609 ἐξολωλότος
2086 3561 2120 3615 ;]

1370 3616 1480 3653 κείνου
1496 3617 1577 3658 βίον
1595 3619 1785 3659 σώσαντος,
1805 3616 1826 3663 ἦ
1845 3617 2028 3664 οἷχόμεσθ’
2046 3619 2114 3662 ἅμα
2130 3632 2140 3662 3

1270 2512 1340 2542 ΥΛ.

1273 2566 1351 2596 ΔΗ.

1269 2671 1340 2701 ΥΛ.

1272 2724 1348 2754 ΔΗ.

1269 2777 1339 2807 ΥΛ.

1269 2883 1347 2914 ΔΗ.

1267 2936 1338 2966 ΥΛ.

1268 2989 1346 3020 ΔΗ.

1268 3042 1340 3073 ΥΛ.

1268 3148 1344 3180 ΔΗ.

1266 3254 1337 3285 ΥΛ.

1268 3307 1347 3338 ΔΗ.

2286 1519 2410 1569 45,’

2285 1795 2328 1827 50

2248 2033 2327 2078 ’55

2281 2838 2322 2872 70

2280 3102 2318 3136 75

2276 3360 2318 3393 3ο
