2488 3860
1050 316 1542 384 ᾹΠοΣΠΑΣΜΑτΙΑ.
2281 349 2364 395 643

283 422 370 471 641.
401 432 627 484 Hesychius,
660 441 944 490 Καταρράκτης
961 455 970 478 :
1012 443 1142 491 ὄχετὸς,
1181 445 1280 494 ῥύαξ.

232 488 286 522 καὶ
300 490 320 523 ὁ
338 489 446 527 ἀετός.
486 495 524 527 Σ.
546 494 749 530 Λαοκόωντι.
790 497 845 532 καὶ
861 497 922 534 τὰς
937 496 1100 546 Ἁρπυίας
1124 499 1160 535 ἐν
1178 503 1281 537 Φινεῖ.

231 539 360 577 Codex
377 544 433 579 καὶ
450 546 613 592 ταρπυίας
631 547 667 584 ἐν
684 548 780 595 φίνη.

1730 460 1949 492 ΩΡΕΙΘΥΙΑ.

1372 537 1460 573 654.
1491 536 1600 574 Hanc
1618 536 1779 576 fabulam
1798 547 1980 579 memorat
1997 542 2022 579 J
2023 555 2162 581 oannes
2180 544 2364 590 Siceliota,

283 595 372 631 642·
401 595 623 635 Eustathius
653 611 692 648 p·
717 601 830 644 1495,
851 603 915 640 53·
970 604 1030 642 Ἔν
1055 605 1094 642 δὲ
1119 606 1284 658 ῥητορικῷ
1317 588 1425 637 cujus
1444 590 1557 627 verba
1575 591 1623 627 ad
1640 590 1811 642 AEschyli
1829 594 2039 645 Orithyiam
2058 597 2260 637 attulimus.

229 648 351 697 Χεξικῷ
371 649 526 698 εὕρηνται
544 655 598 689 καὶ
622 655 828 700 μάστακες
851 658 886 694 αἱ
903 658 1048 706 ἀκρίδες.
1075 661 1130 696 καὶ
1146 662 1283 710 λέγεται

1371 643 1459 679 655.
1482 641 1618 680 Strabo
1629 644 1720 689 VII,
1733 658 1770 694 p.
1786 649 1875 684 295.
1897 653 2084 706 ΧΣοφοκλῆς
2099 654 2177 700 περὶ
2195 655 2255 699 τῆς
2271 654 2364 702 Ὠρι-

228 702 359 738 κεῖσθαι
376 707 476 740 τοῦτο
494 708 586 755 παρὰ
599 709 770 755 Σοφοκλεῖ
788 710 823 746 ἐν
841 714 951 747 Φινεῖ..
965 710 1123 750 Photius
1139 725 1178 763 p.
1193 715 1282 757 248,
1316 697 1410 734 θυίας
1426 697 1538 762 xiyfne
1556 699 1601 736 ὣς
1618 699 1850 749 ἀναρπαγεῖσα
1867 704 1934 739 ὑπὸ
1953 705 2078 753 Βορέου
2097 708 2272 754 κομισθείη

232 755 292 791 18.
322 758 542 797 Μάστακας
559 773 568 796 2
597 762 658 799 τὰς
675 762 824 811 ἀκρίδας.
867 767 1058 814 Σοφοκλῆς.

670 868 837 902 ΦΟΙΝῙΞ.

282 926 371 963 643.
399 927 607 967 Athenaeus
625 930 677 976 II,
694 945 733 981 p.
758 933 807 970 70
825 937 860 970 a'.
909 937 1049 984 Κινάρα.
1078 937 1202 984 ταύτην
1219 943 1280 974 Σο·

227 981 359 1027 φοκλῆς
377 982 412 1018 ἐν
430 985 580 1031 Κολχίσι
599 988 742 1034 κυνάραν
759 990 864 1030 καλεῖ,
885 990 921 1025 ἐν
938 991 976 1026 δὲ
996 992 1122 1028 Φοίνικι
1139 991 1281 1040 κύναρον

333 1034 484 1084 Κύναρος
502 1039 628 1075 ἄκανθα
644 1042 754 1077 πάντα
770 1041 914 1088 πληθύει
930 1043 1027 1092 γύην.

227 1085 424 1136 Excerpsit
441 1088 664 1129 Eustathius
681 1105 719 1141 p.
743 1094 856 1139 1822,
879 1096 942 1133 17.

281 1141 368 1178 644.
391 1141 556 1181 Irenaeus
575 1146 676 1194 apud
692 1146 884 1184 Socratem
901 1148 990 1186 hist.
1004 1149 1137 1187 eccles.
1151 1150 1224 1194 111,
1239 1151 1276 1189 7.

226 1196 325 1242 Παρὰ
351 1198 521 1244 Σοφοκλεῖ
551 1199 587 1235 ἐν
617 1204 664 1250 τῷ
691 1202 819 1237 Φοίνικι
851 1203 988 1251 ἐνέδραν
1017 1206 1191 1251 σημαίνειν
1217 1207 1279 1252 τὴν

225 1249 482 1287 ὑπόστασιν-.
557 1251 666 1289 Idem
684 1253 822 1290 omisso
840 1255 989 1293 nomine
1007 1256 1144 1295 fabulae
1163 1258 1278 1295 tradit

225 1299 344 1338 Julius
363 1302 495 1340 Pollux
514 1303 615 1343 Hist.
635 1306 744 1356 phys.
763 1319 801 1355 p.
825 1309 914 1345 376.

1421 750 1524 799 ‘Yvrep
1542 769 1579 789 τε
1595 755 1720 789 πόντον
1736 756 1832 792 πάντ’
1851 757 1903 792 ἐπ’
1922 759 2055 806 ἔσχατα
2071 761 2196 806 χθονὸς

1421 808 1538 843 νυκτός
1554 822 1591 843 τε
1607 809 1718 854 πηγὰς
1735 810 1879 856 οὐρανοῦ
1897 811 1927 847 τ’
1946 813 2138 860 ἀναπτυχὰς

1415 858 1544 899 Φοίβου
1561 860 1707 895 παλαιὸν
1722 863 1894 906 hinov—-

1310 905 1358 944 V.
1392 907 1429 944 3.
1459 911 1587 955 Φοίβου
1617 911 1785 965 παλαιὸν]
1809 914 2024 965 Legebatur
2059 921 2188 965 Φοίβου
2223 937 2263 959 τε
2295 937 2361 960 πα-

1308 963 1421 1000 λαιόν.

1601 1110 1790 1145 ΑΔΗΛΩΝ
1819 1113 2072 1148 ΔΡΑΜΑΤΩΝ.

1365 1191 1452 1228 656.
1484 1191 1659 1229 Stobaeus
1678 1193 1812 1243 Eclog.
1833 1194 1940 1244 phyS.
1962 1196 1995 1238 Ι,
2018 1198 2053 1232 4.
2072 1209 2109 1245 Ρ.
2134 1198 2222 1234 106.
2243 1197 2357 1234 Heer.

1417 1250 1503 1282 ems,
1522 1248 1559 1282 δὲ
1577 1249 1710 1295 πληγὴν
1727 1249 1791 1295 οὐχ
1810 1250 1984 1297 omme&
2001 1253 2138 1298 βροτός.

1311 1297 1507 1346 Sophoclis
1525 1310 1606 1336 esse
1625 1305 1772 1337 constat
1790 1313 1838 1338 ex
1847 1301 2055 1351 The-,ophilo
2074 1304 2120 1340 ad
2136 1304 2357 1354 Autolycum

280 1356 367 1392 645.
398 1355 615 1395 Eustathius
650 1371 687 1408 p.
718 1360 832 1402 1088,
863 1363 925 1399 36.
982 1366 1142 1412 Φορβὰς
1178 1367 1277 1413 γυνὴ
1309 1364 1346 1400 Ρ·
1371 1353 1458 1388 110·
1480 1352 1677 1389 ed·W01f·

219 1410 316 1456 παρὰ
340 1413 522 1458 Σοφοκλεῖ,
542 1414 665 1460 φασὶν,
686 1414 722 1451 ε’ν
739 1417 867 1451 Φοίνικι
891 1416 911 1462 ἡ
935 1419 1082 1455 πολλοῖς
1105 1434 1275 1467 προσομι-

224 1464 336 1499 λοῦσα
353 1467 486 1513 τροφῆς
501 1467 614 1515 χάριν.

666 1560 835 1594 ΦΡΙΞΟΣ.

277 1620 365 1657 646.
394 1620 612 1671 Etymolog.
638 1622 738 1660 Gud.
763 1637 801 1674 p.
823 1626 912 1668 330,
933 1627 998 1663 43.
1056 1631 1192 1674 Κνυζῶ
1209 1643 1275 1666 :—

224 1676 402 1722 Σοφοκλῆς
433 1677 547 1726 Φρίξῳ
575 1679 763 1723 “Κυνηδὸν
794 1679 983 1728 ἐξέπραξαν
1014 1682 1274 1730 κνυζούμενον.”

223 1725 458 1770 Blomfildus,
479 1732 630 1777 Κυνηδὸν
649 1732 831 1780 ἐξέκραξαν
849 1734 894 1771 ὣς
911 1735 1136 1782 κνυζούμενοι.

274 1779 365 1817 647.
395 1779 608 1831 Stephanus
626 1783 665 1820 in
680 1784 1063 1835 Ἀστυ.·-προάστιος.
1101 1789 1188 1826 οὕτω
1206 1792 1273 1839 γὰρ

223 1834 277 1869 καὶ
313 1835 352 1869 τὸ
385 1836 530 1881 θηλυκὸν
565 1839 766 1887 εὑρίσκεται,
795 1843 967 1889 προαστία
1003 1845 1059 1890 γῆ,
1092 1845 1128 1881 ἐν
1159 1846 1273 1895 Φρίξῳ

223 1889 440 1935 Σοφοκλέους

322 1941 425 1991 ‘Opta
442 1944 602 1981 κελεύθου
619 1947 726 1992 τῆσδε
742 1949 804 1996 γῆς
820 1950 1021 1998 προαστίας.

276 1994 365 2032 648.
385 1994 637 2035 Antiatticista
653 2012 691 2049 p.
708 2001 771 2043 83,
785 2002 848 2039 23.
871 2002 1047 2052 Ἀφελὴς
1062 2018 1072 2041 :
1096 2012 1134 2042 Σ.
1147 2007 1272 2056 Φρίξῳ.

657 2093 832 2124 ΦΡΥῙἘΣ.

277 2151 365 2188 649.
396 2151 567 2189 Stobaeus
585 2152 697 2196 VIII,
718 2157 754 2191 5.

324 2206 410 2243 Τοὺς
427 2208 572 2255 εὐγενεῖς
588 2210 654 2257 γὰρ
673 2209 850 2257 κάγαθοὺς,
871 2211 898 2247 ὦ
915 2215 986 2256 παῖ,
1007 2215 1106 2261 φιλεῖ

320 2258 429 2307 Ἀρης
447 2261 600 2305 ἐναίρειν·
630 2264 662 2298 οἱ
680 2264 717 2299 δὲ
735 2266 775 2309 τῇ
793 2267 942 2312 γλώσσῃ
961 2268 1110 2315 θρασεῖς,

327 2313 512 2362 φεύγοντες
530 2315 621 2358 ἄτας,
641 2317 735 2353 ε’κτός
753 2317 821 2353 εἶσι
839 2323 907 2355 τῶν
924 2325 1042 2357 κακῶν.

319 2365 428 2414 Ἀρης
444 2369 511 2416 γὰρ
530 2370 627 2405 οὐδὲν
643 2374 710 2406 τῶν
728 2375 835 2407 κακῶν
853 2369 1013 2415 ληΐζεται.

242 2409 248 2417 ”
275 2417 548 2468 “Tragoediam
575 2421 647 2458 hoc
673 2421 781 2458 titulo
807 2422 895 2460 fecit
921 2425 1032 2462 etiam
1054 2426 1268 2477 AEschylus,

221 2469 268 2506 ad
296 2483 406 2519 quam
432 2473 594 2521 pertinet
625 2474 832 2512 observatio
865 2477 1074 2515 scholiastae
1101 2480 1268 2528 ejusdem

1364 1405 1453 1444 657.
1484 1405 1656 1442 Stobaeus
1673 1405 1804 1456 Eclog.
1824 1408 1933 1457 phys.
1956 1408 1989 1451 I,
2011 1411 2047 1446 9.
2068 1423 2106 1458 p.
2128 1412 2217 1448 222.

1415 1460 1518 1495 Πάντ’
1539 1460 1753 1497 ἐκκαλύπτων
1771 1465 1789 1497 ὁ
1807 1465 1931 1511 χρόνος
1949 1465 1996 1501 εἷς
2013 1466 2052 1499 τὸ
2070 1467 2146 1512 φῶς
2163 1467 2251 1513 ἄγει.

1365 1512 1452 1548 658.
1485 1511 1655 1549 Stobaeus
1673 1513 1806 1564 Eclog.
1826 1514 1934 1564 phys.
1956 1515 1986 1556 I,
2008 1517 2042 1552 9.
2062 1529 2097 1566 p.
2120 1519 2210 1555 230.

1416 1569 1545 1614 Χρόνος
1562 1566 1604 1603 αὖ
1622 1570 1745 1614 χρόνος
1762 1570 1831 1615 ἅμα
1849 1573 1987 1617 κραταιᾷ

1415 1621 1606 1668 τερμοσύνᾳ
1622 1622 1702 1665 βίου

1413 1674 1514 1710 πόλλ’
1534 1675 1723 1723 ἀνευρίσκει
1741 1678 1840 1724 σοφὰ
1857 1677 2059 1724 μαιομένοις.

1364 1726 1450 1763 659.
1485 1727 1655 1764 Stobaeus
1674 1728 1810 1778 Eclog.
1828 1729 1937 1778 phys.
1959 1729 2010 1771 II,
2036 1732 2067 1767 1.
2086 1743 2123 1779 p.
2145 1732 2182 1768 6.

1413 1781 1510 1817 Ἀλλ’
1531 1783 1571 1817 οὔ
1588 1784 1655 1830 γὰρ
1673 1784 1714 1819 ἂν
1730 1784 1773 1819 τὰ
1791 1784 1864 1819 θεῖα
1882 1786 2094 1832 κρυπτόντων
2112 1786 2197 1822 θεῶν

1412 1836 1531 1881 μάθοις
1550 1837 1601 1878 ἂν,
1622 1837 1692 1872 οὐδ’
1712 1838 1742 1872 εἷ
1759 1837 1853 1873 πάντ’
1874 1838 2074 1882 ἐπεξέλθοις
2091 1844 2240 1876 σκοπῶν.

1362 1888 1449 1924 660.
1480 1887 1651 1925 Stobaeus
1669 1888 1843 1938 Florileg.
1865 1889 1916 1932 II,
1940 1892 2001 1927 18.

1414 1946 1564 1978 Σκαιοῖσι
1581 1945 1724 1981 πολλοῖς
1742 1942 1790 1981 εἷς
1806 1945 1921 1991 σοφὸς
1939 1946 2127 1982 διόλλυται.

1362 1995 1450 2031 661.
1481 1994 1652 2032 Stobaeus
1673 1996 1753 2038 111,
1777 1997 1837 2033 14.

1413 2046 1564 2086 Ἐσθλοῦ
1580 2052 1647 2098 γὰρ
1666 2051 1787 2099 ἀνδρὸς
1804 2052 1882 2089 τοὺς
1898 2055 2084 2091 πονοῦντας
2101 2055 2262 2102 ὦφελεῖν.

1361 2102 1449 2138 662.
1479 2101 1650 2140 Stobaeus
1668 2103 1742 2146 III,
1766 2104 1827 2141 15.

1411 2155 1508 2192 Ἀλλ’
1524 2157 1543 2203 ἡ
1562 2158 1733 2205 φρόνησις
1749 2158 1858 2206 ἆγαθὴ
1876 2159 1952 2197 θεὸς
1970 2161 2087 2209 μέγας.

1360 2210 1447 2246 663.
1479 2209 1649 2246 Stobaeus
1668 2210 1738 2253 IV,
1762 2213 1796 2248 1.
1818 2213 1856 2248 5.
1883 2213 1942 2249 17.

1410 2264 1507 2299 Ἀλλ’
1527 2266 1559 2299 οἱ
1577 2270 1682 2303 κακῶς
1698 2267 1915 2314 πράσσοντες
1933 2267 1973 2302 οὔ
1992 2269 2103 2315 κωφοὶ
2120 2271 2235 2315 μόνον,

1411 2317 1487 2353 ἀλλ’
1508 2319 1577 2354 οὐδ’
1598 2321 1740 2367 ὁρῶντες
1758 2319 1921 2365 εἰσορῶσι
1939 2321 2164 2368 τάμφανῆ.-

1410 2371 1471 2408 Ὣς
1489 2372 1733 2410 δυσπέλαστόν
1750 2374 1845 2410 ἐστιν
1861 2374 1987 2421 ἀμαθία
2005 2378 2172 2412 κακόν.-

1831 2427 1878 2463 ‘H
1896 2429 1933 2464 δὲ
1951 2430 2060 2476 μωρία

1409 2480 1546 2525 μάλιστ’
1566 2481 1700 2528 ἀδελφὴ
1718 2483 1777 2526 τῆς
1794 2483 1955 2529 πονηρίας
1972 2484 2053 2530 ἔφυ.

220 2523 352 2572 tragici
383 2525 430 2561 ad
458 2525 720 2564 Prometheum
749 2529 838 2566 435.
871 2529 911 2566 in
942 2543 1017 2579 qua
1050 2533 1190 2569 mentio
1225 2534 1269 2571 fit
1303 2530 1351 2567 V·
1376 2533 1411 2567 3.
1433 2534 1527 2570 ἐστιν
1545 2531 1712 2570 Grotius·
1741 2532 1845 2569 Libri
1862 2535 1895 2580 ἡ.

221 2575 415 2626 Phrygum
435 2578 630 2628 Sophoclis
651 2592 699 2617 ex
714 2580 853 2618 librarii
870 2583 1034 2621 errore.’'
1063 2585 1247 2624 Bmmcx.

653 2675 835 2706 ΧΡΥΣΗΣ.

272 2735 362 2771 650.
394 2734 601 2773 Scholiasta
626 2737 819 2787 Aristoph.
841 2739 980 2777 Ranar.
1001 2753 1037 2778 v.
1063 2743 1148 2779 193.
1188 2745 1268 2782 ὀτι

219 2787 255 2824 δὲ
275 2790 328 2824 καὶ
347 2789 444 2836 κρέας
461 2791 501 2826 τὸ
520 2794 620 2837 σῶμα
637 2793 692 2827 καὶ
708 2794 800 2840 παρὰ
818 2795 989 2841 Σοφοκλεῖ
1005 2796 1041 2831 ἐν
1058 2797 1177 2845 Χρύσῃ

324 2846 482 2880 Τοιοῦτος
499 2844 545 2880 ὢν
562 2845 675 2892 ἄρξεις
690 2847 790 2882 τοῦδε
807 2850 868 2882 τοῦ
886 2849 1000 2895 κρέως.

219 2893 426 2931 Brunckius
444 2897 557 2944 ἄρξεις
575 2898 632 2935 σύ.

271 2949 360 2984 651.
391 2947 523 2985 Pollux
535 2949 605 2992 VI,
619 2952 682 2988 83.
702 2951 809 2990 Ἐστι
826 2954 941 3000 μέντοι
959 2956 1012 2991 καὶ
1030 2958 1069 2993 τὸ
1087 2959 1146 3004 τῆς
1163 2960 1262 3007 μαγί-

218 3001 276 3039 δος
294 3001 399 3047 ὄνομα
415 3004 507 3050 παρὰ
525 3006 694 3052 Σοφοκλεῖ
711 3007 747 3042 ἐν
764 3006 884 3055 Χρύσῃ

322 3057 389 3093 Τὰς
405 3056 581 3095 ‘Etcum-aias-
597 3060 741 3106 μαγίδας
758 3061 905 3108 δόρπων.

217 3106 278 3142 Ad
305 3107 403 3144 hunc
429 3108 552 3146 locum
579 3116 724 3159 spectat
748 3111 941 3150 Heuadius
968 3115 1068 3165 apud
1091 3116 1263 3154 Photium

269 3214 358 3250 652.
388 3214 607 3253 Ammonius
637 3229 675 3265 p.
703 3219 766 3256 34.
808 3223 908 3269 Παρὰ
935 3224 1099 3271 Εὐριπίδῃ
1131 3226 1263 3274 ἐσχάρα

215 3266 287 3303 ἀντὶ
305 3271 365 3303 τοῦ
381 3271 500 3315 βωμοῦ
519 3273 746 3308 “trah—mi
764 3276 942 3322 Σοφοκλῆς
960 3277 996 3314 ε’ν
1013 3277 1145 3327 Χρύσῃ.
1185 3278 1260 3315 Ea-

214 3319 300 3356 dem
319 3320 538 3358 Eustathius
553 3335 591 3372 p.
616 3326 731 3367 1564,
751 3326 815 3363 32.

1358 2585 1445 2621 664.
1475 2584 1647 2622 Stobaeus
1656 2585 1706 2628 V,
1720 2589 1757 2624 5.
1771 2591 1810 2623 et
1823 2586 2041 2625 Plutarchus
2052 2587 2191 2627 Moral.
2204 2602 2242 2640 p.
2258 2591 2305 2630 27
2322 2590 2347 2630 f.

1411 2640 1478 2674 Οὐκ
1496 2640 1569 2676 ἔστ’
1589 2640 1645 2676 ἀπ’
1664 2642 1773 2689 ἔργων
1789 2642 1835 2688 μὴ
1854 2644 1965 2679 καλῶν
1982 2644 2045 2690 ἔπη
2063 2645 2161 2680 καλά.

1357 2692 1443 2727 665.
1474 2691 1644 2729 Stobaeus
1662 2692 1711 2736 V,
1736 2695 1797 2730 14.

1408 2747 1544 2794 Χαίρειν
1562 2747 1613 2783 ἐπ’
1632 2748 1792 2796 αἰσχραῖς
1809 2747 1944 2793 ἡδοναῖς
1961 2751 2002 2786 οὔ
2019 2750 2086 2799 χρῆ
2103 2766 2198 2790 ποτε.

1355 2799 1444 2834 666.
1474 2797 1646 2835 Stobaeus
1664 2798 1775 2843 VIII,
1799 2803 1860 2837 11.

1408 2854 1457 2888 Οὐ
1475 2855 1544 2891 τοῖς
1563 2853 1702 2900 ἀθύμοις
1719 2855 1739 2900 ἡ
1757 2854 1843 2902 τύχη
1862 2855 2106 2904 ξυλλαμβάνει.

1356 2904 1443 2941 667.
1475 2904 1646 2942 Stobaeus
1665 2906 1778 2949 XIII,
1798 2909 1836 2944 9.

1407 2960 1515 2997 Αἰδὼς
1531 2962 1597 3008 γὰρ
1615 2961 1651 2997 ἐν
1668 2964 1820 2998 κακοῖσιν
1837 2962 1936 3000 οὔδὲν
1953 2965 2094 3012 ὠφελεῖ.

1405 3013 1424 3058 ἡ
1443 3014 1508 3061 γὰρ
1527 3015 1639 3060 σιωπὴ
1657 3018 1704 3064 τῷ
1721 3018 1883 3053 λαλοῦντι
1902 3017 2094 3067 σύμμαχος.

1354 3066 1442 3102 668.
1476 3065 1647 3103 Stobaeus
1665 3066 1816 3109 XVIII.
1840 3072 1875 3106 1.

1404 3120 1444 3155 Τί
1460 3121 1551 3157 ταῦτ’
1573 3121 1738 3164 ἐπαινεῖς;
1765 3125 1832 3160 πᾶς
1849 3125 1916 3172 γὰρ
1934 3125 2085 3163 οἰνωθεὶς
2101 3126 2183 3174 ἀνὴρ

1403 3174 1524 3218 ἥσσων
1540 3176 1602 3220 μὲν
1619 3174 1722 3223 ὀργῆς
1739 3177 1826 3220 ἐστι,
1845 3181 1907 3214 τοῦ
1924 3179 1962 3214 δὲ
1981 3182 2039 3215 νοῦ
2058 3182 2163 3217 κενός·

1404 3229 1502 3274 φιλεῖ
1518 3229 1554 3263 δὲ
1572 3229 1705 3274 πολλὴν
1721 3233 1889 3277 γλῶσσαν
1908 3232 2026 3279 ἐκχέας
2042 3235 2159 3279 μάτην,

1403 3281 1491 3316 ἄκων
1507 3281 1639 3318 ἀκούειν
1656 3283 1713 3320 οὓς
1731 3285 1814 3320 ἑκὼν
1832 3282 1924 3320 εἶπεν
1941 3287 2078 3334 λόγους.

1299 3332 1349 3368 Ηί
1366 3344 1494 3368 versus
1510 3333 1671 3371 citantur
1686 3336 1822 3384 partim
1840 3349 1863 3373 a
1875 3336 2077 3374 Plutarcho
2092 3337 2229 3375 Moral.
2242 3350 2280 3388 p.
2297 3338 2342 3376 89

268 3373 355 3410 653.
375 3373 595 3422 Apollonius
611 3376 720 3414 lexic.
736 3379 895 3418 Homer.
919 3382 1123 3422 ’ἰονθάδος
1138 3387 1262 3424 ε-τὰς
1297 3385 1331 3421 b.
1353 3390 1390 3421 et
1411 3385 1603 3423 Clemente
1620 3387 1681 3424 Al.
1701 3401 1737 3436 p.
1763 3390 1848 3427 181.

215 3427 279 3474 γὰρ
297 3432 365 3463 τῶν
382 3433 508 3476 τριχῶν
523 3429 618 3474 ῥίζας
635 3432 767 3471 ῖόνθους
782 3433 879 3478 λέγει
896 3441 934 3471 Σ.
951 3437 988 3473 ἐν
1005 3437 1125 3486 Χρύσῃ

323 3481 414 3528 Ἐγὼ
429 3484 594 3529 μέλαιναν
611 3483 780 3530 ἐξιονθίζω
795 3487 910 3534 τρίχα.
918 3519 927 3527 .,

216 3529 273 3568 Ex
289 3531 363 3571 hoc
378 3545 489 3571 versu
501 3534 686 3585 ‘Hesychii
702 3537 828 3587 glossa
843 3541 1038 3590 Ἐξιονθίζω
1055 3547 1169 3595 τρίχα.

1351 3439 1438 3475 669.
1471 3438 1641 3476 Stobaeus
1658 3439 1807 3484 XXIV,
1829 3443 1866 3479 4.
1884 3444 1923 3479 6.

1403 3493 1566 3530 Κλέπτων
1583 3494 1613 3530 δ’
1633 3494 1714 3531 ὅταν
1729 3510 1781 3533 τις
1799 3497 1958 3544 ἐμφανῶς
1976 3497 2156 3545 ἐφευρεθῇ,

1403 3549 1504 3595 σιγᾶν
1522 3548 1658 3597 ἀνάγκη,
1677 3549 1739 3586 κᾶν
1757 3551 1860 3587 καλὸν
1876 3550 1967 3598 φέρῃ
1986 3553 2167 3599 στόμα.-
