2488 3860
211 284 288 324 13²2

213 1708 272 1739 01.

221 1762 289 1793 AN:

216 1922 273 1952 01.

218 1975 287 2006 AFL

216 2078 273 2109 01.

219 2185 290 2214 AN.

218 2238 274 2267 01.

217 2291 274 2320 01.

217 2343 274 2373 01.

218 2396 274 2426 01.

221 2766 294 2797 Ahh

223 2873 279 2903 01.

1089 282 1490 325 ΣΟΦΟΚΛΕΟΥΣ

307 385 469 431 ἄμβασις,
489 381 522 419 οἳ
539 384 600 420 τὰν
619 384 736 421 ἶππίαν

1167 397 1248 431 1070

306 441 450 484 τιμῶσιν
466 437 610 473 Ἀθάναν

308 491 361 526 καὶ
379 491 437 526 τὸν
454 492 591 527 πόντιον
607 491 770 539 γαιάοχον

305 543 398 580 Ῥέας
415 544 522 590 φίλον
538 545 622 580 υἱόν.

307 596 477 641 ἕρδονσιν,
497 594 516 640 ἢ
535 594 726 641 μέλλουσ’;
1104 607 1181 640 στρ.
1202 591 1249 635 β’.

307 649 352 686 ὡς
369 649 557 696 προμνᾶταί
573 649 606 684 τί
623 664 681 694 μοι

307 702 434 748 γνώμα,
454 700 528 747 τάχ’
547 702 709 738 ἐνδώσειν
1167 710 1247 743 1075

306 757 366 791 τᾶν
399 754 491 791 δεινὰ
524 755 669 798 τλασᾶν,
695 754 787 790 δεινὰ
818 753 848 789 δ’
876 754 1042 801 εὖρουσᾶν
1073 753 1159 799 πρὸς
1190 752 1248 787 αὐ-

304 808 398 842 τελεῖ
413 808 506 841 τελεῖ
523 804 604 843 Ζεῦς
622 821 654 841 τι
673 805 742 841 κατ’
763 805 863 853 ἆμαρ·
981 801 1129 854 [θαίμων
1144 804 1247 848 πάθη.

305 861 421 904 μάντις
439 857 501 905 εἴμ’
518 859 654 894 ἐσθλῶν
671 859 821 906 ἀγώνων.
1166 860 1247 892 1080

307 911 371 948 εἷθ’
392 912 536 948 ἀελλαία
554 910 797 960 ταχύρρωστος
814 911 953 948 πελειὰς

303 965 454 1011 αἰθερίας
472 965 623 1012 νεφέλας
642 964 803 1013 κῦρσαιμι
821 963 918 1001 τῶνδ’
937 965 1074 1013 ἀγώνων

307 1017 491 1066 ε’ωρῆσασα
509 1019 634 1064 τούμὸν
652 1018 754 1065 ὄμμα.

307 1070 345 1104 ἷὼ
363 1070 536 1116 πάνταρχε
553 1068 649 1110 θεῶν,

307 1125 482 1160 παντόπτα
500 1125 575 1165 Ζεῦ,
594 1124 715 1169 πόροις

308 1175 371 1220 γᾶς
388 1173 495 1208 τᾶσδε
513 1172 697 1219 δαμούχοις
1172 1172 1254 1206 1086

310 1226 422 1262 σθένει
438 1225 598 1274 ’πινικείῳ
616 1227 676 1260 τὸν
694 1227 839 1274 εὕαγρον
856 1228 1038 1262 τελειῶσαι
1054 1224 1175 1271 λόχον,

311 1279 420 1325 σεμνά
437 1294 475 1315 τε
491 1282 570 1316 παῖς
588 1280 732 1316 Παλλὰς
748 1279 887 1315 Ἀθάνα.
1175 1290 1255 1323 1090

311 1333 364 1367 καὶ
383 1333 442 1368 τὸν
459 1333 624 1380 ἀγρευτὰν
641 1330 803 1368 Ἀπόλλω

312 1387 365 1421 καὶ
384 1385 588 1433 κασιγνήταν
605 1386 859 1421 πυκνοστίκτων
877 1386 1004 1421 ὀπαδὸν

313 1439 494 1474 ὠκυπόδων
512 1439 655 1485 ἐλάφων
675 1439 808 1486 στέργω
828 1440 952 1475 διπλᾶς
970 1438 1103 1486 ἀρωγὰς

314 1493 433 1535 μολεῖν
450 1494 495 1539 γᾷ
513 1492 593 1538 τᾷδε
611 1493 665 1527 καὶ
682 1493 852 1528 πολίταις.

315 1544 340 1579 ὦ
359 1544 438 1589 ξεῖν’
458 1546 578 1590 ἀλῆτα,
599 1548 646 1594 τῷ
666 1549 785 1594 σκοπῷ
803 1545 864 1591 μὲν
882 1545 942 1580 οὐκ
961 1545 1047 1592 ἐρεῖς

316 1598 360 1634 ὡς
378 1598 618 1644 ψευδόμαντις.
649 1599 708 1635 τὰς
727 1600 826 1645 κόρας
843 1599 909 1646 γὰρ
928 1597 1053 1644 εἰσορῶ

316 1650 413 1686 τάσδ’
435 1650 548 1686 ἆσσον
565 1650 660 1688 αὖθις
679 1651 743 1686 ῶδε
761 1650 1080 1698 προσπολουμένας.

318 1706 385 1740 ποῦ
403 1707 491 1745 ποῦς
521 1704 555 1739 τί
572 1703 642 1751 φῄς
657 1717 666 1746 ;
695 1708 768 1740 πῶς
786 1701 880 1740 εἶπας
895 1717 905 1745 ;

1109 1067 1181 1102 ἀντ.
1202 1063 1251 1108 β’.

1176 1502 1255 1535 1095

923 1757 949 1791 ὦ
967 1757 1073 1803 πάτερ
1091 1755 1209 1801 πάτερ,

318 1810 369 1847 τίς
386 1810 426 1846 ἂν
445 1810 530 1846 θεῶν
548 1824 606 1846 σοι
624 1808 713 1846 τόνδ’
731 1810 873 1858 ἄριστον
891 1808 981 1856 ἄνδρ’
1002 1809 1085 1844 ῖδεῖν
1183 1819 1261 1843 1100

319 1863 404 1908 δοίη,
424 1865 483 1899 τὸν
500 1863 586 1909 ἡμᾶς
604 1864 702 1911 δεῦρο
721 1863 1001 1911 προσπέμψαντά
1020 1874 1103 1903 σοις

320 1916 345 1952 ὦ
364 1916 490 1958 τέκνον,
509 1914 529 1961 ἦ
549 1917 745 1964 πάρεστον;

764 1967 836 2005 αἵδε
853 1969 919 2014 γὰρ
938 1968 1036 2014 χέρες

320 2021 459 2066 Θησέως
478 2022 616 2056 ἔσωσαν
635 2021 812 2066 φιλτάτων
830 2019 859 2054 τ’
879 2019 1045 2054 ὀπαόνων.

317 2074 538 2121 προσέλθετ’,
560 2074 585 2108 ὦ
603 2076 674 2113 παῖ,
695 2074 809 2120 πατρὶ,
830 2073 884 2107 καὶ
902 2073 940 2106 τὸ
958 2070 1093 2116 μηδαμὰ

320 2127 484 2163 ἐλπισθὲν
502 2127 595 2172 ἥξειν
614 2130 713 2171 σῶμα
730 2126 907 2169 βαστάσαι
927 2125 1016 2159 δότε.
1185 2134 1262 2165 1105

325 2180 426 2231 αἰτεῖς
444 2179 465 2215 ἃ
483 2179 605 2224 τεύξει·
638 2179 702 2214 σὺν
719 2178 814 2226 πόθῳ
832 2179 898 2226 γὰρ
917 2177 936 2221 ἡ
955 2178 1065 2224 χάρις.

321 2236 387 2268 ποῦ
406 2234 499 2278 δῆτα,
515 2235 581 2268 ποῦ
599 2231 696 2267 ’στον
712 2245 720 2271 ;
776 2237 851 2266 AN.
881 2228 945 2265 αἵδ’
960 2232 1044 2275 ὁμοῦ
1062 2228 1262 2271 πελάζομεν.

319 2285 345 2320 ὦ
363 2286 503 2332 φίλτατ’
521 2287 610 2333 ἔρνη.
718 2290 793 2320 AN.
823 2286 869 2332 τῷ
888 2285 1016 2318 τεκόντι
1033 2283 1100 2318 πᾶν
1118 2280 1238 2327 φίλον.

323 2338 349 2373 ὦ
368 2341 524 2385 σκῆπτρα
542 2340 670 2385 φωτός.
740 2343 815 2372 AN.
846 2338 1020 2382 δυσμόρου
1038 2349 1078 2382 γε
1096 2332 1263 2379 δύσμορα.

321 2392 389 2437 ἔχω
408 2393 450 2426 τὰ
468 2391 622 2438 φίλτατ’,
642 2389 712 2426 οὐδ’
732 2391 776 2425 ἔτ’
797 2390 838 2425 ἂν
854 2388 1041 2425 πανάθλιος
1186 2399 1266 2421 1110

321 2444 429 2479 θανὼν
447 2444 487 2479 ἂν
506 2443 575 2489 ε’ίην
594 2445 696 2492 σφῷν
714 2444 956 2491 παρεστώσαιν
975 2440 1062 2487 ἐμοί.

321 2497 480 2544 ἐρείσατ’,
502 2497 527 2532 ὦ
545 2500 617 2540 παῖ,
637 2498 787 2543 πλευρὸν
805 2495 1008 2542 ἀμφιδέξιον

321 2549 470 2596 ἐμφύντε
488 2552 534 2598 τῷ
553 2549 715 2596 φύσαντι,
737 2547 995 2585 κάναπαῦσατον

321 2605 381 2638 τοῦ
399 2603 527 2650 πρόσθ’
549 2602 672 2650 ἐρήμου
691 2603 791 2637 τοῦδε
810 2599 978 2646 δυστήνου
996 2600 1138 2636 πλάνου.

322 2655 377 2691 καί
394 2670 452 2701 μοι
470 2657 512 2690 τὰ
529 2653 712 2702 πραχθέντ’
731 2653 845 2691 εἴπαθ’
866 2655 910 2690 ὣς
927 2649 1106 2701 βράχιστ’,
1127 2651 1199 2687 ἐπεὶ

322 2711 394 2745 ταῖς
412 2709 611 2753 τηλικοῖσδε
630 2709 771 2755 σμικρὸς
790 2708 924 2754 ἐξαρκεῖ
939 2708 1058 2753 λόγος.
1186 2705 1267 2739 1116

329 2761 376 2797 ὅδ’
398 2761 475 2796 ἔσθ’
496 2763 515 2796 ὁ
535 2763 665 2797 σώσας·
697 2762 796 2796 τοῦδε
814 2760 880 2807 χρὴ
900 2758 1025 2800 κλύειν,
1045 2759 1163 2805 πάτερ,

325 2816 379 2850 καὶ
398 2815 457 2850 σοί
474 2829 512 2849 τε
529 2816 675 2861 τοῦργον
692 2813 781 2848 τοῦτ’
803 2813 877 2859 ἐμοί
895 2812 923 2847 τ’
943 2813 1040 2848 ἔσται
1058 2809 1184 2859 βραχύ.

326 2867 351 2902 ὦ
371 2868 468 2912 ξεῖνε,
491 2867 535 2912 μὴ
556 2866 714 2912 θαύμαζε,
734 2867 819 2914 πρὸς
837 2867 876 2901 τὸ
893 2865 1036 2912 λιπαρὲς

325 2920 409 2956 τέκν’
431 2920 460 2955 εἷ
479 2918 615 2966 φανέντ’
634 2920 765 2954 ἄελπτα
783 2917 915 2964 μηκῦνω
932 2919 1052 2964 λόγον.

325 2973 508 3018 ἐπίσταμαι
526 2973 591 3020 γὰρ
610 2970 708 3016 τὴνδε
726 2972 785 3016 τὴν
804 2972 838 3007 ἐς
855 2971 962 3005 τάσδε
979 2984 1037 3015 μοι

325 3026 450 3073 τέρψιν
467 3025 544 3073 παρ’
565 3026 676 3060 ἄλλου
694 3025 834 3070 μηδενὸς
852 3022 1087 3069 πεφασμένην.

327 3079 373 3114 σὺ
390 3080 457 3125 γάρ
476 3093 526 3114 νιν
545 3078 732 3122 ἐξέσωσας,
754 3077 813 3111 οὐκ
832 3076 939 3111 ἄλλος
956 3077 1103 3122 βροτῶν.

328 3133 380 3168 καὶ
400 3132 458 3167 σοὶ
477 3131 548 3166 θεοὶ
566 3133 702 3178 πόροιεν
721 3130 765 3166 ὣς
784 3129 850 3176 ἐγὼ
869 3128 975 3167 θέλω,

328 3185 417 3233 αὐτῷ
435 3199 471 3219 τε
490 3185 544 3219 καὶ
561 3186 605 3230 γῇ
625 3182 708 3228 τῇδ’·
741 3182 813 3217 ἐπεὶ
831 3182 869 3216 τό
888 3180 919 3228 γ’
940 3180 1082 3222 εὐσεβὲς

1190 2929 1270 2952 1120

1191 3192 1268 3223 1125

331 3240 444 3284 μόνοις
462 3236 540 3283 παρ’
560 3236 637 3281 ὑμῖν
651 3235 752 3283 ηὗρον
771 3234 955 3270 ἀνθρώπων
974 3234 1040 3280 ἐγὼ

331 3291 384 3326 καὶ
402 3289 589 3325 τούπιεικὲς
607 3288 661 3323 καὶ
679 3289 717 3323 τὸ
735 3287 779 3333 μὴ
799 3287 1065 3333 ψευδοστομεῖν.

329 3344 425 3379 εἰδὼς
444 3342 472 3378 δ’
492 3341 605 3387 ἀμὺνω
624 3341 742 3376 τοῖσδε
759 3342 830 3376 τοῖς
847 3341 966 3387 λόγοις
984 3339 1076 3374 τάδε.

330 3397 399 3443 ἔχω
417 3396 483 3443 γὰρ
502 3396 575 3440 ἅχω
595 3395 650 3430 διὰ
669 3394 710 3429 σὲ
730 3393 809 3427 κούκ
827 3392 939 3427 ἄλλον
956 3393 1102 3439 βροτῶν.

330 3448 385 3485 καί
402 3463 460 3494 μοι
478 3446 564 3495 χέρ’,
585 3447 685 3490 ὦναξ,
707 3446 821 3490 δεξιὰν
838 3444 969 3491 ὄρεξον,
989 3445 1034 3481 ὡς

331 3499 463 3549 ψαύσω
482 3499 625 3547 φιλήσω
641 3498 686 3540 θ’,
707 3493 732 3542 ᾗ
755 3498 860 3543 θέμις,
880 3499 919 3532 τὸ
940 3498 1004 3532 σὸν
1023 3498 1118 3544 κάρα.

333 3554 440 3590 καίτοι
458 3554 492 3589 τί
510 3554 613 3600 φωνῶ
629 3565 638 3593 ;
667 3555 740 3588 πῶς
758 3549 792 3586 σ’
810 3551 851 3586 ἂν
868 3550 987 3586 ἄθλιος
1004 3550 1114 3598 γεγὼς

335 3607 441 3655 θιγεῖν
461 3605 638 3651 θελὴσαιμ’
659 3605 791 3652 ἀνδρὸς,
811 3600 838 3653 ᾧ
856 3603 907 3641 τίς
925 3603 985 3639 οὐκ
1004 3604 1051 3638 ἔνι

1196 3456 1275 3488 1130

1298 653 1374 684 011.

1305 1446 1362 1476 01.

1306 1551 1384 1582 011.

1308 1765 1365 1794 01.

1307 1817 1386 1848 (311.

1309 1925 1367 1954 01.

1309 1976 1384 2007 OPL

1308 2077 1365 2107 01.

1307 2131 1382 2160 91L

1308 2237 1365 2266 01.

1309 2290 1366 2318 ΟΙ.

1309 2342 1388 2371 e}L

1309 2395 1364 2424 ΟΙ.

1308 2448 1383 2478 e}L

1309 2501 1366 2530 01.

1308 2606 1383 2637 elL

1309 2713 1367 2742 01.

1312 2818 1387 2848 e}L

1312 2923 1384 2954 AN:

1398 382 1493 427 κηλὶς
1507 383 1615 415 κακῶν
1633 377 1806 423 ξύνοικος;
1835 376 1895 414 οὐκ
1913 377 2022 426 ἔγωγέ
2039 392 2092 421 σε,

1399 434 1469 470 οὐδ’
1490 433 1548 468 οὖν
1567 433 1672 467 ἐάσω.
1701 433 1772 468 τοῖς
1788 432 1855 478 γὰρ
1873 431 2043 479 ἐμπείροις
2059 431 2196 478 βροτῶν

1398 489 1513 534 μόνοις
1531 483 1603 521 οἷόν
1620 499 1658 520 τε
1677 485 1966 532 συνταλαιπωρεῖν
1982 484 2075 519 τάδε.

1401 540 1446 576 σὺ
1465 539 1492 575 δ’
1513 538 1653 574 αὐτόθεν
1670 551 1728 583 μοι
1745 539 1844 584 χαῖρε
1862 538 1916 572 καὶ
1933 538 1976 572 τὰ
1992 537 2098 572 λοιπά
2114 549 2180 582 μου

1399 593 1511 639 μέλου
1530 591 1675 631 δικαίως,
1697 591 1814 637 ὥσπερ
1833 590 1867 627 ἐς
1885 589 1953 625 τόδ’
1974 589 2109 637 ἡμέρας.

1401 645 1469 681 οὔτ’
1490 642 1522 680 εἴ
1537 658 1569 679 τι
1586 645 1690 689 μῆκος
1707 647 1773 679 τῶν
1789 645 1904 690 λόγων
1921 642 2000 678 ἔθου
2016 642 2134 685 πλέον,

1400 699 1548 734 τέκνοισι
1566 696 1727 743 τερφθεὶς
1744 697 1873 735 τοῖσδε,
1894 695 2069 742 θαυμάσας
2087 696 2167 741 ἔχω,

1400 751 1473 787 οὔτ’
1492 750 1521 786 εἶ
1539 751 1606 797 πρὸ
1625 749 1751 795 τούμοῦ
1769 751 1966 797 προῦλαβες
1982 749 2024 783 τὰ
2042 747 2139 783 τῶνδ’
2158 748 2232 792 ἴπη.

1401 806 1508 852 βάρος
1525 803 1592 851 γὰρ
1610 801 1696 848 ἡμᾶς
1714 802 1813 837 οὐδὲν
1830 802 1868 837 ἐκ
1885 800 2015 837 τούτων
2033 802 2118 847 ἔχει.

1404 858 1443 893 οὐ
1461 858 1527 905 γὰρ
1544 857 1685 903 λόγοισι
1703 856 1762 890 τὸν
1778 855 1858 899 βίον
1876 855 2114 899 σπουδάζομεν

1402 910 1560 956 λαμπρὸν
1577 908 1750 944 ποιεῖσθαι
1767 909 1902 954 μᾶλλον
1918 907 1939 953 ἢ
1957 909 2028 944 τοῖς
2047 906 2242 954 δρωμένοις.

1404 963 1552 1007 δείκνυμι
1571 959 1613 997 δ’.
1644 961 1689 996 ῶν
1705 961 1772 1008 γὰρ
1791 960 1897 1006 ὥμοσ’
1916 961 1977 996 οὐκ
1995 960 2197 1007 ἐψευσάμην

1404 1016 1501 1052 οὐδέν
1519 1030 1573 1054 σε,
1592 1013 1743 1062 πρέσβυ.
1773 1014 1879 1049 τάσδε
1895 1014 1962 1061 γὰρ
1979 1012 2112 1060 πάρειμ’
2133 1012 2224 1060 ἄγων

1407 1070 1528 1113 ζώσας,
1550 1068 1746 1115 ἀκραιφνεῖς
1763 1070 1830 1102 τῶν
1848 1066 2152 1111 κατηπειλημένων.

1404 1121 1529 1169 χῶπως
1546 1121 1607 1166 μὲν
1625 1120 1716 1167 ἁγὼν
1733 1119 1835 1167 ᾑρέθη
1853 1119 1888 1154 τί
1905 1120 1958 1155 δεῖ
1973 1120 2081 1164 μάτην

1407 1176 1556 1220 κομπεῖν,
1577 1173 1598 1208 ἄ
1615 1172 1647 1221 γ’
1668 1171 1754 1208 εἴσει
1773 1173 1893 1209 καύτὸς
1911 1172 1947 1207 ἐκ
1965 1170 2102 1207 ταύταιν
2115 1171 2252 1217 ’ξυνῶνς

1405 1230 1511 1275 λόγος
1529 1226 1558 1262 δ’
1578 1225 1615 1263 ὃς
1634 1225 1847 1271 ἐμπέπτωκεν
1865 1224 1988 1272 ἀρτίως
2006 1225 2079 1270 ἐμοὶ

1409 1280 1582 1326 στείχοντι
1600 1279 1712 1326 δεῦρο,
1734 1280 1917 1324 συμβαλοῦ
1933 1279 2079 1325 γνώμην,
2100 1277 2174 1313 ἐπεὶ

1409 1334 1551 1381 σμικρὸς
1569 1332 1630 1377 μὲν
1648 1332 1764 1372 εἰπεῖν,
1784 1331 1878 1376 ἄξιος
1896 1331 1934 1366 δὲ
1952 1330 2136 1376 θαυμάσαι.

1407 1388 1537 1434 πρᾶγος
1556 1385 1584 1421 δ’
1604 1385 1728 1428 ἀτίζειν
1745 1384 1844 1420 οὐδὲν
1860 1383 2037 1431 ἄνθρωπον
2053 1384 2177 1431 χρεών.

1407 1440 1441 1474 τί
1458 1439 1487 1475 δ’
1508 1440 1595 1478 ἔστι,
1615 1437 1731 1473 τέκνον
1748 1437 1898 1485 Αἶγέως;
1928 1437 2070 1472 δίδασκέ
2084 1451 2139 1482 με,

1410 1493 1454 1529 ὣς
1471 1492 1516 1538 μὴ
1535 1491 1634 1527 εἶδότ’
1655 1491 1756 1526 αὐτὸν
1773 1491 1876 1536 μηδὲν
1894 1490 1940 1526 ὧν
1958 1490 2004 1525 σὺ
2021 1489 2194 1526 πυνθάνει.

1414 1545 1525 1593 φασίν
1542 1544 1603 1580 τιν’
1623 1543 1702 1590 ἡμῖν
1719 1543 1836 1591 ἄνδρα,
1848 1540 1916 1579 Ισοὶ
1932 1543 1994 1589 μὲν
2011 1543 2156 1588 ἕμπολιν

1411 1599 1472 1636 οὒκ
1490 1598 1581 1638 ἄντα,
1602 1598 1751 1645 συγγενῆ
1771 1597 1819 1638 δὲ,
1838 1598 2084 1644 προσπεσόντα
2099 1610 2173 1633 πως

1409 1654 1515 1703 βωμῷ
1534 1651 1700 1696 καθῆσθαι
1714 1652 1761 1699 τῷ
1779 1650 2008 1689 Ποσειδῶνος.
2027 1648 2106 1696 παρ’
2126 1646 2154 1698 ᾧ

1411 1703 1500 1741 θῦων
1517 1706 1647 1752 ἔκυρον,
1666 1703 1753 1749 ἡνίχ’
1774 1703 1940 1750 ὦρμώμην
1957 1703 2037 1750 ἐγώ.

1409 1758 1563 1794 ποδαπόν
1578 1770 1587 1798 ;
1617 1757 1651 1792 τί
1667 1755 1930 1804 προσ-χρῄζοντα
1947 1758 1995 1804 τῷ
2012 1753 2175 1801 θακήματι
2189 1767 2200 1796 ;

1412 1811 1473 1846 οὐκ
1491 1807 1567 1846 οἶδα
1583 1810 1675 1855 πλὴν
1693 1809 1740 1846 ἕν.
1772 1812 1838 1845 σοῦ
1855 1810 1934 1856 γὰρ,
1956 1809 2000 1844 ὣς
2017 1807 2165 1856 λέγουσί
2179 1821 2251 1853 μοι,

1411 1862 1546 1910 βραχύν
1563 1862 1625 1899 τιν’
1644 1862 1732 1898 αἶτεῖ
1747 1862 1855 1908 μῦθον
1872 1862 1933 1897 οὐκ
1951 1861 2055 1909 ὄγκου
2072 1861 2200 1897 πλέων.

1410 1918 1508 1954 ποῖόν
1525 1915 1586 1952 τιν’
1603 1929 1612 1958 ;
1643 1916 1683 1950 οὗ
1700 1916 1767 1962 γὰρ
1785 1915 1836 1961 ἥδ’
1856 1914 1876 1950 ἕ
1893 1929 1937 1962 ρα
1956 1916 2102 1961 σμικροῦ
2118 1915 2241 1958 λόγου.

1408 1972 1467 2006 σοὶ
1485 1970 1596 2015 φασὶν
1613 1969 1715 2004 αὐτὸν
1733 1969 1767 2005 ἐς
1782 1969 1910 2014 λόγους
1928 1967 2042 2002 ἐλθεῖν
2057 1966 2195 2011 μολόντ’

1409 2019 1513 2054 αἰτεῖν
1530 2019 1690 2055 ἀπελθεῖν
1707 2019 1735 2054 τ’
1756 2020 1927 2066 ἀσφαλῶς
1944 2022 2002 2065 τῆς
2021 2019 2110 2066 δεῦρ’
2128 2021 2222 2056 ὁδοῦ.

1411 2074 1463 2108 τίς
1481 2071 1551 2117 δῆτ’
1571 2072 1611 2107 ἂν
1629 2070 1678 2117 ε’ίη
1696 2071 1786 2118 τήνδ’
1806 2075 1825 2108 ὁ
1842 2073 2047 2120 προσθακῶν
2065 2072 2165 2121 ἕδραν
2179 2086 2189 2114 ;

1415 2127 1478 2172 ὅρα
1496 2124 1565 2160 κατ’
1576 2123 1708 2172 *Αργος
1725 2124 1758 2161 εἴ
1773 2140 1824 2162 τις
1841 2126 1919 2172 ὑμῖν
1937 2126 2075 2174 ἐγγενὴς

1411 2177 1502 2218 ἔσθ’,
1523 2176 1619 2214 ὅστις
1637 2178 1677 2213 ἄν
1695 2193 1762 2214 σου
1779 2181 1880 2214 τοῦτο
1898 2178 2114 2226 προσχρῄζοι
2132 2180 2261 2225 τυχεῖν.

1413 2230 1439 2265 ὦ
1458 2231 1616 2277 φίλτατε,
1638 2231 1723 2277 σχὲς
1741 2231 1845 2280 οὗπερ
1864 2228 1906 2267 εἷ.
1967 2237 2044 2268 ΘΗ.
2074 2232 2108 2268 τί
2125 2231 2155 2268 δ’
2173 2233 2250 2268 ἔστι
2268 2246 2326 2268 σοι
2342 2245 2352 2273 ς

1412 2282 1457 2330 μή
1476 2298 1542 2329 μου
1561 2283 1691 2330 δεηθῇς.
2278 2296 2359 2331 1170

1755 2339 1954 2386 πράγματος
1970 2338 2092 2380 ποίους
2121 2337 2217 2386 λέγε.

1412 2389 1514 2434 ἔξοιδ’
1533 2388 1663 2426 ἀκούων
1680 2390 1777 2426 τῶνδ’
1796 2391 1833 2428 ὅς
1851 2391 1930 2427 ἐσθ’
1949 2393 1968 2427 ὁ
1986 2392 2195 2439 προστάτης.

1414 2443 1468 2477 καὶ
1486 2443 1538 2479 τίς
1556 2443 1635 2479 ποτ’
1655 2444 1762 2484 ἐστὶν,
1783 2444 1821 2480 ὅν
1837 2445 1869 2492 γ’
1891 2445 1957 2493 ἐγὼ
1974 2444 2122 2492 ψέξαιμί
2137 2456 2195 2485 τις

1411 2498 1490 2532 παῖς
1508 2496 1624 2541 οὑμὸς,
1646 2496 1746 2541 ὦναξ,
1768 2499 1926 2545 στυγνὸς,
1946 2497 1987 2533 οὗ
2004 2499 2119 2545 λόγων
2137 2497 2204 2545 ἐγὼ

1412 2548 1551 2595 ἄλγιστ’
1571 2549 1611 2584 ἂν
1629 2550 1760 2597 ἀνδρῶν
1778 2551 2029 2597 ἐξανασχοίμην
2047 2549 2171 2586 κλῦων.

1412 2602 1446 2636 τί
1464 2601 1492 2637 δ’
1507 2614 1516 2642 ;
1546 2602 1607 2637 οὐκ
1625 2601 1758 2638 ἀκούειν
1776 2604 1864 2645 ἔστι,
1885 2605 1938 2639 καὶ
1955 2603 2000 2649 μὴ
2021 2604 2103 2651 δρᾶν
2120 2602 2142 2638 ἃ
2158 2603 2206 2650 μὴ

1410 2654 1546 2701 χρῄζεις
1562 2668 1570 2695 ;
1600 2656 1634 2690 τί
1653 2670 1711 2691 σοι
1729 2656 1819 2691 τοῦτ’
1840 2657 1916 2692 ἐστὶ
1932 2658 2086 2703 λυπηρὸν
2103 2655 2219 2692 κλύειν
2234 2669 2244 2697 ;

1417 2707 1592 2753 ἔχθιστον,
1613 2708 1714 2753 ὦναξ,
1735 2709 1875 2756 φθέγμα
1891 2709 1988 2744 τοῦθ’
2007 2709 2079 2755 ἥκει
2095 2710 2211 2757 πατρί·

1412 2761 1466 2795 καὶ
1483 2759 1528 2806 μή
1547 2761 1579 2806 μ’
1600 2762 1726 2808 ἀνάγκῃ
1745 2763 1951 2809 προσβάλῃς
1968 2760 2040 2798 τάδ’
2059 2761 2212 2798 εἰκαθεῖν.

1421 2813 1501 2848 ἀλλ’
1521 2814 1551 2848 εἰ
1569 2815 1608 2849 τὸ
1628 2814 1745 2859 θάκημ’
1766 2815 1993 2863 ἐξαναγκάζει,
2013 2819 2135 2851 σκόπει

1411 2865 1457 2911 μή
1477 2881 1534 2901 σοι
1552 2866 1681 2914 πρόνοι’
1699 2864 1721 2913 ᾗ
1738 2871 1799 2903 τοῦ
1818 2868 1897 2903 θεοῦ
1916 2868 2104 2914 φυλακτέα.

1418 2920 1537 2966 πάτερ,
1557 2919 1659 2955 πιθοῦ
1677 2935 1746 2965 μοι,
1765 2921 1816 2956 κεῖ
1834 2921 1891 2957 νέα
1908 2921 2113 2969 παραινέσω.

1412 2972 1470 3007 τὸν
1488 2970 1580 3019 ἄνδρ’
1599 2974 1703 3008 ἔασον
1719 2974 1817 3009 τόνδε
1834 2977 1877 3019 τῇ
1895 2973 1930 3008 θ’
1949 2974 2052 3009 αὑτοῦ
2070 2973 2172 3021 φρενὶ

1411 3025 1512 3071 χάριν
1529 3027 1722 3071 παρασχεῖν
1739 3028 1787 3075 τῷ
1805 3026 1871 3075 θεῷ
1889 3026 1924 3061 θ’
1943 3025 1964 3061 ἃ
1981 3024 2158 3069 βοῦλεται’

1413 3078 1467 3112 καὶ
1485 3080 1550 3126 νῷν
1568 3075 1683 3113 ὕπεικε
1700 3080 1760 3114 τὸν
1778 3079 1982 3126 κασίγνητον
1998 3080 2130 3125 μολεῖν.

1412 3130 1452 3165 οὐ
1469 3131 1536 3177 γάρ
1556 3145 1608 3170 σε,
1629 3131 1762 3178 θάρσει,
1782 3133 1867 3179 πρὸς
1884 3132 1967 3175 βίαν
1980 3132 2203 3178 παραστάσει

1412 3184 1557 3229 γνώμης,
1578 3183 1599 3218 ἃ
1616 3182 1661 3228 μή
1683 3199 1740 3219 σοι
1759 3185 1976 3231 ξυμφέροντα
1994 3183 2142 3228 λέξεται.

1413 3237 1529 3281 λόγων
1548 3235 1575 3270 δ’
1596 3236 1740 3272 ἀκοῦσαι
1759 3237 1810 3274 τίς
1827 3238 1945 3282 βλάβη
1961 3250 1971 3278 ;
1999 3237 2042 3271 τά
2059 3251 2112 3272 τοι
2131 3239 2238 3274 κακῶς

1411 3287 1562 3335 ηὗρημέν’
1582 3289 1666 3336 ἔργα
1683 3290 1731 3338 τῷ
1748 3291 1843 3338 λόγῳ
1860 3288 2030 3335 μηνύεται.

1413 3341 1548 3387 ἔφυσας
1566 3341 1680 3377 αὐτόν·
1711 3343 1802 3378 ὥστε
1819 3343 1903 3388 μηδὲ
1921 3342 2051 3389 δρῶντά
2069 3356 2113 3378 σε

1412 3394 1454 3428 τὰ
1471 3397 1538 3428 τῶν
1555 3394 1723 3429 κακίστων
1741 3394 2004 3437 δυσσεβέστατ’,
2025 3393 2051 3427 ὦ
2068 3394 2188 3439 πάτερ,

1414 3446 1508 3492 θέμις
1527 3446 1571 3481 σέ
1585 3446 1617 3493 γ’
1638 3444 1722 3482 εἶναι
1740 3449 1849 3483 κεῖνον
1865 3447 2023 3494 ἀντιδρᾶν
2041 3450 2159 3486 κακῶς.

1414 3498 1492 3534 ἀλλ’
1511 3499 1628 3534 ἔασον.
1658 3500 1727 3535 εἶσὶ
1745 3500 1903 3547 χάτέροις
1914 3500 2012 3547 γοναὶ
2029 3501 2125 3535 κακαὶ

1413 3552 1467 3586 καὶ
1484 3550 1590 3597 θυμὸς
1607 3552 1699 3596 ὀξὺς,
1719 3553 1812 3588 ἀλλὰ
1829 3550 2084 3597 νουθετοῦμενοι

1416 3603 1532 3651 φίλων
1550 3604 1694 3653 ἐπῳδαῖς
1712 3604 1929 3652 ἐξεπᾴδονται
1947 3603 2070 3651 φύσιν.

2262 439 2338 473 1135

2267 705 2344 737 1140

2266 968 2346 1004 1145

2270 1236 2351 1269 1150

2273 1499 2352 1534 1155

2277 1757 2355 1791 1160

2271 2021 2351 2066 1165

2279 2614 2357 2649 11⁷5

2279 2873 2360 2905 1180

2278 3137 2357 3178 1185

2276 3408 2358 3444 1190
