2488 3860
218 237 271 282 48

324 339 420 377 θεοὺς
435 339 631 387 προσειπεῖν
648 335 685 373 εὖ
701 335 1003 384 παρασκευάζομαι.

324 394 422 440 χάρις
437 393 503 440 γὰρ
521 391 581 426 οὐκ
597 389 713 435 ἄτιμος
730 387 903 436 εἴργασται
920 388 1041 423 πόνων.

326 446 352 480 ὦ
370 447 432 480 Ζεῦ
449 445 596 487 βασιλεῦ
614 443 667 478 καὶ
685 441 745 485 νὺξ
762 440 880 488 φιλία’

323 498 479 544 μεγάλων
495 497 631 541 κόσμων
648 495 829 540 κτεάτειρα,

324 548 374 595 ἥτ’
393 549 448 584 ἐπὶ
464 548 584 595 Τροίας
599 545 740 593 πύργοις
757 546 879 588 ἔβαλες

326 601 487 648 στεγανὸν
505 600 647 639 δίκτυον,
668 599 711 634 ὣς
727 596 810 643 μήτε
826 596 931 643 μέγαν

325 653 399 699 μήτ’
419 651 477 687 οὖν
494 654 618 699 νεαρῶν
634 649 693 686 τιν’
713 648 935 696 ὑπερτελέσαι

326 706 412 753 μέγα
429 704 581 740 δουλείας

324 758 509 805 γάγγαμον,
529 755 608 800 ἄτης
624 755 834 790 παναλώτου.

327 810 391 845 Δία
408 823 460 844 τοι
478 808 585 852 ξένιον
601 807 705 853 μέγαν
722 806 874 851 αἰδοῦμαι
953 840 968 855 ⁰

326 863 384 897 τὸν
401 862 480 896 τάδε
496 858 654 907 πράξαντ’
674 858 725 894 ἐπ’
744 857 953 905 Ἀλεξάνδρῳ

326 914 474 961 τείνοντα
489 913 594 948 πάλαι
611 912 722 955 τόξον,
742 909 831 946 ὅπως
849 909 889 944 ἂν

327 965 409 1011 μήτε
425 966 492 1011 πρὸ
510 966 624 1011 καιροῦ
641 962 717 1008 μήθ’
736 962 820 1008 ὑπὲρ
838 961 971 1008 ἄστρων

327 1019 432 1061 βέλος
448 1015 580 1062 ἠλίθιον
598 1014 773 1062 σκήψειεν.

329 1071 408 1107 Διὸς
424 1069 559 1116 πλαγὰν
576 1069 714 1113 ἔχουσιν
732 1066 846 1105 εἰπεῖν,

327 1123 472 1169 πάρεστι
489 1122 588 1155 τοῦτό
605 1120 635 1167 γ’
657 1119 860 1164 ἐξιχνεῦσαι.

329 1174 471 1221 ἔπραξεν
488 1173 531 1209 ῶς
549 1173 693 1219 ἔκρανεν.
722 1170 781 1204 οὐκ
799 1170 867 1215 ἕφα
884 1170 934 1206 τὶς

332 1225 426 1262 θεοὺς
443 1227 576 1272 βροτῶν
593 1222 770 1268 ἀξιοῦσθαι
787 1221 902 1267 μέλειν

330 1278 425 1314 ὅσοις
442 1277 584 1312 ἀθίκτων
600 1277 699 1323 χάρις

331 1329 472 1367 πατοῖθ’·
501 1331 520 1364 ὁ
539 1328 566 1363 δ’
587 1329 646 1362 οὐκ
664 1325 820 1371 εὐσεβής.

330 1383 496 1428 πέφανται
514 1380 542 1416 δ’
566 1381 720 1427 ἐκγόνους

332 1432 528 1479 ἀτολμήτων
538 1431 625 1479 Ἀρη

332 1487 497 1523 πνεόντων
509 1483 655 1531 μεῖζον
638 1500 657 1529 η
677 1483 819 1522 δικαίως,

333 1540 507 1604 φλεόντων
525 1537 683 1582 δωμάτων
699 1535 850 1581 ὑπέρφευ

335 1591 416 1638 ὑπερ
434 1591 472 1625 τὸ
490 1589 686 1632 βέλτιστον,
715 1588 803 1622 ἕστω
822 1586 850 1622 δ’
870 1584 954 1630 ἀπή-

334 1657 467 1689 μαντον,
487 1642 576 1676 ὥστε
594 1641 771 1687 κάπαρκεῖν

337 1694 373 1730 εὖ
389 1694 563 1741 πραπίδων
579 1693 742 1738 λαχόντα.

336 1747 375 1782 οὐ
392 1747 458 1794 γάρ
477 1745 570 1781 ἔστιν
587 1744 726 1788 ἔπαλξις

337 1797 487 1835 πλούτου
503 1798 588 1844 πρὸς
605 1798 703 1844 κόρον
720 1796 814 1843 ἀνδρὶ

336 1851 533 1887 λακτίσαντι
549 1849 653 1896 μέγαν
671 1848 762 1884 δίκας
779 1847 894 1893 βωμὸν
911 1846 958 1883 εἷς
975 1846 1147 1892 ἀφάνειαν.

340 1905 453 1946 βιᾶται
471 1900 500 1937 δ’
518 1905 540 1936 ἁ
556 1903 696 1936 τάλαινα
712 1899 828 1939 πειθὼ,

341 1951 594 1994 προβουλόπαις
611 1950 759 1996 ἄφερτος
776 1950 868 1986 ἄτας.

338 2001 416 2036 ἄκος
434 2001 470 2035 δὲ
501 2002 565 2036 πᾶν
585 2007 734 2048 μάταιον.
767 2001 827 2036 οὐκ
845 1997 1004 2045 ἐκρύφθη,

337 2052 457 2099 πρέπει
475 2052 523 2092 δὲ,
543 2052 619 2098 φῶς
636 2051 851 2095 αἰνολαμπές,
873 2050 977 2086 σίνος·

338 2106 438 2139 κακοῦ
457 2104 493 2139 δὲ
512 2105 642 2149 χαλκοῦ
659 2104 784 2149 τρόπον

337 2157 443 2204 τρίβῳ
461 2170 499 2190 τε
517 2156 570 2190 καὶ
587 2156 801 2201 προσβολαῖς

334 2208 554 2255 μελαμπαγὴς
571 2207 672 2242 πέλει

336 2259 532 2298 δικαιωθεὶς,
552 2259 624 2295 ἐπεὶ

335 2312 445 2347 διώκει
462 2314 540 2347 παῖς
556 2312 700 2346 ποτανὸν
718 2310 818 2357 ὄρνιν,

333 2366 434 2399 πόλει
451 2363 655 2410 πρόστριμμ’
675 2363 823 2409 ἄφερτον
841 2361 958 2397 ε’νθείς.

333 2415 477 2464 λιτᾶνὶῗ
496 2414 606 2450 ἀκούει
623 2416 684 2460 μὲν
702 2416 791 2450 οὔτις
810 2414 904 2449 θεῶν·

333 2469 391 2503 τὸν
408 2467 450 2514 δίν
457 2468 669 2514 ἐπίστροφον
686 2467 788 2502 τῶνδε

333 2519 420 2566 φῶτ’
438 2519 552 2555 ἄδικον
570 2519 729 2565 καθαιρεῖ.

333 2569 403 2608 οἷος
421 2572 474 2606 καὶ
492 2572 598 2618 Πάρις
616 2571 724 2605 ε’λθὼν

334 2624 368 2660 ἐς
386 2624 489 2668 δόμον
507 2624 566 2657 τὸν
581 2622 754 2669 Ἀτρειδᾶν

332 2674 463 2721 ᾔσχυνε
481 2675 592 2719 ξενίαν
610 2674 774 2721 τράπεζαν
792 2674 954 2709 κλοπαῖσι
969 2673 1137 2719 γυναικός.

331 2729 482 2763 λιποῦσα
500 2726 527 2762 δ’
547 2727 705 2762 ἀστοῖσιν
722 2725 934 2770 ἀσπίστορας

334 2781 476 2816 κλόνους
492 2779 680 2825 λογχίμους
698 2792 735 2811 τε
753 2778 805 2811 καὶ
824 2776 989 2817 ναυβάτας
1006 2778 1139 2821 ὁπλισμ

333 2831 466 2875 ἄγουσά
482 2830 511 2865 τ’
531 2831 730 2876 ἀντίφερνον
746 2827 839 2875 Ἰλίῳ
857 2827 1002 2874 φθορὰν,

335 2881 480 2925 βέβακεν
495 2881 606 2928 ῥίμφα
624 2882 680 2916 διὰ
696 2882 816 2919 πυλᾶν,

331 2935 458 2979 ἄτλητα
475 2935 599 2968 τλᾶσα·
629 2932 745 2968 πολλὰ
764 2930 792 2966 δ’
812 2931 948 2965 ἔστενον

331 2985 400 3021 τόδ’
419 2985 608 3021 ἐννέποντες
627 2985 737 3029 δόμων
753 2983 938 3030 προφῆται·

331 3038 370 3072 ἰὼ
389 3038 427 3072 ἶὼ
445 3038 538 3082 δῶμα
556 3037 649 3080 δῶμα
667 3037 720 3070 καὶ
736 3037 871 3081 πρόμοι,

330 3090 369 3124 ἰὼ
386 3090 488 3135 λέχος
507 3089 560 3123 καὶ
579 3088 695 3130 στίβοι
713 3087 908 3133 φιλάνορες.

328 3143 472 3188 πάρεστι
492 3139 621 3186 σιγᾶσ’,
642 3139 768 3183 ἄτιμος,
788 3137 977 3184 ἀλοίδορος,

329 3194 468 3229 ἅδιστος
485 3192 660 3238 ἇφεμένων
678 3190 771 3226 ἰδεῖν.

328 3245 423 3293 πόθῳ
441 3244 470 3280 δ’
489 3243 710 3290 ὑπερποντίας

329 3298 453 3343 φάσμα
471 3296 562 3339 δόξει
579 3296 690 3340 δόμων
706 3294 878 3329 ἀνάσσειν.

328 3349 507 3395 εὐμόρφων
525 3348 561 3382 δὲ
579 3349 761 3381 κολοσσῶν

328 3400 462 3446 ἔχθεται
478 3400 576 3445 χάρις
593 3398 701 3443 ἀνδρί.

329 3452 484 3498 ὀμμάτων
501 3450 529 3486 δ’
550 3451 585 3486 ἐν
603 3451 752 3496 ἀχηνίαις
770 3451 858 3497 ἔρρει
875 3449 957 3486 πᾶσ’
974 3449 1141 3497 Ἀφροδίτ-

325 3504 562 3550 ὀνειρόφαντοι
580 3503 617 3541 δὲ
633 3501 836 3548 πενθήμονες

1036 1895 1169 1933 &musta

1003 3503 1075 3537 ἀντ.
1094 3502 1143 3545 β’.

1133 238 1431 280 ΑΙΣΧΥΛΟΥ

1191 962 1250 1003 365

1112 1078 1189 1111 στρ.
1209 1060 1252 1098 α’.

1198 1231 1257 1264 370

1198 1438 1258 1472 375
1282 1431 1284 1452 ²

1200 1690 1263 1731 380

1203 1899 1262 1941 385

1206 2114 1268 2144 390

1205 2371 1265 2404 395

1202 2632 1265 2662 400

1117 2736 1193 2768 στρ.
1211 2721 1254 2764 β’.

1141 2775 1210 2815 οὺς,

1189 2835 1254 2872 406

1199 3032 1281 3076 4¹0¹

1198 3306 1257 3339 415

1142 3465 1174 3485 α.

1196 3516 1259 3545 420
1280 3494 1282 3506 ¹

1303 3196 1376 3226 KA.

1399 340 1556 386 πάρεισιν
1575 337 1669 375 δοκοὶ
1686 336 1854 384 φέρουσαι
1870 337 1970 385 χάριν
1985 334 2138 382 ματαίαν.

1398 392 1506 438 μάταν
1522 391 1587 438 γὰρ
1606 389 1671 426 εὖτ’
1690 389 1731 424 ἂν
1748 388 1858 425 ἐσθλά
1875 403 1925 426 τις
1942 390 2047 425 δοκῶν
2064 390 2157 436 ὁρᾶν,

1399 442 1649 490 παραλλάξασα
1667 442 1722 477 διὰ
1738 444 1859 488 χερῶν,

1400 495 1545 538 βέβακεν
1563 493 1645 540 ὄψις
1663 493 1703 528 οὗ
1719 492 1927 540 μεθύστερον

1400 548 1535 593 πτεροῖς
1552 546 1690 582 ὀπαδοῖς
1708 543 1813 582 ὕπνου
1831 544 2014 582 κελεύθοις.

1401 599 1443 634 τὰ
1459 599 1519 644 μὲν
1536 597 1604 632 κατ’
1624 595 1734 634 οἵκους
1752 597 1808 643 ἐφ’
1827 597 1941 634 ἑστίας
1958 598 2023 643 ἄχη

1400 650 1470 686 τάδ’
1490 650 1564 684 ἐστὶ
1583 650 1635 684 καὶ
1653 648 1747 684 τῶνδ’
1766 650 2035 696 ὑπερβατώτερα.

1401 704 1439 737 τὸ
1456 704 1522 737 πᾶν
1540 702 1567 737 δ’
1588 701 1647 747 ἀφ’
1666 701 1833 738 Ἑλλάδος
1850 699 1923 738 αἴας
1941 701 2155 749 συνορμένοις

1401 754 1535 791 πένθεια
1553 754 1789 800 τλησικάρδιος

1402 808 1512 851 δόμων
1530 807 1673 841 ἑκάστου
1690 805 1821 852 πρέπει.

1400 859 1516 894 πολλὰ
1532 860 1614 905 γοῦν
1632 858 1780 904 θιγγάνει
1796 858 1881 904 πρὸς
1897 856 1998 904 ἧπαρ·

1402 910 1458 947 οὓς
1475 911 1536 955 μὲν
1552 911 1617 957 γάρ
1635 924 1685 946 τις
1702 910 1856 958 ἔπεμψεν

1402 960 1501 997 οἶδεν·
1532 962 1604 997 ἀντὶ
1622 962 1658 996 δέ
1677 962 1801 1008 φωτῶν

1402 1013 1503 1060 τεύχη
1522 1015 1574 1049 καὶ
1593 1015 1721 1050 σποδὸς
1739 1014 1786 1050 εἷς
1803 1014 1946 1049 ἑκάστου
1964 1014 2086 1059 δόμους
2102 1014 2301 1060 ἀφικνεῖται.

2267 501 2328 537 4²⁵

2266 765 2330 797 430

1402 1069 1420 1101 ὁ
1437 1067 1671 1112 χρυσαμοιβὸς
1690 1065 1718 1100 δ’
1730 1065 1837 1113 ’Άρης
1855 1067 2020 1111 σωμάτων
2088 1070 2172 1113 στρ.
2191 1065 2236 1114 γ’.
2265 1069 2330 1110 436

1403 1119 1455 1153 καὶ
1473 1120 1699 1163 ταλαντοῦχος
1717 1119 1753 1153 ἐν
1768 1120 1859 1164 μάχῃ
1878 1119 1976 1165 δορὸς

1401 1170 1553 1217 πυρωθέν
1572 1171 1609 1214 ἐξ
1625 1170 1729 1205 Ἰλίου
2266 1185 2330 1216 440

1403 1222 1541 1268 φίλοισι
1558 1223 1680 1267 πέμπει
1697 1222 1786 1269 βαρὺ

1402 1275 1525 1321 ψῆγμα
1543 1275 1771 1321 δυσδάκρυτον
1788 1275 1843 1309 ἀν-

1401 1325 1538 1373 τήνορος
1556 1328 1686 1362 σποδοῦ
1703 1326 1797 1373 γεμί-

1403 1379 1466 1422 ζων
1482 1378 1628 1422 λέβητας
1646 1378 1793 1413 εὐθέτου.

1404 1430 1561 1464 στένουσι
1581 1430 1609 1465 δ’
1629 1430 1666 1465 εὖ
1682 1431 1840 1478 λέγοντες
1857 1431 1959 1478 ἄνδρα
1976 1433 2034 1467 τὸν
2050 1432 2112 1478 μὲν
2129 1434 2174 1469 ὡς

1400 1483 1509 1527 μάχης
1525 1480 1622 1529 ἴδρις·
1651 1484 1710 1517 τὸν
1728 1483 1756 1518 δ’
1776 1484 1811 1518 ἐν
1828 1485 1948 1530 φοναῖς
1965 1486 2075 1521 καλῶς
2090 1484 2226 1520 πεσόντ’

1401 1534 1583 1581 ἀλλοτρίας
1601 1535 1668 1570 διαὶ
1685 1537 1850 1582 γυναικός.
1879 1536 1958 1571 τάδε
1977 1537 2059 1583 σῖγά
2076 1551 2126 1574 τις
2142 1535 2229 1580 βαυ-

1403 1587 1462 1629 ζει.
1491 1586 1730 1634 φθονερὸνδΗ
1715 1586 1770 1623 υπ’
1787 1587 1926 1635 ἄλγος”
1907 1602 1999 1635 ερπει
2012 1590 2184 1636 προδίκοις
2199 1589 2328 1637 Ἀτρεί·-

1402 1639 1433 1672 οἶ
1452 1638 1480 1673 δ’
1500 1639 1600 1673 αὐτοῦ
1618 1640 1694 1686 περὶ
1712 1642 1823 1686 τεῖχος
2135 1630 2239 1691 [Bate.
2266 1656 2331 1688 450

1402 1688 1502 1735 θήκας
1518 1690 1662 1727 Ἰλιάδος
1678 1693 1740 1738 γᾶς

1405 1743 1571 1789 ευμορφοι
1595 1743 1806 1789 κατέχουσιν
1836 1744 1942 1791 ἐχθρὰ
1963 1745 2031 1780 δ”
2010 1760 2149 1791 εχοντας
2168 1747 2327 1794 εκρυψεν.

2267 1446 2327 1479 445

1402 1796 1522 1841 βαρεῖα
1539 1793 1606 1829 δ”
1586 1799 1700 1830 αστῶν
1703 1797 1825 1860 φάτις
1836 1797 1897 1839 ξὺν
1914 1799 2013 1831 κότω·
2101 1798 2172 1834 ἀντ.
2191 1799 2237 1846 γ’.
2265 1804 2330 1845 456

1402 1846 1627 1893 δημοκράντου
1645 1847 1674 1882 δ’
1692 1848 1774 1894 ἀρᾶς
1791 1848 1872 1883 τίνει
1888 1849 2002 1895 χρέος.

1399 1898 1490 1943 μένει
1508 1898 1535 1933 δ’
1555 1899 1697 1934 ἀκοῦσαί
1714 1900 1747 1933 τί
1763 1914 1828 1944 μου

1398 1947 1539 1993 μέριμνα
1557 1948 1772 1995 νυκτηρεφές.
2269 1953 2333 1994 460

1400 2003 1466 2033 τῶν
1482 2001 1698 2035 πολυκτόνων
1714 2000 1780 2047 γὰρ
1799 2000 1858 2035 οὐκ

1399 2050 1544 2085 ἄσκοποι
1563 2051 1646 2087 θεοί.
1676 2054 1787 2086 κελαι-

1400 2102 1452 2137 ναὶ
1470 2102 1499 2138 δ’
1516 2102 1666 2150 Ἐρινύες
1678 2106 1790 2152 χρόνῳ

1400 2156 1546 2202 τυχηρὸν
1563 2155 1629 2190 ὅντ’
1648 2155 1724 2190 ἄνευ
1743 2156 1846 2197 δίκας,
1865 2158 2064 2203 παλιντυχει

1400 2209 1501 2253 τριβᾷ
1517 2207 1597 2250 βίου
1615 2207 1732 2242 τιθεῖσ’
1754 2208 1912 2255 ἀμαυρὸν,
1933 2210 1968 2244 ἐν
1985 2209 2014 2244 δ’
2033 2206 2086 2244 ‹it-
2272 2214 2334 2256 465

1402 2273 1496 2294 στοις
1507 2259 1703 2295 τελέθοντος
1714 2262 1804 2296 οὔτις
1815 2260 1913 2295 ἀλκά·
1931 2262 1969 2295 τὸ
1982 2261 2010 2296 δ’
2022 2263 2213 2307 ὑπερκόπως
2227 2262 2338 2299 κλύειν

1401 2309 1438 2344 εὖ
1448 2310 1548 2357 βαρύ·
1574 2313 1741 2353 βάλλεται
1753 2313 1819 2359 γὰρ
1830 2312 1953 2349 ὄσσοις
1964 2313 2075 2349 διόθεν
2086 2317 2253 2361 κεραυνός.
2273 2326 2337 2360 470

1402 2362 1500 2408 κρίνω
1519 2361 1548 2397 δ’
1567 2363 1718 2409 ἄφθονον
1734 2364 1854 2407 ὄλβον.

1401 2413 1474 2458 μήτ’
1495 2412 1565 2458 εἵην
1588 2416 1816 2459 πτολιπόρθης

1401 2464 1475 2510 μήτ’
1494 2465 1552 2501 οὖν
1569 2469 1668 2504 αὐτὸς
1685 2469 1788 2504 ἁλοὺς
1805 2467 1860 2504 ὑπ’
1879 2468 1996 2505 ἄλλων
2012 2470 2092 2513 βίον
2109 2471 2286 2517 κατίδοιμι.

1405 2519 1510 2564 πυρὸς
1528 2518 1556 2553 δ’
1577 2517 1632 2554 ὑπ’
1650 2520 1840 2567 εὐαγγέλου
2142 2523 2245 2572 ε’πῳδ.
2273 2536 2336 2570 475

1405 2571 1506 2604 πόλιν
1523 2569 1626 2614 διήκει
1645 2571 1708 2606 θοὰ

1404 2622 1515 2665 βάξις·
1546 2622 1575 2657 εἶ
1593 2623 1622 2657 δ’
1640 2622 1818 2668 ἐτητύμως,

1404 2673 1455 2709 τίς
1473 2671 1573 2714 οἶδεν,
1593 2676 1616 2719 ἤ
1631 2690 1683 2710 τοι
1701 2675 1790 2710 θεῖόν
1808 2677 1883 2712 ε’στι
1900 2677 1945 2723 μὴ
1964 2678 2089 2725 ψύθος.

1405 2725 1456 2761 τίς
1474 2726 1537 2760 ὧδε
1554 2728 1691 2763 παιδνὸς
1707 2727 1727 2772 ἦ
1746 2729 1879 2775 φρενῶν
1897 2731 2106 2776 κεκομμένος,

1405 2778 1540 2824 φλογὸς
1558 2780 1842 2826 παραγγέλμασιν

1405 2829 1490 2865 νέοις
1507 2831 1701 2876 πυρωθέντα
1720 2832 1866 2879 καρδίαν,
1887 2826 1990 2869 ἔπειτ’Ι

1405 2881 1538 2928 ἀλλαγᾷ
1558 2884 1664 2929 λόγου
1683 2887 1816 2928 καμεῖν;

1403 2935 1559 2979 γυναικὸς
1578 2935 1682 2980 αἷχμᾷ
1699 2936 1831 2983 πρέπει,

1403 2985 1470 3030 πρὸ
1487 2988 1547 3020 τοῦ
1565 2986 1726 3031 φανέντος
1742 2989 1843 3035 χάριν
1860 2990 2061 3033 ξυναινέσαι.

1405 3035 1582 3074 πιθανὸς”
1560 3053 1644 3085 αγαν
1661 3041 1680 3073 ὁ
1699 3039 1841 3084 θῆλυς“
1821 3056 1899 3088 ορος
1917 3042 2102 3087 ἐπινέμεται

1406 3087 1611 3133 ταχύπορος.
1640 3090 1732 3125 ἀλλὰ
1749 3091 1940 3138 ταχύμορον

1403 3139 1682 3184 γυναικογήρυτον
1700 3141 1840 3178 ὄλλυται
1859 3143 1966 3180 κλέος.

1406 3190 1481 3236 τάχ’
1501 3191 1687 3237 εἷσόμεσθα
1704 3195 1890 3239 λαμπάδων
1906 3197 2119 3245 φαεσφόρων

1405 3243 1626 3290 φρυκτωριῶν
1644 3259 1680 3279 τε
1699 3247 1751 3280 καὶ
1769 3249 1876 3294 πυρὸς
1892 3250 2126 3296 παραλλαγὰς,

1406 3292 1465 3328 ειτ’
1483 3293 1542 3330 ουν
1559 3296 1744 3339 turpasse*
1713 3298 1770 3332 ειτ’
1791 3299 1969 3347 ὀνειράτων
1987 3301 2080 3346 δίκην

1405 3347 1547 3392 τερπνὸν
1563 3346 1633 3382 τόδ’
1651 3349 1759 3384 ἐλθὸν
1776 3353 1853 3396 φῶς
1870 3351 2053 3398 ἐφήλωσεν
2070 3354 2210 3401 φρένας.

1405 3397 1515 3444 κήρυκ’
1534 3398 1590 3434 ἀπ’
1610 3400 1709 3445 ἀκτῆς
1727 3402 1814 3437 τόνδ’
1833 3405 1901 3450 ὁρῶ
1918 3405 2099 3440 κατάσκιον

1405 3451 1540 3486 κλάδοις
1558 3451 1685 3488 ε’λαίας·
1714 3457 1875 3501 μαρτυρεῖ
1891 3456 1930 3490 δέ
1943 3470 2002 3501 μοι
2019 3458 2117 3494 κάσις

1404 3503 1515 3546 πηλοῦ
1533 3501 1693 3553 ξύνουρος
1711 3506 1812 3552 διψία
1830 3509 1918 3544 κόνις
1934 3509 2025 3550 τάδε,
2064 3551 2068 3556 .

2275 2789 2340 2828 480

2276 3049 2340 3090 485

2279 3265 2343 3297 490

2275 3521 2340 3558 ⁴9⁵
