2488 3860
1035 262 1378 303 ΗΡΑΚΛΕΙΔΑ
1391 263 1422 300 Ι.

271 367 358 403 είσὶν
375 365 442 413 γὰρ
458 364 492 401 οἳ
509 368 586 406 σοῦ,
605 366 666 401 κᾶν
684 367 750 413 ἐγὼ
769 367 902 414 θυραῖος
919 367 956 409 ὦ,

267 419 428 466 μέριμναν
444 417 568 462 ἕξουσ’.
604 418 686 453 ἀλλ’
704 418 750 454 ἴθ’
770 421 804 456 ἐς
821 420 952 464 δόμους,
969 419 1080 467 γέρον.

170 479 223 509 10.
263 472 323 507 οὒκ
340 471 381 506 ἂν
396 472 529 515 λίποιμι
545 472 670 516 βωμόν.
708 471 882 517 ἑζώμεσθα
901 473 940 516 δὴ

270 523 372 559 ἱκέται
387 522 540 568 μένοντες
557 522 665 558 ἐνθάδ’
685 522 722 558 εὖ
739 523 863 570 πρᾶξαι
880 525 991 559 πόλιν·

270 573 350 611 ὅταν
366 574 396 610 δ’
414 574 541 621 ἀγῶνος
557 575 646 610 τοῦδ’
665 575 888 621 άπαλλαχθῇς
905 577 1024 619 καλῶς,

267 626 342 673 ἴμεν
357 627 443 674 πρὸς
459 625 579 663 οἴκους·
606 627 716 662 θεοῖσι
734 628 762 663 δ’
782 628 821 662 οὔ
839 628 971 664 κακίοσι

268 678 453 726 χρώμεσθα
471 679 702 725 συμμάχοισιν
718 680 889 727 Ἀργείων,
909 680 1002 724 ἅναξ·

268 735 335 767 τῶν
351 735 412 777 μὲν
427 732 493 778 γὰρ
506 731 600 778 Ἥρα
615 735 811 778 προστατεῖ,
832 733 911 768 Διὸς
928 734 1047 779 δάμαρ,

269 783 362 829 ἡμῶν
378 783 408 819 δ’
426 784 563 819 Ἀθάνα.
601 785 690 829 φημὶ
707 784 737 819 δ’
758 785 805 820 εἷς
822 784 1001 831 εὐπραξίαν

271 838 325 871 καὶ
340 834 433 871 τοῦθ’
452 836 625 882 ὑπάρχειν,
645 835 730 871 θεῶν
747 837 924 881 ἀμεινόνων
940 838 1061 882 τυχεῖν·

270 890 427 933 νικωμένη
444 889 511 935 γὰρ
529 889 672 924 Παλλὰς
689 889 748 923 οὐκ
765 888 926 932 ἀνέξεται.

168 946 237 977 ΧΟ.
271 941 301 975 εἶ
319 942 364 976 σὺ
381 941 454 987 μέγ’
475 941 597 986 αὐχεῖς,
618 940 725 987 ἕτεροι

272 996 338 1029 σοῦ
354 994 460 1029 πλέον
477 994 517 1028 οὗ
534 993 708 1037 μέλονται,

274 1045 300 1080 ὦ
317 1043 412 1090 ξεῖν’,
431 1044 596 1091 Ἀργόθεν
614 1044 731 1080 ἐλθών·

271 1098 573 1144 μεγαληγορίαισιν
590 1097 628 1131 δέ
644 1097 676 1143 γ’
696 1098 776 1143 ἐμὰς

272 1150 398 1196 φρένας
414 1151 454 1184 οὐ
471 1149 651 1195 φοβήσεις.

271 1202 369 1247 μήπω
386 1205 458 1238 ταῖς
470 1203 672 1248 μεγάλαισιν
689 1200 774 1237 οὕτω

273 1255 327 1289 καὶ
344 1256 560 1301 καλλιχόροις
578 1254 734 1290 Ἀθάναις

272 1306 331 1351 εἴη.
369 1307 415 1342 σὺ
433 1305 463 1341 δ’
483 1307 602 1353 ἄφρων
620 1306 640 1341 ὅ
656 1305 685 1340 τ’
698 1305 819 1353 Ἀργει

273 1359 442 1394 Σθενέλου
459 1358 626 1405 τύραννος·

273 1410 311 1448 ὓς
326 1412 428 1446 πόλιν
442 1411 555 1449 ,ἐλθὼν
573 1412 689 1457 ἑτέραν

273 1464 369 1499 οὔδὲν
387 1463 549 1498 ἐλάσσον”
561 1462 723 1510 Ἀργους,

273 1516 358 1551 θεῶν
378 1517 510 1562 ἶκτῆρας
528 1516 654 1552 ἀλάτας

273 1569 326 1603 καὶ
345 1569 424 1613 ἐμᾶς
440 1568 563 1613 χθονὸς
580 1567 838 1614 ἀντισχομένους

273 1620 367 1664 ξένος
384 1620 430 1654 ὢν
446 1620 566 1662 βιαίως

275 1673 401 1714 ἕλκεις,
420 1673 459 1707 οὐ
477 1674 682 1714 βασιλεῦσιν
700 1671 802 1716 εἴξας,

274 1726 334 1760 οὐκ
351 1726 440 1759 ἄλλο
458 1725 584 1759 δίκαιον
601 1725 713 1761 εἷπών.

272 1781 339 1813 ποῦ
356 1779 461 1812 ταῦτα
479 1779 588 1812 καλῶς
606 1777 646 1811 ἂν
664 1776 713 1820 εἴη

273 1831 364 1876 παρά
380 1829 413 1876 γ’
432 1828 469 1863 εὗ
487 1830 697 1875 φρονοῦσιν,-

275 1881 387 1931 εῖρήνα
405 1882 466 1929 μὲν
482 1881 587 1930 ἔμοιγ’
607 1882 753 1930 ἀρέσκει·

219 1963 229 1966 -
277 1939 334 1972 σοὶ
352 1934 398 1977 δ’,
419 1936 445 1970 ὦ
464 1937 642 1982 κακόφρων
659 1935 752 1979 ἅναξ,

275 1989 378 2035 λέγω,
398 1988 447 2023 κεῖ
464 1990 566 2024 πόλιν
582 1988 683 2033 ἥξεις,

277 2041 340 2087 οὐχ
358 2039 462 2076 οὕτως
479 2040 501 2075 ἃ
518 2041 622 2076 δοκεῖς
642 2039 806 2086 κυρήσεις.

277 2094 317 2128 οὗ
335 2094 392 2128 σοὶ
408 2095 499 2140 μόνῳ
516 2094 627 2139 ἔγχος,
646 2093 716 2127 οὐδ’

277 2145 348 2180 ἷτέα
365 2146 573 2190 κατάχαλκός
591 2145 695 2180 ἐστιν.

277 2195 371 2237 ἀλλ’,
391 2197 417 2231 ὦ
433 2197 592 2242 πολέμων
610 2198 747 2243 ἐραστὰ,

275 2248 322 2294 μή
338 2264 396 2294 μοι
413 2249 487 2295 δορὶ
505 2249 713 2295 συνταράξῃς

278 2302 339 2336 τὰν
355 2300 393 2336 εὖ
409 2302 556 2348 χαρίτων
573 2302 721 2346 ἔχουσαν

276 2355 387 2394 πόλιν,
407 2353 485 2387 ἀλλ’
503 2353 665 2398 ἀνάσχου.

176 2410 233 2440 10.
275 2405 301 2439 ὦ
318 2408 389 2447 παῖ,
407 2405 442 2440 τί
458 2420 515 2450 μοι
533 2405 691 2440 σύννοιαν
708 2404 855 2450 ὄμμασιν
873 2403 987 2450 φέρων

278 2457 367 2502 ἥκεις
380 2473 391 2498 ς
418 2457 494 2492 νέον
509 2472 542 2492 τι
559 2458 729 2502 πολεμίων
745 2457 856 2503 λέγεις
872 2456 970 2502 πέρι,-

279 2511 470 2555 μέλλουσιν
486 2509 506 2554 ἢ
524 2510 682 2555 πάρεισιν
699 2509 719 2554 ἢ
737 2506 773 2543 τί
786 2508 966 2547 πυνθάνει,·

280 2562 319 2596 οὗ
335 2563 408 2608 γάρ·
418 2576 451 2596 τι
467 2562 512 2607 μὴ
530 2560 647 2607 ψεύσῃ
665 2576 706 2607 γε
724 2560 863 2607 κήρυκος
879 2562 993 2605 λόγος·

280 2615 300 2648 ὁ
316 2615 382 2660 γὰρ
400 2615 588 2660 στρατηγὸς
605 2613 745 2658 εὐτυχὴς
761 2613 803 2647 τὰ
819 2611 971 2658 πρόσθεν
989 2611 1034 2645 ὢν

281 2663 379 2706 εἶσιν,
399 2662 487 2711 σάφ’
504 2662 587 2706 οἶδα,
607 2666 660 2699 καὶ
678 2663 759 2710 μάλ’
779 2664 818 2698 οὗ
837 2665 978 2709 σμικρὸν
995 2664 1131 2710 φρονῶν

281 2719 316 2754 ἐς
331 2719 391 2754 τὰς
406 2716 557 2762 Ἀθήνας.
594 2718 685 2751 ἀλλὰ
702 2720 768 2751 τῶν
785 2716 1007 2762 φρονημάτων

281 2773 299 2805 ὁ
318 2771 398 2806 Ζεὺς
415 2770 583 2813 κολαστὴς
599 2772 666 2804 τῶν
683 2769 767 2814 ἅγαν
784 2768 1013 2814 ὕπερφρόνων.

180 2827 253 2857 ΔΗ.
281 2821 352 2866 ἥκει
371 2820 550 2868 στράτευμ’
569 2821 723 2867 Ἀργεῖον
741 2818 935 2865 Εὐρυσθεύς
951 2818 982 2854 τ’
1002 2818 1095 2863 ἅναξ·

282 2874 348 2921 ἐγώ
367 2887 416 2909 νιν
433 2873 532 2909 αὐτὸς
550 2871 646 2908 εἶδον.
683 2872 787 2918 ἄνδρα
803 2872 869 2918 γὰρ
885 2872 1006 2918 χρεὼν,

282 2926 378 2962 ὅστις
395 2927 594 2971 στρατηγεῖν
611 2922 698 2970 φησ’
717 2922 920 2959 ἐπίστασθαι
937 2925 1057 2964 καλῶς,

282 2979 342 3013 οὒκ
359 2977 540 3024 ἀγγέλοισι
556 2977 635 3012 τοὺς
652 2976 817 3011 ἐναντίους
834 2976 924 3021 ὁρᾶν.

281 3030 380 3065 πεδία
396 3029 459 3074 μὲν
476 3028 535 3063 οὖν
550 3030 613 3075 γῆς
630 3028 664 3063 ἐς
681 3027 751 3062 τάδ’
770 3028 829 3061 οὐκ
847 3027 954 3072 ἐφῆκέ
967 3042 1020 3062 πω

283 3080 441 3127 στρατὸν,
457 3081 600 3116 λεπαίαν
618 3078 647 3114 δ’
667 3077 799 3125 όφρῦην
816 3079 996 3124 καθήμενος

283 3135 413 3175 σκοπεῖ,
433 3133 570 3176 δόκησιν
588 3132 628 3176 δὴ
646 3130 718 3165 τόδ’
737 3130 778 3165 ἂν
794 3130 928 3176 λέγοιμί
945 3145 1012 3171 σοι,

281 3185 362 3230 ποίᾳ
377 3183 544 3231 προσάξει
563 3183 791 3229 στρατόπεδόν
807 3180 837 3216 τ’
857 3182 933 3217 ἄνευ
951 3183 1060 3229 δορὸς,

282 3237 318 3271 ἐν
324 3238 499 3302 ἀσφαλεῖ
504 3250 542 3270 τε
558 3235 653 3279 τῆσδ’
675 3234 846 3280 ἱδρύσεται
861 3233 995 3279 χθονός.

284 3289 337 3323 καὶ
353 3288 442 3333 τάμὰ
457 3287 570 3351 μέντοι
587 3284 684 3322 πάντ’
703 3283 799 3332 αραρ’
819 3286 881 3330 ἤδη
899 3289 1017 3322 καλῶς·

281 3341 382 3376 πόλις
397 3337 429 3374 τ’
450 3340 486 3373 ἐν
503 3339 622 3374 ὅπλοις
639 3338 774 3384 σφάγιά
791 3336 857 3371 θ’
841 3337 1064 3382 ητοιμασμένα

282 3391 423 3436 ἕστηκεν
439 3388 490 3427 οἷς
505 3391 571 3436 χρὴ
589 3404 693 3424 ταυτα
710 3388 889 3433 τέμνεσθαι
902 3389 996 3432 θεῶν,

283 3442 499 3487 θυηπολεῖται
516 3441 546 3477 δ’
562 3442 649 3476 ἄστυ
666 3442 814 3485 μάντεων
830 3438 907 3480 ὕπο,

282 3496 424 3541 τροπαῖά
440 3494 471 3529 τ’
491 3494 621 3540 ἐχθρῶν
639 3493 692 3527 καὶ
708 3494 808 3527 πόλει
826 3491 983 3538 σωτήρια.

282 3549 446 3593 χρησμῶν
463 3544 492 3581 δ’
511 3545 643 3580 ἀοιδοὺς
659 3545 785 3580 πάντας
803 3544 849 3578 εἷς
867 3542 903 3578 ἔν
918 3543 1042 3580 ἁλίσας

1136 537 1196 568 345

1139 795 1202 826 350

1145 1839 1208 1872 370

1148 2356 1212 2394 380

1149 2617 1210 2656 385

1150 2885 1214 2916 390

1151 3143 1212 3175 395

1152 3402 1214 3431 400

1251 1467 1323 1497 XO.

1252 1573 1310 1603 10.

1259 3342 1330 3370 XO.

1260 3497 1332 3526 ΔΗ.

2191 256 2214 295 10

2221 254 2243 294 20

2250 252 2272 292 <2

1344 367 1474 413 ἤλεγξα
1491 367 1544 401 καὶ
1561 366 1696 410 βέβηλα
1714 367 1767 400 καὶ
1785 364 1987 414 κεκρυμμένα

1345 421 1447 466 λόγια
1463 419 1600 459 παλαιὰ,
1620 419 1699 462 τῇδε
1715 421 1758 463 γῇ
1779 417 1939 463 σωτήρια.

1346 472 1401 506 καὶ
1417 474 1482 506 τῶν
1498 472 1559 515 μὲν
1575 470 1691 504 ἄλλων
1709 469 1842 515 διάφορ’
1863 470 1936 504 ἐστὶ
1954 469 2137 515 θεσφάτων

1345 522 1459 566 πόλλ’·
1487 522 1522 557 ἓν
1538 523 1574 557 δὲ
1591 522 1723 557 πάντων
1734 525 1850 568 γνῶμα
1866 522 1985 556 ταυτὸν
2004 522 2172 568 ἐμπρέπει·

1346 574 1484 620 σφάξαι
1500 573 1698 609 κελεύουσίν
1714 588 1755 618 με
1772 573 1936 618 παρθένον
1953 575 2032 619 κόρῃ

1348 626 1532 673 Δήμητρος,
1552 626 1624 671 ἥτις
1642 626 1716 661 ἐστὶ
1733 625 1859 671 πατρὸς
1876 626 2039 670 εὐγενοῦς.

1348 680 1414 724 ἐγὼ
1433 676 1464 714 δ’
1484 679 1552 724 ἔχω
1570 679 1641 722 μὲν,
1661 679 1705 713 ὣς
1722 679 1813 723 ὁρᾷς,
1832 676 2019 723 προθυμίαν

1346 730 1480 775 τοσήνδ’
1500 732 1533 766 ἐς
1550 730 1645 775 ὑμᾶς·
1671 730 1774 765 παῖδα
1792 729 1820 763 δ’
1840 729 1908 764 οὔτ’
1929 729 2009 773 ε’μὴν
2027 731 2127 763 κτενῶ

1349 782 1419 817 οὔτ’
1439 784 1548 817 ἄλλον
1564 783 1678 817 ἀστῶν
1694 785 1761 816 τῶν
1779 782 1865 826 ἐμῶν
1878 781 2057 827 ἀναγκάσω

1348 833 1472 869 ἄκονθ’·
1501 836 1584 870 ἑκὼν
1601 836 1637 869 δὲ
1654 833 1706 869 τίς
1723 837 1828 869 κακῶς
1846 830 1931 867 οὕτω
1945 834 2074 879 φρονεῖ,

1349 887 1444 923 ὅστις
1461 888 1503 921 τὰ
1520 887 1657 932 φίλτατ’
1677 887 1713 921 ἐκ
1730 889 1839 932 χερῶν
1856 885 1959 920 δώσει
1975 884 2093 924 τέκνα,·

1351 940 1404 974 καὶ
1422 942 1480 975 νῦν
1495 940 1615 985 πικρὰς
1633 939 1673 973 ἂν
1691 938 1878 974 συστάσεις
1895 938 1936 972 ἂν
1953 937 2102 977 εἰσίδοις,

1350 996 1417 1026 τῶν
1432 992 1494 1036 μὲν
1509 993 1678 1037 λεγόντων
1696 991 1740 1027 ὣς
1758 991 1884 1026 δίκαιον
1901 988 1940 1033 ἦν
1958 990 2065 1033 ξένοις

1352 1043 1472 1079 ἱκέταις
1489 1042 1635 1089 ἀρήγειν,
1655 1048 1721 1078 τῶν
1738 1043 1774 1077 δὲ
1792 1043 1919 1089 μωρίαν
1936 1042 2017 1087 ε’μὴν

1353 1093 1631 1143 κατηγορούντων·
1660 1096 1689 1130 εἶ
1708 1095 1743 1130 δὲ
1762 1095 1802 1139 δὴ
1821 1095 1936 1140 δράσω
1953 1095 2040 1135 τόδε,

1353 1148 1473 1184 οἷκεῖος
1490 1148 1551 1192 ἤδη
1569 1149 1717 1193 πόλεμος
1734 1146 1938 1193 ἐξαρτύεται.

1353 1200 1443 1235 ταῦτ’
1462 1199 1521 1234 οὖν
1537 1199 1599 1247 ὅρα
1617 1201 1662 1235 σὺ
1680 1200 1734 1234 καὶ
1752 1196 1986 1245 συνεξεύρισχ’
2007 1196 2095 1235 ὅπως

1353 1252 1448 1287 αὐτοί
1464 1267 1502 1287 τε
1520 1252 1724 1296 σωθήσεσθε
1742 1252 1796 1286 καὶ
1812 1251 1914 1286 πέδον
1930 1252 2018 1290 τόδε,

1354 1304 1444 1351 κάγὼ
1461 1304 1615 1341 πολίταις
1631 1305 1676 1349 μὴ
1695 1303 1979 1348 διαβληθήσομαι.

1353 1358 1392 1391 οὐ
1409 1358 1475 1404 γὰρ
1492 1356 1697 1403 τυραννίδ”’
1675 1370 1765 1391 ωστε
1782 1356 1994 1418 βαρβάρων
1983 1356 2061 1400 ε’χω·

1353 1407 1433 1444 ἀλλ’
1452 1409 1492 1453 ἣν
1510 1409 1618 1444 δίκαια
1635 1409 1713 1455 δρῶ,
1734 1408 1843 1443 δίκαια
1859 1409 2030 1452 πείσομαι.

1352 1461 1429 1495 ἀλλ’
1448 1459 1469 1505 ἦ
1486 1461 1658 1508 πρόθυμον
1675 1460 1780 1496 ουσαν
1797 1475 1856 1495 ουκ
1874 1460 1911 1505 ἐᾷ
1931 1459 2006 1496 θεὸς

1353 1513 1460 1557 ξένοις
1477 1513 1614 1560 ἀρήγειν
1631 1512 1727 1558 τήνδε
1744 1512 1936 1559 χρῄζουσαν
1952 1514 2075 1552 πόλιν,-

1347 1566 1374 1600 ὦ
1390 1566 1487 1609 τέκν’,
1506 1568 1639 1612 ἔοιγμεν
1657 1566 1874 1608 ναυτίλοισιν,
1894 1563 2012 1601 οἵτινες

1353 1621 1516 1664 χειμῶνος
1534 1619 1736 1664 ἐκφυγόντες
1753 1618 1870 1663 ἄγριον
1887 1618 1984 1662 μένος

1356 1672 1390 1707 ἐς
1405 1672 1503 1718 χεῖρα
1519 1674 1564 1717 γῇ
1581 1671 1749 1716 συνῆψαν,
1769 1666 1839 1704 εἶτα
1856 1669 2022 1716 χερσόθεν

1354 1725 1510 1758 πνοαῖσιν
1526 1721 1702 1767 ἠλάθησαν
1720 1722 1753 1758 ἐς
1769 1723 1891 1757 πόντον
1907 1723 2018 1757 πάλιν.

1356 1773 1442 1810 οὕτω
1460 1775 1497 1810 δὲ
1514 1773 1631 1820 χήμεῖς
1647 1774 1745 1818 τῆσδ’
1765 1773 2011 1819 ἀπωθούμεσθα
2027 1774 2099 1820 γῆς,

1355 1828 1418 1873 ἤδη
1435 1829 1519 1874 πρὸς
1536 1827 1650 1863 ἀκταῖς
1667 1826 1770 1865 ὄντες,
1789 1827 1833 1862 ὡς
1851 1827 2072 1871 σεσωσμένοι.

1354 1878 1454 1925 οἴμοι·
1481 1880 1516 1914 τί
1533 1879 1602 1925 δῆτ’
1623 1879 1768 1926 ἔτερψας
1787 1879 1812 1914 ὦ
1830 1880 1968 1914 τάλαινά
1985 1894 2026 1924 με

1358 1932 1454 1969 ε’λπὶς
1471 1931 1551 1973 τότ’,
1571 1933 1610 1966 οὔ
1627 1934 1804 1977 μέλλουσα
1821 1932 1985 1966 διατελεῖν
2000 1932 2119 1977 χάριν;

1357 1986 1562 2032 συγγνωστὰ
1578 1986 1696 2031 γάρτοι
1715 1985 1768 2019 καὶ
1785 1985 1827 2018 τὰ
1843 1982 1944 2027 τοῦδ’,
1964 1983 1993 2018 εἶ
2010 1983 2054 2028 μὴ
2074 1983 2165 2017 θέλει

1359 2038 1496 2073 κτείνειν
1512 2038 1660 2073 πολιτῶν
1676 2037 1805 2072 παῖδας.
1842 2035 1976 2071 αἰνέσας
1994 2034 2025 2070 δ’
2038 2037 2104 2080 ἔχω

1359 2091 1412 2125 καὶ
1428 2090 1572 2125 τάνθάδ’·
1600 2090 1629 2123 εἶ
1648 2089 1756 2124 θεοῖσι
1773 2089 1813 2132 δὴ
1832 2089 1922 2123 δοκεῖ
1938 2088 2017 2122 τάδε

1357 2143 1528 2189 πράσσειν
1545 2140 1610 2187 ἔμ’,
1629 2143 1719 2176 οὗτοι
1738 2143 1796 2176 σοι’
1813 2140 1846 2187 γ’
1866 2141 2053 2175 ἀπόλλυται
2071 2141 2177 2186 χάρις.

1358 2193 1384 2229 ὦ
1401 2195 1526 2235 παῖδες,
1546 2195 1623 2239 ὑμῖν
1640 2191 1671 2228 δ’
1692 2194 1751 2228 οὐκ
1769 2194 1836 2238 ἔχω
1853 2192 1886 2226 τί
1902 2191 2086 2238 χρήσομαι.

1358 2249 1418 2282 ποῖ
1434 2245 1656 2294 τρεψόμεσθα
1669 2261 1681 2286 ,·
1707 2246 1758 2281 τίς
1774 2247 1839 2291 γὰρ
1857 2244 2023 2280 ἅστεπτος
2041 2244 2124 2279 θεῶν
2137 2259 2148 2284 ,-

1358 2301 1457 2334 ποῖον
1474 2299 1510 2333 δέ
1527 2299 1624 2345 γαίας
1638 2298 1732 2344 ἕρκος
1749 2298 1809 2331 οὐκ
1827 2296 1999 2343 ἀφίγμεθα
2011 2312 2023 2336 ,-

1359 2349 1530 2396 ὀλοῦμεθ’,
1550 2349 1576 2384 ὦ
1593 2350 1689 2392 τέκν’,
1710 2348 1985 2394 ἐκδοθησόμεσθα
2003 2346 2052 2392 δή.

1358 2404 1463 2448 κάμοῦ
1476 2403 1537 2448 μὲν
1554 2403 1650 2436 οὐδὲν
1667 2400 1700 2436 εἴ
1713 2416 1755 2445 με
1771 2401 1837 2447 χρὴ
1856 2401 1965 2435 θανεῖν
1981 2400 2093 2445 μέλει,

1359 2456 1448 2501 πλὴν
1465 2454 1498 2489 εἴ
1512 2468 1544 2488 τι
1561 2454 1679 2500 τέρψω
1696 2454 1774 2489 τοὺς
1791 2453 1889 2498 ἐμοὺς
1908 2452 2048 2498 ἐχθροὺς
2066 2452 2182 2486 θανών.

1359 2508 1443 2553 ὑμᾶς
1461 2507 1496 2541 δέ
1515 2506 1618 2540 κλαίω
1637 2506 1690 2540 καὶ
1708 2505 1927 2552 κατοικτείρω,
1946 2505 2053 2548 τέκνα,

1360 2561 1413 2594 καὶ
1429 2559 1489 2603 τὴν
1504 2559 1642 2604 γεραιὰν
1657 2555 1771 2603 μητέρ’
1789 2556 1977 2602 Ἀλκμήνην
1988 2558 2125 2603 πατρός.

1360 2611 1386 2646 ὦ
1405 2611 1611 2646 δυστάλαινα
1627 2612 1687 2644 τοῦ
1703 2612 1830 2655 μακροῦ
1847 2609 1927 2652 βίου
1945 2609 2055 2644 σέθεν·

1360 2663 1496 2708 τλήμων
1513 2662 1549 2697 δὲ
1568 2661 1669 2708 κάγὼ,
1686 2662 1802 2697 πολλὰ
1818 2660 1994 2706 μοχθήσας
2011 2661 2128 2706 μάτην.

1360 2717 1446 2762 χρῆν
1462 2715 1549 2760 χρῆν
1565 2713 1616 2760 ἄρ’
1635 2713 1718 2758 ἡμᾶς
1736 2714 1854 2760 ἀνδρὸς
1871 2714 1919 2749 εἶς
1933 2712 2056 2759 ἐχθροῦ
2073 2712 2174 2759 χέρας

1360 2768 1527 2802 πεσόντας
1544 2766 1694 2811 αἰσχρῶς
1713 2767 1765 2800 καὶ
1783 2769 1888 2802 κακῶς
1905 2767 2017 2800 λιπεῖν
2033 2766 2123 2806 βίον.

1360 2816 1442 2853 ἀλλ’
1462 2815 1551 2852 οἶσθ’
1572 2817 1591 2852 ὅ
1607 2831 1664 2862 μοι
1684 2816 1903 2865 σύμπραξον,·
1930 2817 1993 2862 οὐχ
2012 2816 2128 2852 ἅπασα
2144 2817 2210 2862 γὰρ

1360 2871 1531 2916 πέφευγεν
1548 2869 1646 2906 ἐλπὶς
1662 2869 1767 2905 τῶνδέ
1782 2883 1840 2915 μοι
1857 2871 2033 2916 σωτηρίας.

1360 2920 1411 2967 ἔμ’
1423 2921 1552 2957 ἕκδος’
1555 2921 1750 2968 Αργείοισιν
1767 2922 1839 2956 ἀντὶ
1856 2920 1964 2962 τῶνδ’,
1983 2920 2078 2964 ἅναξ,

1362 2975 1414 3008 καὶ
1431 2973 1514 3017 μήτε
1532 2973 1698 3008 κινδύνευε
1716 2973 1858 3017 σωθήτω
1875 2974 1913 3008 τέ
1929 2987 1987 3017 μοι

1361 3025 1456 3060 τέκν’·
1484 3026 1523 3060 οὗ
1541 3027 1658 3071 φιλεῖν
1674 3026 1726 3060 δεῖ
1740 3026 1800 3070 τὴν
1818 3026 1898 3070 εμὴν
1914 3023 2042 3072 ψυχήν·
2069 3022 2138 3058 ἴτω.

1361 3078 1511 3122 μάλιστα
1529 3077 1558 3112 δ’
1578 3077 1770 3124 Εὐρυσθεύς
1785 3092 1828 3123 με
1844 3076 1993 3119 βούλοιτ’
2013 3077 2054 3111 ἂν
2068 3075 2186 3118 λαβὼν

1359 3131 1418 3164 τὸν
1433 3128 1636 3175 Ἡράκλειον
1653 3129 1832 3175 σύμμαχον
1849 3129 2063 3175 καθυβρίσαι·

1362 3182 1478 3216 σκαιὸς
1494 3183 1560 3228 γὰρ
1577 3180 1672 3228 ἁνήρ.
1709 3184 1780 3217 τοῖς
1797 3182 1922 3227 σοφοῖς
1940 3181 1970 3216 δ’
1990 3180 2105 3215 εὐκτὸν
2122 3179 2224 3226 σοφῷ

1360 3232 1485 3278 ἔχθραν
1502 3234 1691 3275 συνάπτειν,
1710 3233 1856 3278 μᾶμαθεῖ
1867 3231 2065 3279 φρονήματι·

1360 3285 1492 3328 πολλῆς
1507 3285 1573 3331 γὰρ
1591 3285 1703 3321 αἰδοῦς
1719 3283 1864 3330 κάτυχής
1881 3299 1931 3320 τις
1947 3285 1987 3319 ἂν
2004 3284 2111 3329 τύχοι.

1359 3334 1386 3369 ὦ
1402 3337 1551 3381 πρέσβυ,
1569 3335 1614 3381 μή
1634 3351 1692 3371 νυν
1707 3336 1796 3381 τήνδ’
1817 3337 1951 3371 ἐπαιτιῶ
1967 3338 2085 3371 πόλιν·

1360 3387 1434 3432 τάχ’
1453 3387 1494 3422 ἂν
1508 3388 1574 3434 γὰρ
1592 3388 1669 3433 ἡμῖν
1687 3389 1814 3434 κέρδος,
1833 3388 1910 3422 ἀλλ’
1930 3387 2019 3432 ὅμως
2030 3387 2135 3422 ’κακὸν

1360 3438 1481 3484 γένοιτ’
1501 3439 1626 3476 ὄνειδος
1644 3441 1688 3476 ὡς
1705 3440 1818 3483 ξένους
1835 3440 2080 3486 προῦδώκαμεν.

1359 3492 1494 3535 γενναῖα
1509 3492 1571 3535 μὲν
1586 3489 1659 3526 τάδ’
1680 3489 1785 3531 εἶπας,
1804 3491 1883 3525 ἀλλ’
1902 3490 2063 3536 ἀμήχανα.

1360 3541 1399 3576 οὗ
1418 3544 1482 3577 σοῦ
1498 3543 1643 3587 χατίζων
1661 3543 1749 3588 δεῦρ’
1769 3542 1852 3586 ἅναξ
1870 3544 2103 3588 στρατηλατεῖ,

2214 429 2273 459 405

2217 689 2279 719 4¹0

2221 950 2280 980 4¹5

2223 1212 2284 1240 420

2223 1734 2285 1764 430

2224 1997 2260 2025 43
2267 1995 2282 2026 5

2227 2258 2288 2287 440

2230 2517 2289 2546 4⁴5

2229 2777 2291 2807 450

2230 3035 2291 3066 455

2230 3284 2292 3324 460

2230 3549 2290 3588 465
