2488 3860
217 295 301 344 674

315 411 435 447 σκαιόν
452 425 484 447 τι
504 410 544 457 δὴ
562 410 601 446 τὸ
619 410 734 457 χρῆμα
750 407 929 457 γίγνεσθαι
947 410 1054 457 φιλεῖ,

316 465 400 501 θεῶν
419 464 563 512 ἀνάγκας
581 465 678 501 ὅστις
697 463 813 499 ἰᾶσθαι
832 463 940 500 θέλει.

265 514 391 564 (341.)
415 532 465 554 10.
495 515 666 554 Stobaeus
681 514 907 558 LXXXVI,
931 517 965 553 1.

316 572 376 609 Εἷς
394 571 423 606 δ’
444 571 611 619 εὐγένειαν
629 570 716 618 ὀλίγ’
737 571 806 618 ἔχω
825 572 959 619 φρασαι
978 570 1075 606 καλά·

313 629 332 662 ὁ
350 626 412 672 μὲν
428 626 496 673 γὰρ
515 625 642 662 ἐσθλὸς
660 625 794 671 εὐγενὴς
812 624 917 672 ἔμοιγ’
938 624 1033 673 ἀνὴρ,

316 682 335 715 ὁ
353 679 382 715 δ’
402 680 441 714 οὐ
460 680 596 721 δίκαιος,
618 678 678 714 κᾶν
696 679 867 724 ἀμείνονος
884 680 1011 726 πατρὸς

317 734 420 779 Ζηνὸς
436 732 583 780 πεφύκῃ,
604 732 771 778 δυσγενὴς
789 729 871 769 εἶναι
890 733 993 767 δοκεῖ.

1125 296 1457 342 ΕΥΡΙΠΙΔΟΥ

1406 402 1565 454 Θρηΐκιον
1582 405 1713 443 πέλταν
1730 405 1816 452 πρὸς
1833 403 1975 456 Ἀθάνας

1407 461 1597 508 περικίοσιν
1614 459 1830 507 ἄγκρεμάσας
1848 459 2022 505 θαλάμοις,

1408 513 1540 549 δέλτων
1557 513 1586 549 τ’
1597 511 1858 559 νάναπτύσσοιμι
1875 514 1991 562 γῆρυν,

1408 566 1450 602 ἂν
1468 567 1578 613 σοφοὶ
1596 567 1762 602 κλέονται.

1358 619 1484 666 (353.)
1505 635 1538 663 4.
1559 618 1724 668 Lycurg.
1743 618 1770 656 1.
1792 630 1822 655 c.
1853 618 1999 668 pergit:
2029 619 2153 670 *Αξιον
2170 621 2208 659 δὲ
2226 623 2279 659 καὶ
2296 623 2362 660 τῶν

1303 674 1465 721 ἰαμβείων
1489 674 1646 713 ἀκοῦσαι,
1665 672 1688 709 ἃ
1705 674 1866 719 πεποίηκε
1889 674 2061 722 λέγουσαν
2084 675 2145 721 τὴν
2161 677 2288 725 μητέρα
2304 679 2361 724 τῆς

1302 728 1434 766 παιδός·
1465 727 1601 774 ὄψεσθε
1618 728 1685 776 γὰρ
1713 728 1749 764 ἐν
1775 728 1888 765 αὐτοῖς
1914 729 2179 776 μεγαλοψυχίαν
2206 731 2259 767 καὶ
2284 745 2362 779 γεν-

264 785 392 834 (342.)
416 801 466 823 ιι.
497 784 668 822 Stobaeus
693 783 778 826 XC,
800 788 836 822 5.
858 785 992 820 Arsen.
1012 782 1111 820 Viol.
1132 795 1170 831 p.
1191 782 1268 819 462
1303 784 1460 827 ναιότητα
1478 782 1575 827 ἀξίαν
1589 782 1642 817 καὶ
1656 783 1715 827 τῆς
1731 782 1865 819 πόλεως
1879 782 1932 817 καὶ
1946 785 2007 817 τοῦ
2025 782 2184 831 γενέσθαι
2202 786 2363 832 Κηφισοῦ

212 839 269 878 ed.
291 839 414 876 Walz.
435 838 514 875 sine
531 851 632 875 nom.
654 842 752 875 auct.
773 843 810 874 et
828 837 902 874 fab.

318 897 384 930 Φεῦ
402 895 482 940 φεῦ,
501 893 645 931 παλαιὸς
662 890 754 930 αἶνος
772 893 816 930 ὣς
835 894 944 929 καλῶς
962 893 1044 938 ἔχει,

317 949 377 984 οὐκ
395 947 435 982 ἂν
452 947 584 995 γένοιτο
601 948 753 995 χρηστὸς
772 947 807 982 ἐκ
826 949 927 982 κακοῦ
944 946 1084 992 πατρός.

266 1000 393 1051 (343.)
418 1015 468 1036 12.
500 998 671 1036 Stobaeus
690 998 816 1041 XCII,
838 1000 874 1036 6.

317 1055 376 1102 Μή
395 1055 454 1100 μοι’
472 1054 546 1091 ποτ’
566 1053 616 1100 ε’ίη
635 1054 817 1101 χρημάτων
835 1052 1003 1100 νικωμένῳ

319 1111 406 1157 κακῷ
424 1109 594 1156 γενέσθαι,
615 1108 690 1154 μήδ’
712 1108 865 1153 ὁμιλοίην
884 1108 1007 1142 κακοῖς.

267 1162 393 1209 (344.)
418 1177 468 1206 13.
499 1160 671 1197 Stobaeus
691 1158 879 1200 XXXVI,
904 1159 964 1195 15.

318 1217 520 1264 Τυραννικόν
537 1230 570 1250 τι
587 1214 690 1252 πόλλ’
712 1214 918 1251 ἐπίστασθαι
936 1213 1062 1260 λέγειν.

269 1268 396 1316 (345.)
422 1284 471 1314 14.
504 1267 675 1304 Stobaeus
694 1266 835 1307 XLIV,
857 1269 894 1302 2.

323 1323 379 1369 Μὴ
399 1326 515 1365 νεῖκος,
537 1322 563 1357 ὦ
580 1322 706 1370 γεραιὲ,
727 1322 892 1369 κοιράνοις
908 1321 1016 1360 τίθου,

326 1377 443 1420 σέβειν
462 1377 499 1413 δὲ
518 1376 597 1413 τοὺς
615 1378 816 1423 κρατοῦντας
833 1375 974 1422 ἀρχαῖος
991 1375 1105 1420 νόμος.

268 1429 393 1476 (346.)
416 1443 468 1475 15.
498 1427 670 1465 Stobaeus
689 1427 792 1469 CVI,
814 1429 849 1464 2.

321 1486 473 1521 Πολλοῖς
490 1483 663 1531 παρέστην
682 1482 884 1529 κᾶφθόνησα
902 1483 942 1528 δὴ
959 1484 1095 1530 βροτῶν

320 1538 416 1575 ὅστις
434 1540 586 1574 κακοῖσιν
605 1535 731 1574 ε’σθλός
749 1537 795 1572 ὢν
813 1536 927 1583 ὅμοιος
944 1534 977 1583 ᾗ,

318 1594 432 1640 λόγων
450 1592 599 1638 ματαίων
617 1591 664 1629 εἷς
682 1591 830 1637 ἅμιλλαν
848 1591 958 1635 ἐξιών.

319 1646 358 1681 τὸ
377 1646 407 1682 δ’
427 1645 467 1691 ἦν
485 1645 536 1693 ἄρ’
558 1646 617 1680 οὐκ
635 1643 803 1680 ἀκουστὸν
821 1644 891 1680 οὐδ’
912 1644 1113 1691 ἀνασχετὸν,

322 1703 424 1747 σιγᾶν
442 1699 587 1735 κλύοντα
605 1700 697 1734 δεινὰ
713 1700 799 1746 πρὸς
817 1700 989 1735 κακιόνων.

271 1749 404 1802 (347.)
430 1757 478 1789 16.
510 1750 686 1788 Stobaeus
705 1750 818 1792 XIII,
843 1752 902 1788 13.

326 1808 468 1855 Θάρσει·
499 1809 538 1842 τό
557 1821 608 1842 τοι
628 1808 754 1842 δίκαιον
773 1804 886 1852 ἶσχύει
904 1805 1002 1854 μέγα.

267 1859 396 1908 (348.)
422 1874 471 1906 17.
504 1859 676 1896 Stobaeus
695 1858 890 1898 XXXIX,
913 1859 947 1896 7.

321 1915 363 1949 Εἶ
382 1914 410 1950 δ’
430 1914 521 1959 ἦσθα
539 1914 583 1960 μὴ
603 1915 772 1953 κάκιστος,
793 1913 906 1948 οὔποτ’
927 1914 968 1948 ἂν
985 1915 1087 1949 πόλιν

320 1968 380 2013 τὴν
399 1969 464 2014 σὴν
482 1968 601 2011 ἀτίζων
618 1967 708 2013 τήνδ’
729 1968 769 2003 ἂν
787 1968 939 2014 εὖλόγεις
955 1968 1098 2015 πάτραν.

271 2020 398 2067 (349.)
425 2027 473 2058 18.
506 2020 677 2057 Stobaeus
697 2019 891 2061 XXXIX,
913 2021 950 2055 8.

321 2075 381 2112 Ὠς
399 2076 434 2112 ἔν
451 2075 483 2123 γ’
504 2075 577 2120 ἐμοὶ
596 2075 730 2122 κρίνοιτ’
751 2075 792 2110 ἂν
810 2075 849 2109 οὗ
868 2076 977 2111 καλῶς
995 2075 1147 2122 φρονεῖν,

321 2129 418 2166 ὅστις
434 2128 569 2178 πατῴας
586 2130 648 2176 γῆς
666 2129 832 2174 ἀτιμάζων
850 2127 950 2176 ὅρους

323 2183 431 2228 ι’ίλλην
450 2184 577 2219 ἐπαινεῖ
594 2183 648 2218 καὶ
665 2184 844 2230 τρόποισιν
862 2183 988 2228 ἥδεται.

658 2328 834 2358 ΕΠΕῙΟΣ.

440 2407 554 2445 Nulla
573 2407 665 2456 Epei
683 2407 894 2456 fragmenta
912 2412 1055 2445 extant.

606 2590 880 2620 ΕΡΕΧΘΕΥΣ.

280 2670 407 2718 (350.)
432 2687 460 2708 1.
490 2669 621 2718 Steph.
640 2670 732 2719 Byz.
753 2683 789 2707 v.
811 2672 952 2718 Αἰθίοψ.

326 2725 502 2762 Αἰθιοπίαν
520 2740 570 2761 νιν
588 2725 732 2769 ἐξέσωσ’
753 2726 809 2761 ἐπὶ
827 2725 948 2771 χθόνα.

277 2777 404 2827 (351.)
426 2794 457 2815 2.
489 2776 663 2814 Stobaeus
683 2776 823 2820 CXXI,
848 2779 909 2814 15.

491 2832 557 2879 ἐγὼ
575 2832 612 2866 δὲ
631 2832 710 2868 τοὺς
728 2833 839 2869 καλῶς
856 2833 1053 2877 τεθνηκότας

329 2887 387 2931 ζῆν
405 2887 493 2932 φημὶ
511 2887 644 2931 μᾶλλον
661 2887 722 2921 τοῦ
739 2885 881 2928 βλέπειν
898 2886 976 2922 τοὺς
993 2886 1038 2931 μὴ
1058 2887 1178 2924 καλῶς.

225 2937 351 2974 Verba
385 2936 585 2973 Erechthei
618 2949 698 2972 esse
716 2937 887 2978 videntur
911 2950 959 2974 ex
986 2937 1169 2984 colloquio
1194 2948 1278 2972 cum

225 2990 353 3026 nuntio
380 2989 443 3025 illo
469 2988 798 3036 petita.—Eodem
823 2989 982 3027 fortasse
1010 2989 1182 3038 pertinet,
1207 2988 1279 3024 nisi

225 3042 431 3079 Praxitheae
454 3041 567 3077 verba
595 3046 692 3082 sunt,
712 3054 852 3084 versuS‚
879 3055 991 3090 quem
1015 3042 1093 3078 sine
1121 3041 1280 3079 auctoris

227 3101 264 3131 et
289 3094 421 3130 fabulae
448 3093 595 3130 nomine
624 3094 844 3131 Plutarchus
873 3095 986 3132 Praeo.
1011 3107 1090 3144 ger.
1119 3094 1277 3145 reipubl.

227 3146 333 3190 XIV,
355 3149 392 3183 5.
415 3147 468 3194 (p.
491 3148 566 3182 809
588 3146 655 3192 D.)
676 3146 803 3183 affert:

334 3203 428 3248 φιλῶ
445 3200 543 3241 τέκν’,
564 3201 654 3236 ἀλλὰ
670 3201 801 3246 πατρίδ’
824 3202 905 3247 ἐμὴν
922 3205 1057 3248 μᾶλλον
1076 3204 1181 3250 φιλῶ,

281 3250 410 3302 (352.)
430 3268 463 3296 3.
497 3251 667 3288 Stobaeus
686 3251 768 3293 LV,
788 3253 826 3289 4.

334 3307 468 3343 Κείσθω
487 3307 569 3354 δόρυ
588 3321 645 3351 μοι
663 3306 758 3352 μίτον
776 3306 1002 3353 ἀμφιπλέκειν

335 3362 506 3407 ἀράχναις,
526 3360 610 3405 μετὰ
628 3358 657 3394 δ’
678 3359 821 3404 ἡσυχίας
838 3363 947 3409 πολιῷ

331 3413 419 3462 γήρᾳ
438 3412 637 3458 συνοικοίην·

336 3469 478 3512 (ὶείδοιμι
498 3467 534 3502 δὲ
554 3466 738 3511 στεφάνοις
757 3467 841 3513 κάρα

335 3522 456 3560 πολιὸν
471 3520 708 3566 στεφανώσας,

1305 835 1485 886 θυγατέρα.

1410 890 1477 926 Τὰς
1494 890 1636 938 χάριτας
1654 888 1751 927 ὅστις
1769 890 1911 938 εὐγενῶς
1929 891 2113 937 χαρίζεται,

1411 943 1551 989 ἥδιστον
1570 943 1606 979 ἐν
1622 945 1814 991 βροτοῖσιν·
1844 944 1876 978 οἱ
1895 943 1933 979 δὲ
1951 944 2060 992 δρῶσι
2077 945 2152 992 μὲν,

1410 999 1522 1046 χρόνῳ
1542 998 1578 1033 δὲ
1598 998 1718 1045 δρῶσι,
1739 998 2003 1046 δυσγενέστεροι
2022 1008 2042 1028 ¹
2060 1008 2094 1034 ¹⁵.

1414 1052 1481 1099 ἐγὼ
1500 1052 1537 1087 δὲ
1556 1052 1656 1088 δώσω
1671 1051 1731 1098 τὴν
1749 1051 1830 1098 ἐμὴν
1846 1051 1951 1088 παῖδα
1969 1054 2110 1088 κτανεῖν.

1412 1106 1590 1153 λογίζομαι
1609 1106 1645 1141 δὲ
1664 1106 1792 1142 πολλά·
1820 1109 1938 1153 πρῶτα
1954 1107 2017 1152 μὲν
2033 1108 2136 1143 πόλιν

1413 1160 1473 1195 οὐκ
1491 1160 1532 1195 ἅν
1549 1159 1609 1196 τιν’
1630 1160 1739 1206 ἄλλην
1756 1161 1863 1206 τῆσδε
1879 1160 2006 1203 βελτίω
2026 1161 2163 1204 λάβοιν,

1413 1211 1435 1259 ᾗ
1451 1218 1569 1262 πρῶτα
1586 1214 1648 1260 μὲν
1664 1215 1751 1251 λεὼς
1769 1214 1829 1249 οὐκ
1847 1214 1989 1252 ἐπακτὸς
2006 1213 2164 1258 ἄλλοθεν,

1414 1268 1617 1314 αὐτόχθονες
1635 1267 1664 1303 δ’
1685 1268 1825 1315 ἔφυμεν·
1855 1269 1890 1303 αἱ
1907 1267 1937 1304 δ’
1957 1268 2060 1304 ἄλλαι
2076 1271 2207 1311 πόλεις,

1413 1325 1557 1358 πεσσῶν
1574 1322 1698 1368 ὁμοίως
1716 1323 1896 1369 διαφοραῖς
1914 1322 2115 1369 ἐκτισμέναι,

1414 1376 1518 1411 ἄλλαι
1536 1375 1614 1424 παρ’
1634 1376 1750 1412 ἄλλων
1768 1375 1857 1412 εἶσὶν
1875 1376 2108 1425 εἷσαγὼγιμοι.
2328 1391 2364 1415 ιο

1415 1430 1512 1467 ὅστις
1530 1429 1560 1465 δ’
1579 1429 1635 1466 ἀπ’
1655 1429 1763 1476 ἄλλης
1780 1431 1908 1467 πόλεος
1926 1431 2040 1475 οἰκίζει
2057 1433 2171 1474 πόλιν,

1413 1486 1520 1532 ἁρμὸς
1537 1483 1684 1532 πονηρὸς
1702 1485 1819 1531 ὥσπερ
1838 1484 1875 1519 ἐν
1892 1483 1985 1534 ξύλῳ
2003 1486 2132 1533 παγεὶς,

1414 1540 1508 1587 λόγῳ
1525 1538 1669 1585 πολίτης
1687 1538 1773 1579 ἐστὶ,
1793 1540 1863 1575 τοῖς
1881 1538 1911 1574 δ’
1931 1539 2083 1587 ἔργοισιν
2101 1541 2153 1576 οὔ.

1415 1593 1530 1628 ἔπειτα
1547 1592 1645 1628 τέκνα
1661 1592 1752 1628 τοῦδ’
1773 1592 1863 1628 ἕκατι
1881 1593 2046 1639 τίκτομεν,

1416 1647 1460 1682 ὡς
1479 1646 1564 1682 θεῶν
1581 1662 1619 1682 τε
1635 1647 1773 1693 βωμοὺς
1789 1646 1936 1694 πατρίδα
1954 1662 1991 1683 τε
2008 1646 2175 1694 ῥυώμεθα.

1413 1701 1548 1737 πόλεως
1565 1700 1595 1736 δ’
1615 1700 1750 1744 ἁπάσης
1767 1700 1901 1747 τοῦνομ’
1922 1700 1968 1741 ἓν,
1988 1702 2115 1737 πολλοὶ
2133 1701 2171 1737 δέ
2188 1714 2239 1738 νιν

1417 1755 1563 1790 ναίουσι·
1592 1753 1734 1792 τούτους
1751 1758 1823 1791 πῶς
1840 1754 2036 1802 διαφθεῖραί
2053 1769 2095 1801 με
2112 1756 2191 1802 χρὴ,

1416 1807 1494 1853 ἐξὸν
1510 1809 1578 1856 πρὸ
1596 1809 1732 1844 πάντων
1749 1809 1828 1854 μίαν
1850 1811 2050 1857 ὑπερδοῦναι
2069 1812 2180 1848 θανεῖν
2195 1823 2206 1856 ς

1417 1861 1510 1910 ε’ίπερ
1528 1863 1594 1910 γὰρ
1613 1863 1756 1910 ἀριθμὸν
1774 1859 1850 1898 οἶδα
1867 1863 1922 1898 καὶ
1939 1862 2174 1900 τούλάσσονος

1417 1915 1456 1951 τὸ
1475 1918 1598 1962 μεῖζον,
1619 1917 1722 1963 οὑμὸς
1739 1913 1829 1953 οἶκος
1847 1917 1886 1952 οὐ
1903 1918 2022 1952 πλεῖον
2040 1916 2157 1955 σθένει,

1414 1970 1561 2007 πταίσας
1579 1970 1714 2016 ἁπάσης
1731 1971 1867 2012 πόλεος,
1887 1971 1957 2006 οὐδ’
1976 1969 2055 2006 ἰ’σον
2073 1970 2184 2019 φέρει.

1415 2024 1444 2059 εἶ
1462 2024 1491 2059 δ’
1511 2023 1552 2069 ἧν
1570 2024 1606 2059 ἐν
1624 2023 1727 2062 οἴκοις
1744 2023 1817 2060 ἀντὶ
1836 2025 1979 2070 θηλειῶν
1997 2025 2127 2072 στάχυς

1415 2077 1537 2125 ἅρσην,
1556 2079 1660 2113 πόλιν
1678 2079 1715 2114 δέ
1733 2079 1880 2123 πολεμία
1898 2080 2031 2125 κατεῖχε
2049 2079 2156 2126 φλὸξ,

1415 2132 1475 2166 οὐκ
1493 2132 1534 2167 ἅν
1555 2147 1605 2167 νιν
1624 2132 1814 2178 ἐξέπεμπον
1832 2133 1879 2169 εἷς
1895 2133 2007 2179 μάχην
2025 2133 2125 2181 δορὸς

1418 2186 1561 2221 θάνατον
1578 2186 1812 2234 προταρβοῦσ’
1830 2199 1839 2230 ;
1869 2186 1947 2221 ἀλλ’
1968 2186 2043 2232 ἐμοί
2059 2185 2094 2234 γ’
2114 2188 2209 2223 ἔστιν
2226 2186 2334 2228 τέκνα,

1419 2239 1440 2274 ἃ
1460 2240 1512 2274 καὶ
1530 2239 1674 2286 μάχοιτο
1693 2241 1747 2275 καὶ
1764 2240 1835 2286 μετ’
1854 2240 2018 2288 ἀνδράσιν
2034 2239 2170 2288 πρέποι,

1418 2293 1464 2338 μὴ
1483 2292 1630 2339 σχήματ’
1651 2293 1764 2330 ἄλλως
1785 2294 1820 2328 ἐν
1837 2295 1937 2330 πόλει
1953 2295 2142 2341 πεφυκότα.

1420 2348 1462 2381 τὰ
1479 2347 1632 2394 μητέρων
1650 2348 1686 2383 δὲ
1706 2347 1821 2394 δάκρυ’
1842 2346 1922 2383 ὅταν
1938 2347 2054 2394 πέμπῃ
2073 2348 2181 2391 τέκνα,

1417 2401 1569 2437 πολλοὺς
1588 2400 1720 2447 ἐθήλυν’
1740 2402 1787 2438 εἷς
1805 2402 1916 2448 μάχην
1930 2402 2155 2449 ὁρμωμένους.

1416 2457 1506 2500 μισῶ
1523 2458 1692 2502 γυναῖκας,
1711 2453 1832 2492 αἵτινες
1849 2457 1916 2503 πρὸ
1933 2458 1994 2491 τοῦ
2012 2458 2118 2492 καλοῦ

1419 2510 1482 2553 ζῆν
1498 2509 1619 2546 παῖδας
1638 2507 1782 2551 εἵλονθ’,
1802 2509 1836 2544 αἲ
1853 2509 2048 2558 παρῄνεσαν
2065 2510 2159 2545 κακά.

1420 2563 1473 2597 καὶ
1491 2562 1556 2607 μὴν
1574 2562 1732 2600 θανόντες
1749 2563 1786 2598 ἐν
1802 2563 1894 2610 μάχῃ
1912 2565 2053 2600 πολλῶν
2069 2563 2157 2610 μέτα

1425 2615 1556 2661 τύμβον
1573 2632 1610 2652 τε
1629 2618 1739 2652 κοινὸν
1757 2618 1888 2663 ἔλαχον
1906 2618 2058 2653 εὔκλειάν
2075 2617 2105 2652 τ’
2123 2615 2214 2663 ἰ’σην.

1418 2672 1458 2714 τῇ
1477 2669 1532 2715 ’μῇ
1553 2670 1590 2705 δὲ
1608 2671 1704 2706 παιδὶ
1723 2670 1895 2717 στέφανος
1913 2669 1961 2708 εἷς
1978 2674 2038 2717 μιᾷ
2055 2673 2140 2717 μόνῃ

1417 2725 1550 2760 πόλεως
1569 2723 1718 2770 θανούσῃ
1736 2724 1834 2769 τῆσδ’
1854 2722 1938 2773 ὕπερ
1957 2724 2152 2770 δοθήσεται,

1419 2778 1472 2812 καὶ
1490 2777 1551 2822 τὴν
1568 2780 1733 2814 τεκοῦσαν
1751 2777 1804 2813 καί
1823 2793 1865 2814 σε
1884 2777 1944 2814 δύο
1963 2777 1997 2813 θ’
2018 2779 2203 2826 ὁμοσπόρω

1420 2832 1540 2866 σώσει·
1569 2831 1604 2867 τί
1620 2830 1748 2868 τούτων
1765 2832 1843 2878 οὐχὶ
1861 2830 2025 2877 δέξασθαι
2043 2834 2147 2868 καλόν
2162 2845 2171 2875 ς

1419 2883 1480 2928 τὴν
1497 2882 1558 2917 οὐκ
1578 2883 1660 2930 ἐμὴν
1686 2883 1776 2928 πλὴν
1792 2887 1833 2929 τῇ
1853 2883 1961 2932 φύσει
1979 2886 2079 2921 δώσω
2095 2883 2198 2933 κόρην

1421 2937 1522 2971 θῦσαι
1540 2935 1607 2983 πρὸ
1625 2936 1735 2984 γαίας·
1765 2937 1795 2971 εἶ
1811 2937 1878 2984 γὰρ
1896 2936 2109 2985 αἱρεθήσεται

1419 2992 1529 3031 πόλις,
1549 2989 1583 3025 τί
1599 2990 1728 3025 παίδων
1745 2994 1811 3025 τῶν
1829 2990 1917 3036 ἐμῶν
1934 2989 2075 3036 μέτεστί
2091 3004 2170 3038 μοις
2203 3024 2207 3029 .

1420 3044 1539 3078 οὐκοῦν
1556 3043 1697 3086 ἅπαντα,
1716 3045 1797 3079 τοῦν
1813 3043 1845 3090 γ’
1867 3044 1951 3090 ἐμοὶ,
1972 3043 2177 3087 σωθήσεται.

1420 3097 1585 3143 ι’ίρξουσιν
1603 3096 1717 3139 ἄλλοι,
1738 3097 1827 3145 τήνδ’
1848 3098 1914 3145 ἐγὼ
1932 3100 2037 3135 σώσω
2053 3100 2169 3135 πόλιν.

1422 3151 1526 3193 ἐκεῖνο
1546 3150 1587 3192 δ’,
1608 3149 1648 3185 οὗ
1665 3151 1704 3185 τὸ
1722 3152 1888 3186 πλεῖστον
1907 3150 1943 3187 ἐν
1961 3150 2059 3200 κοίνῳ
2077 3151 2190 3199 μέρος,

1423 3204 1481 3237 οὐκ
1500 3203 1591 3244 ἔσθ’,
1612 3202 1753 3248 ἑκούσης
1770 3205 1829 3249 τῆς
1848 3203 1928 3250 ἐμῆς
1945 3204 2064 3251 ψυχῆς
2081 3205 2160 3254 ἅτερ

1421 3258 1598 3303 προγόνων
1614 3257 1743 3292 παλαιὰ
1761 3256 1872 3303 θέσμι’
1892 3257 1990 3294 ὅστις
2008 3259 2155 3301 ἐκβαλεῖ.

1425 3309 1493 3344 οὐδ’
1513 3309 1582 3344 ἀντ’
1603 3310 1709 3348 ἐλάας
1725 3310 1875 3358 χρυσέας
1892 3326 1929 3346 τε
1947 3312 2115 3360 Γοργόνος

1424 3363 1572 3408 τρίαιναν
1590 3363 1692 3411 ὀρθὴν
1710 3365 1846 3399 στᾶσαν
1864 3364 1899 3400 έν
1916 3365 2048 3402 πόλεως
2063 3365 2207 3413 βάθροις

1425 3418 1606 3461 Εὔμολπος
1623 3417 1701 3452 οὐδὲ
1721 3418 1818 3464 Θρᾷξ
1835 3417 2023 3464 ἇναστέψει
2041 3420 2127 3456 λεὼς

1426 3470 1642 3515 στεφάνοισι,
1662 3472 1804 3507 Παλλὰς
1822 3471 1852 3506 δ’
1872 3472 2019 3518 οὐδαμοῦ
2037 3471 2223 3518 τιμήσεται.

1423 3521 1563 3568 χρῆσθ’,
1585 3522 1610 3557 ὦ
1628 3525 1777 3566 πολῖται,
1797 3526 1866 3561 τοῖς
1885 3526 1975 3571 ἐμοῖς
1993 3526 2208 3573 λοχεύμασιν-
2322 3543 2361 3574 ς.)

2326 2469 2367 2499 30

2327 1931 2367 1954 20
2421 1944 2424 1948 -
