2488 3860
145 305 222 354 610
1051 299 1348 352 ΑΙΣΧΥΛΟΥ
1558 360 1563 369 ι,

197 418 286 458 282.
317 416 492 456 stobaeus
509 415 695 462 XCVIII,
715 420 781 457 49.
1289 420 1380 458 291.
1409 416 1632 457 Aristoteles
1661 416 1715 456 H.
1734 414 1783 456 A.
1813 414 1883 461 IX,
1911 417 1976 456 49.
2006 416 2227 463 Μεταβάλλει
2252 419 2292 458 δὲ

248 474 295 510 Τὸ
313 475 380 523 γὰρ
397 476 556 523 βρότειον
574 474 700 523 σπέρμ’
721 474 874 523 ἐφήμερα
893 475 1015 523 φρονεῖ
1234 477 1288 512 καὶ
1307 479 1325 511 ὁ
1343 475 1441 522 ἔποψ
1458 475 1497 511 τὸ
1516 477 1637 521 χρῶμα
1655 473 1710 510 καὶ
1733 472 1794 519 τὴν
1817 473 1920 517 ἰδέαν,
1942 474 2060 522 ὥσπερ
2078 474 2097 509 ὁ
2115 473 2290 524 Αἰσχύλος

250 528 304 564 καὶ
322 529 448 565 πιστὸν
465 528 565 565 οὐδὲν
582 530 719 575 μᾶλλον
735 529 755 576 ἢ
774 532 900 566 καπνοῦ
921 530 1014 567 σκιά.
1233 531 1414 575 πεποίηκεν
1433 529 1469 565 ἐν
1487 528 1607 565 τοῖσδε

197 581 287 620 283.
317 579 489 618 Stobaeus
511 578 630 623 CXV,
657 582 717 618 10.
1341 586 1469 621 Τοῦτον
1488 581 1517 618 δ’
1538 581 1688 628 ἐπόπτην
1704 581 1816 618 ἔποπα
1832 584 1900 618 τῶν
1917 580 2020 620 αὑτοῦ
2038 584 2146 619 κακῶν

250 636 358 684 Γῆράς
374 637 441 685 γὰρ
460 637 545 683 ἥβης
563 636 659 672 ἐστὶν
677 637 903 685 ἐνδικώτερον.
1339 638 1564 674 πεποικίλωκε
1581 635 1828 682 κάποδηλώσας
1845 636 1917 683 ἔχει

197 687 287 725 284.
317 686 522 726 Athenaeus
540 686 630 726 VII.
651 701 688 738 Ρ.
707 690 782 726 303
802 701 835 726 e.
865 689 1075 738 Μνημονεύει
1089 691 1125 727 δὲ
1138 691 1199 728 τοῦ
1341 691 1471 739 θρασὺν
1488 692 1647 738 πετραῖον
1665 690 1758 738 ὄρνιν
1776 689 1812 726 ἐν
1828 689 2025 737 παντευχίᾳ,

145 741 264 781 θύννου
284 743 337 779 καὶ
356 743 531 792 Αἰσχύλος
548 743 660 792 λέγων
1341 745 1378 784 ὃς
1395 744 1450 792 ἦρι
1467 745 1529 792 μὲν
1547 745 1703 792 φαίνοντι
1721 744 1901 781 διαπάλλει
1917 745 2044 792 πτερὸν

250 796 389 845 Σφύρας
407 798 571 845 δέχεσθαι
590 797 849 845 κάπιχαλκεύειν
866 797 1014 847 μύδρους
1340 800 1454 847 κίρκον
1472 799 1659 848 λεπάργου.
1694 797 1755 835 δύο
1771 797 1838 846 γὰρ
1857 795 1918 834 οὖν
1933 798 2071 847 μορφὰς
2088 797 2191 848 φανεῖ

251 850 288 888 ὃς
306 852 485 888 ἀστενακτὶ
504 850 622 890 ovum).-
641 851 685 890 ὣς
703 850 868 901 ἠνέσχετο
1338 855 1458 891 παιδός
1475 869 1512 890 τε
1529 853 1657 900 χαύτοῦ
1672 850 1796 899 ’νηδύος
1813 853 1891 898 μιᾶς
1907 852 1988 889 ἄπο.

250 906 405 945 ἄναυδος.
1341 908 1416 945 νέας
1434 907 1463 944 δ’
1482 907 1618 955 ὀπώρας
1635 905 1717 952 ἡνίκ’
1738 906 1778 942 ἂν
1796 905 2061 953 ξανθῇστάχυε,

146 960 199 996 καὶ
217 959 373 1007 ἀλλαχοῦ
1339 961 1457 1008 στικτή
1476 977 1526 998 νιν
1544 958 1640 999 αὖθις
1656 958 1896 1008 ἀμφινωμῆσει
1913 960 2056 1009 πτέρυξ.

251 1015 297 1050 Τὸ
317 1014 436 1050 σκαιὸν
454 1013 545 1062 ὄμμα
562 1014 771 1063 παραβαλὼν
789 1011 908 1050 θύννου
927 1014 1032 1060 δίκην.
1341 1016 1393 1052 ἀεὶ
1411 1017 1448 1052 δὲ
1465 1016 1561 1061 μίσει
1578 1014 1676 1051 τῶνδ’
1696 1013 1752 1051 ἄπ’
1772 1014 1881 1050 ἄλλον
1898 1013 1946 1052 εἷς
1963 1016 2069 1051 τόπον

145 1069 190 1106 ὣς
207 1071 268 1105 τοῦ
287 1067 407 1104 θύννου
431 1071 478 1118 τῷ
497 1071 604 1118 σκαιῷ
623 1068 792 1117 ὀφθαλμῷ
810 1069 850 1103 οὗ
873 1068 1075 1111 βλέποντος.
1102 1065 1198 1103 Ver·
1340 1070 1486 1118 δρυμοὺς
1505 1068 1647 1118 ἐρήμους
1663 1066 1683 1115 ἢ
1702 1070 1832 1118 πάγους
1850 1068 2004 1106 ἀποικιεῖ.

146 1133 231 1158 sum
257 1125 489 1169 postremum
517 1121 679 1158 afferunt
704 1119 878 1157 AElianus
906 1120 952 1156 de
979 1119 1031 1158 N.
1051 1116 1101 1157 A.
1125 1121 1197 1161 IX,
1288 1122 1376 1159 292.
1405 1122 1579 1159 Clemens
1597 1121 1802 1159 Alexandr.
1824 1119 1966 1158 Strom.
1987 1117 2057 1159 IV.
2078 1131 2115 1170 p.
2137 1118 2227 1159 494.

146 1176 211 1211 42.
239 1171 459 1211 Plutarchus
483 1171 620 1211 Moral.
647 1187 685 1223 p.
713 1174 788 1211 979
808 1185 841 1211 e.
871 1172 1090 1223 Apostolius
1109 1173 1197 1210 Pro·
1551 1179 1605 1226 Τῷ
1624 1179 1782 1213 πονοῦντι
1801 1175 1830 1211 δ’
1851 1174 1887 1211 ἐκ
1905 1176 1990 1212 θεῶν

146 1227 249 1264 verb.
269 1226 319 1270 X,
341 1229 405 1264 38.
1340 1231 1516 1279 ὀφείλεται
1534 1231 1686 1278 τέκνωμα
1703 1233 1763 1267 τοῦ
1782 1231 1887 1266 πόνου
1906 1230 2016 1268 κλέος.

199 1281 290 1319 285.
318 1280 525 1317 Athenaeus
543 1280 616 1317 XI.
637 1292 674 1329 p.
693 1281 766 1317 491
790 1292 824 1318 a.
1287 1282 1376 1321 293.
1407 1283 1581 1320 Clemens
1600 1283 1805 1321 Alexandr.
1827 1283 1967 1320 Strom.
1987 1281 2037 1319 V.
2057 1292 2096 1331 p.
2116 1280 2208 1320 558.

250 1335 293 1371 Αἱ
311 1335 339 1371 δ’
361 1334 431 1372 ἕπτ’
443 1334 634 1373 Ἀτλαντος
650 1336 769 1372 παῖδες
787 1335 1022 1382 ὠνομασμέναι
1338 1338 1437 1375 Ἀλλ’
1457 1339 1533 1374 ἔστι
1552 1339 1652 1386 κάμοὶ
1670 1338 1753 1384 κλῂς
1771 1338 1827 1374 ἐπὶ
1844 1339 1992 1386 γλώσσῃ
2011 1335 2142 1385 φύλαξ.

249 1389 378 1437 πατρὸς
396 1388 560 1438 μέγιστον
578 1388 685 1426 ἆθλον
703 1390 932 1438 οὐρανοστεγῆ
1286 1392 1377 1428 294.
1407 1390 1627 1429 Plutarchus
1646 1389 1783 1427 Moral.
1802 1400 1840 1440 Ρ.
1863 1391 1939 1427 950
1957 1400 1991 1427 e.
2045 1385 2092 1426 Τδ
2113 1392 2180 1439 γὰρ
2198 1387 2289 1438 ὕδωρ

253 1444 444 1486 κλαίεσκον,
465 1444 546 1479 ἔνθα
563 1445 727 1492 νυκτέρων
745 1445 999 1491 φαντασμάτων
1233 1447 1251 1482 ὁ
1269 1447 1332 1493 μὲν
1344 1446 1521 1494 Αἰσχύλος
1535 1446 1565 1482 εἶ
1582 1448 1636 1483 καὶ
1649 1449 1824 1494 τραγικῶς,
1841 1444 1919 1481 ἀλλ’
1934 1443 2069 1492 ἀληθῶς
2082 1442 2155 1482 εἶπε
2171 1442 2288 1483 “Παῧ’

252 1498 373 1544 ἔχουσι
391 1498 530 1546 μορφὰς
547 1498 687 1546 ἄπτεροι
705 1498 899 1535 Πελειάδες.
1232 1499 1321 1548 ὕδωρ
1341 1501 1434 1546 δίκην
1451 1498 1598 1548 πυρός.”

148 1550 312 1600 ἀπτέρους
330 1552 432 1600 αὐτὰς
450 1551 559 1600 εἴρηκε
583 1553 638 1588 διὰ
664 1553 724 1598 τὴν
746 1553 833 1600 πρὸς
856 1553 915 1588 τὰς
939 1550 1047 1599 ὄρνεις
1071 1553 1198 1597 ὁμωνυ·
1287 1554 1377 1590 295.
1408 1552 1583 1589 Clemens
1601 1549 1804 1590 Alexandr.
1827 1549 1968 1588 Strom.
1987 1550 2038 1588 V.
2058 1564 2096 1601 Ρ.
2118 1548 2208 1589 603.

148 1607 236 1654 μίαν.
294 1604 357 1640 Ad
382 1601 560 1641 Heliades
587 1604 701 1641 refert
728 1602 968 1640 Hermannus
993 1602 1032 1640 in
1055 1602 1197 1652 OPusc.
1341 1606 1423 1646 Ζεύς
1442 1609 1536 1644 ἐστιν
1554 1608 1664 1656 αἰθὴρ,
1685 1608 1766 1645 Ζεὺς
1784 1607 1821 1643 δὲ
1839 1608 1895 1654 γῆ,
1916 1608 1997 1644 Ζεὺς
2015 1606 2044 1643 δ’
2065 1607 2216 1655 οὓρανός.

148 1658 221 1695 vol.
245 1655 326 1695 III.
346 1669 384 1707 p.
410 1659 496 1695 141.
1342 1661 1424 1700 Ζεύς
1441 1677 1494 1698 τοι
1512 1663 1555 1699 τὰ
1571 1662 1682 1698 πάντα
1699 1661 1749 1708 χῶ
1768 1676 1801 1698 τι
1819 1661 1916 1697 τῶνδ’
1935 1661 2129 1709 ὑπέρτερον.

166 1725 172 1732 ·
201 1712 290 1750 286.
322 1711 511 1748 Eusebius
533 1712 654 1760 Praep.
675 1710 821 1760 Evang.
843 1709 954 1753 XIII,
976 1711 1010 1747 3.
1235 1712 1285 1751 V.
1316 1715 1352 1751 2.
1380 1716 1432 1763 χῶ
1460 1714 1511 1762 τι]
1542 1718 1649 1764 χωρεῖ
1677 1714 1816 1751 Euseb.
1847 1714 1969 1762 Praep.
1999 1713 2146 1762 Evang.
2174 1710 2287 1750 XIII.

254 1766 351 1802 Ἀλλ’
372 1769 449 1802 οὔτε
466 1768 581 1803 πολλὰ
599 1766 759 1814 τραύματ’
780 1767 815 1802 ἐν
834 1766 989 1814 στέρνοις
1005 1765 1124 1801 λαΒὼν
1234 1779 1272 1816 Ρ.
1295 1768 1384 1805 681.

255 1819 393 1866 θνήσκει
412 1836 472 1862 τις,
494 1821 584 1867 εἰμὴ
603 1821 709 1868 τέρμα
727 1821 909 1868 συντρέχοι
926 1820 1017 1864 βίον,
1231 1820 1233 1823 ’
1289 1822 1378 1859 296.
1408 1821 1591 1858 Aristides
1618 1819 1672 1858 ΙΙ.
1697 1833 1735 1869 Ρ.
1763 1821 1854 1858 292.
1910 1821 1967 1868 Μὴ
1998 1821 2060 1868 μὲν
2091 1819 2151 1857 οὖν
2177 1822 2291 1869 ἔμοιγε

254 1874 323 1910 οὔτ’
344 1875 380 1910 ἐν
399 1875 505 1922 στέγῃ
524 1890 574 1912 τις
591 1875 712 1920 ἥμενος
729 1874 808 1923 παρ’
829 1875 927 1922 ἑστίᾳ
1237 1875 1307 1912 κατ’
1354 1876 1531 1923 Αἰσχύλον
1577 1875 1662 1922 μήτε
1700 1875 1943 1924 παρασπιστὴς
1981 1875 2056 1922 μήτ’
2100 1875 2202 1924 ἐγγὺς
2240 1873 2290 1921 εἴη

254 1927 375 1976 φεύγει
394 1944 426 1964 τι
444 1931 576 1975 μᾶλλον
594 1930 653 1965 τὸν
670 1928 891 1977 πεπρωμένον
908 1928 1027 1976 μόρον.
1236 1931 1334 1967 ὅστις
1359 1931 1405 1978 μὴ
1437 1931 1543 1978 φίλος
1570 1933 1618 1980 τῷ
1649 1930 1746 1978 ἀνδρὶ
1776 1929 1885 1979 τούτῳ
1913 1930 1998 1976 μηδὲ
2029 1933 2109 1976 τιμᾷ
2137 1930 2179 1966 τὰ
2206 1929 2290 1977 πρέ-

203 1981 293 2019 287.
325 1981 549 2018 Plutarchus
568 1980 704 2018 Moral.
725 1994 763 2030 p.
790 1982 861 2018 106
881 1993 914 2018 e.
1010 1982 1014 1986 ’
1235 1999 1355 2021 ποντα.

255 2035 315 2074 Ὠς
334 2037 373 2071 οὐ
393 2037 526 2073 δικαίως
544 2037 687 2072 θάνατον
706 2036 869 2083 ἔχθουσιν
885 2035 1020 2084 βροτοὶ,
1290 2037 1381 2074 297.
1412 2035 1633 2073 Plutarchus
1652 2035 1790 2072 Moral.
1810 2049 1848 2084 Ρ.
1872 2037 1920 2072 36
1941 2048 1974 2072 c.

256 2090 367 2138 ὅσπερ
385 2090 548 2138 μέγιστον
565 2089 655 2138 ῥῦμα
672 2094 739 2126 τῶν
756 2092 896 2126 πολλῶν
915 2092 1032 2125 κακῶν·
1345 2092 1487 2139 Θάρσει·
1516 2092 1623 2128 πόνου
1640 2092 1707 2139 γὰρ
1727 2091 1829 2139 ἄκρον
1847 2091 1907 2126 οὐκ
1925 2092 1996 2137 ἔχει
2013 2092 2150 2139 χρόνον.

204 2143 294 2179 288.
323 2142 547 2179 Plutarchus
571 2142 609 2178 in
628 2142 703 2179 vita
726 2141 907 2179 Demetrii
928 2154 960 2178 c.
983 2143 1045 2178 35.
1067 2152 1105 2189 Ρ.
1127 2140 1200 2177 905
1291 2145 1380 2181 298.
1411 2142 1621 2180 Scholiasta
1639 2142 1796 2179 Homeri
1815 2142 1921 2179 Iliad.
1940 2159 1979 2185 π,
1999 2144 2090 2180 542.

152 2195 188 2233 d.
218 2198 279 2232 Διὸ
300 2198 354 2232 καί
367 2199 477 2244 φασιν
491 2198 592 2233 αὐτὸν
610 2197 645 2232 ἐν
661 2200 734 2235 ταῖς
751 2198 887 2245 χείροσι
900 2198 1106 2243 μεταβολαῖς
1118 2197 1204 2243 πρὸς
1337 2197 1450 2234 ‘'On-ov
1467 2199 1534 2246 γὰρ
1554 2197 1655 2245 ἰσχὺς
1673 2199 1862 2246 συζυγοῦσι
1880 2198 1934 2233 καὶ
1953 2198 2038 2244 δίκη,

152 2251 211 2297 τὴν
229 2251 335 2298 τύχην
352 2252 630 2300 ἀναφθέγγεσθαι
648 2252 687 2287 τὸ
709 2251 913 2298 Αἰσχύλειον
1342 2254 1423 2288 ποία
1441 2253 1583 2299 ξυνωρὶς
1600 2252 1706 2290 τῶνδε
1724 2251 1976 2299 καρτερωτέρα;

258 2305 303 2340 Σύ
322 2306 375 2342 τοί
392 2306 426 2351 μ’
447 2307 592 2353 ἔφυσας,
614 2304 658 2341 σύ
678 2321 719 2351 με
738 2306 905 2341 καταίθειν
922 2317 980 2350 μοι
999 2304 1117 2340 δοκεῖς.
1291 2303 1382 2341 299.
1413 2303 1621 2340 Scholiasta
1637 2303 1830 2353 Aristoph.
1851 2303 2020 2340 Nubium
2038 2315 2073 2340 v.
2100 2303 2213 2339 1128.

153 2355 305 2405 Repetit
338 2358 422 2395 haec
451 2357 489 2394 in
518 2357 656 2394 Moral.
687 2370 725 2405 p.
762 2359 836 2408 827
867 2370 900 2393 c.
929 2355 994 2393 ubi
1020 2373 1063 2403 με
1089 2358 1206 2404 φυσᾷς
1347 2360 1459 2395 Δεινοὶ
1475 2359 1613 2395 πλέκειν
1631 2373 1683 2394 τοι
1700 2359 1852 2405 μηχανὰς
1869 2357 2060 2406 Αἰγύπτιοι.

154 2410 334 2459 scriptum
348 2416 386 2447 et
403 2428 461 2458 μοι
480 2411 671 2447 omissum.
703 2411 858 2447 Grotius
872 2410 1070 2458 καταφθιεῖν
1085 2411 1202 2447 δοκεῖς.
1240 2410 1331 2448 Non
1348 2410 1540 2448 nominato
1559 2415 1708 2447 auctore
1732 2410 1892 2447 afferunt
1911 2409 2123 2459 Stephanus
2142 2408 2237 2458 Byz.
2255 2402 2295 2445 In

208 2465 298 2501 289.
329 2461 467 2501 AElian.
499 2464 545 2500 de
575 2463 629 2500 N.
660 2462 706 2499 A.
742 2463 833 2506 XII,
867 2467 904 2500 8.
947 2467 1040 2501 Ζῶόν
1067 2465 1161 2500 ἐστιν
1188 2466 1207 2499 ὃ
1240 2466 1420 2514 Αἴγυπτος,
1441 2463 1576 2501 Suidas
1594 2463 1632 2500 in
1651 2466 1765 2508 δεινοὶ,
1785 2459 1971 2500 Zenobius
1989 2461 2063 2508 III,
2085 2462 2149 2501 37.
2201 2454 2293 2498 Did-

154 2518 361 2566 πυραύστης,
382 2522 525 2567 ὁπεροῦν
542 2519 653 2566 χαίρει
670 2520 731 2565 μὲν
755 2521 795 2563 τῇ
814 2520 1005 2565 λαμπηδόνι
1023 2521 1083 2554 τοῦ
1101 2519 1207 2565 πυρὸς
1241 2518 1420 2567 genjauus
1439 2517 1508 2560 IV,
1529 2519 1592 2555 35.
1886 2561 1889 2563 ,
2239 2551 2243 2554 Α

156 2574 209 2608 καὶ
225 2574 458 2620 προσπέταται
471 2575 541 2610 τοῖς
554 2572 692 2619 λύχνοις
707 2573 742 2607 ἐν
757 2572 951 2619 ἀκμαζούσῃ
966 2574 1015 2608 ἔτι
1028 2575 1068 2617 τῇ
1086 2572 1206 2619 φλογὶ,
1296 2573 1385 2608 300.
1416 2569 1626 2607 Scholiasta
1644 2570 1812 2607 Nubium
1831 2583 1869 2606 v.
1889 2570 2001 2607 1367.
2041 2570 2212 2619 Μυρρίνης
2229 2569 2296 2618 γὰρ

157 2627 210 2661 καὶ
229 2628 318 2662 δοκεῖ
335 2642 368 2663 τι
384 2626 574 2675 λήψεσθαι,
596 2627 754 2673 ἐμπεσὼν
772 2627 808 2662 δὲ
826 2627 891 2662 ὑπὸ
916 2626 1022 2674 ῥύμης
1040 2622 1111 2661 εἶτα
1127 2626 1206 2671 μέν·
1242 2627 1367 2662 κλάδον
1385 2626 1583 2672 κατέχοντες
1599 2622 1681 2671 ᾖδον
1698 2627 1740 2662 τὰ
1754 2623 1944 2672 Αἰσχύλου,
1961 2625 2078 2672 ὥσπερ
2092 2625 2134 2661 τὰ
2145 2621 2297 2671 Ὀμῆρου

156 2695 208 2715 τοι
227 2682 508 2728 καταπέφλεκται.
538 2681 699 2728 μέμνηται
724 2681 760 2716 δὲ
786 2681 887 2716 αὐτοῦ
912 2681 966 2716 καὶ
991 2682 1010 2716 ὁ
1033 2678 1208 2726 Αἰσχύλος
1242 2681 1326 2727 μετὰ
1358 2681 1499 2726 δάφνης.
1541 2681 1634 2727 παρὰ
1663 2678 1703 2715 τὸ
1736 2678 1926 2726 Αἰσχύλου,
1959 2678 2063 2716 οὕνεκ’
2098 2678 2167 2714 ἐκεῖ
2195 2677 2297 2714 ἄνθεα

158 2736 176 2770 ὁ
195 2736 253 2780 τῆς
269 2736 457 2784 τραγῳδίας
474 2735 612 2781 ποιητὴς
628 2734 740 2782 λέγων
1242 2736 1413 2780 λειμώνια.

265 2789 407 2825 Δέδοικα
424 2794 537 2837 μῶρον
556 2790 660 2837 κάρτα
676 2786 874 2836 πυραύστου
892 2790 1010 2836 μόρον.
1299 2788 1387 2823 301.
1417 2785 1686 2834 Aristophanes
1705 2784 1844 2821 Ranar.
1863 2796 1900 2822 v.
1917 2784 2006 2823 716.

159 2839 376 2878 Attulerunt
405 2841 540 2878 Suidas
563 2840 602 2877 in
628 2841 839 2890 πυραῦστου,
860 2839 1048 2877 Zenobius
1066 2839 1116 2882 V,
1145 2837 1206 2877 79.
1350 2841 1416 2885 Τὴν
1434 2842 1536 2876 πόλιν
1554 2841 1608 2876 καὶ
1628 2838 1720 2876 ταῦτ’
1739 2839 1877 2885 ἔχοντες
1897 2840 2050 2885 κυμάτων
2068 2839 2104 2876 ἐν
2121 2839 2296 2887 ἀγκάλαις.

159 2893 378 2941 Apostolius
396 2894 485 2936 XX,
507 2895 569 2931 65.
1246 2890 1309 2928 ubi
1330 2890 1542 2936 scholiasta,
1565 2892 1713 2938 Δίδυμός
1732 2892 1825 2938 φησι
1842 2892 1935 2938 παρὰ
1953 2890 1992 2925 τὸ
2010 2890 2200 2938 Αἰσχύλου·
2232 2891 2308 2930 ἔστι

214 2948 303 2982 290.
334 2947 500 2996 Scriptor
525 2946 792 2983 dissertationis
817 2946 863 2983 de
887 2946 990 2988 Nilo,
1011 2956 1092 2995 quae
1116 2945 1210 2983 libro
1247 2945 1284 2982 δὲ
1303 2944 1407 2981 ὅντως
1425 2946 1517 2992 παρὰ
1536 2945 1733 2993 Ἀρχιλόχῳ

161 2999 324 3036 secundo
346 3000 519 3037 Athenaei
547 3000 716 3049 subjecta
733 3005 791 3037 est
811 3011 848 3049 p.
873 3001 959 3038 165.
981 2999 1039 3038 ed.
1061 3002 1209 3042 nostrae,
1349 2999 1469 3045 Ψυχὰς
1487 2999 1624 3045 ἔχοντες
1642 2998 1797 3044 κυμάτων
1814 2996 1851 3034 ἐν
1868 2996 2044 3045 ἀγκάλαις.

162 3053 338 3101 Αἰσχύλος
1300 3047 1387 3086 302.
1418 3049 1640 3086 Eustathius
1658 3047 1805 3099 12:641,
1824 3047 1887 3085 59.

268 3108 368 3144 Γένος
384 3109 446 3154 μὲν
464 3108 565 3143 αἰνεῖν
584 3108 733 3153 ἐκμαθὼν
752 3108 935 3155 ἐπίσταμαι
1349 3106 1437 3139 Οὔτε
1456 3104 1560 3149 δῆμος
1578 3103 1648 3139 οὔτ’
1667 3104 1744 3149 ἕτης
1761 3102 1855 3151 ἆνῆρ.

269 3161 462 3198 Αἰθιοπίδος
478 3164 551 3208 γῆς,
571 3164 696 3198 Νεῖλος
715 3162 780 3197 ἕνθ’
800 3163 985 3210 ἑπτάρροος
1301 3154 1388 3191 303.
1418 3154 1641 3191 Busta-thius
1659 3168 1697 3204 p.
1721 3157 1834 3202 1484,
1849 3153 1911 3191 48.
1967 3155 2112 3192 Αἷθίθπα
2128 3157 2212 3204 γθῦν
2230 3156 2303 3204 φω-

268 3217 367 3263 γαῖαν
385 3215 531 3250 κυλίνδει
548 3216 744 3262 πνευμάτων
762 3216 940 3263 ἐπομβρίᾳ,
1244 3209 1306 3256 νὴν
1324 3207 1502 3254 Αἰσχύλος
1519 3211 1625 3256 λέγει,
1647 3210 1712 3251 καὶ,

270 3270 369 3315 ἥλιος
388 3270 422 3304 ἐν
439 3266 460 3314 ᾗ
477 3270 636 3315 πυρωπὸς
655 3269 832 3316 ἐκλάμψας
850 3270 949 3316 χθονὶ
1349 3265 1484 3307 Πότερα
1502 3262 1586 3308 ’γυνή
1605 3276 1655 3300 τις
1673 3263 1807 3310 Αἰθίοψ
1825 3261 2040 3309 φανῆσέῗᾱίὶ

271 3322 363 3368 τήκει
379 3322 541 3370 πετραίαν
558 3324 668 3368 χιόνα·
697 3325 794 3358 πᾶσα
812 3321 841 3358 δ’
861 3323 1004 3369 εὐθαλὴς
1297 3311 1387 3349 304·
1416 3312 1640 3350 EUStathiUS
1659 3326 1695 3363 P·
1722 3313 1833 3357 1625,
1853 3316 1917 3351 43·

272 3376 442 3424 Α’ίγυπτος
459 3376 562 3423 ἁγνοῦ
582 3377 726 3421 νάματος
743 3376 958 3423 πληρουμένη
1347 3369 1599 3413 Λεοντθχόρῗαν
1615 3367 1788 3411 βούβαλίν
1806 3368 1985 3415 ιέ(ΙῖΡὲἸὉνο

271 3430 462 3478 φερέσβιον
481 3429 655 3476 Δήμητρος
673 3429 830 3464 ἀντέλλει
850 3430 991 3476 στάχυν,
1243 3417 1457 3468 Legebatux·
1476 3419 1653 3467 νεαίτερον.
1683 3422 1850 3468 νεαίρετος
1870 3419 2006 3468 Agam.
2030 3417 2141 3455 1063.
2169 3416 2280 3457 1065.

171 3481 216 3517 V.
251 3483 286 3519 2.
321 3481 466 3520 correxi
503 3481 679 3522 librorum
727 3480 947 3535 scripturam
983 3482 1063 3523 ἔνθα
1094 3483 1219 3521 Νεῖλος
1310 3478 1400 3542 3015.
1426 3473 1642 3542 Ειιειῒαῒὴίἰῖιε
1659 3484 1695 3527 p.
1716 3476 1827 3519 1923.
1849 3477 1912 3515 61.
1941 3477 2118 3529 Αἰσχύλος
2131 3477 2225 3521 “Ὧς
2241 3481 2298 3520 λέ·

171 3537 364 3592 ἑπτάρρονςι
1256 3547 1310 3588 γει
1326 3547 1429 3584 γερον
1444 3544 1593 3581 γραμμα.
