2488 3860
215 264 264 314 14

204 2210 272 2241 ΦΥ.

203 2317 275 2346 ΧΟ.

205 2370 272 2400 ΚΡ.

202 2423 272 2453 ΦΥ.

199 3106 266 3138 ΚΡ.

197 3160 266 3190 ΦΥ.

198 3212 265 3243 ΚΡ.

196 3261 265 3291 ΦΥ.

197 3366 264 3396 ΚΡ.

195 3419 264 3451 ΦΥ.

1086 267 1487 314 ΣΟΦΟΚΛΕΟΥΣ

317 369 474 416 ἄφθιτον,
495 371 665 417 ἀκαμάταν
683 373 895 422 ἀποτρύεται,

315 422 504 469 ἰλλομένων
534 425 687 474 ἀρότρων
717 427 792 465 ἔτος
827 428 875 465 εἶς
903 427 990 469 ἔτος,
1015 425 1136 473 ἱππείῳ
1171 425 1266 473 γένει

364 478 522 514 πολεῦον.
1192 491 1256 522 340

315 532 513 580 κουφονόων
551 547 588 568 τε
629 535 745 581 φῦλον
788 534 931 583 ὀρνίθων
972 532 1182 581 ἀμφιβαλὼν
1221 531 1260 566 ἄ-

361 597 428 630 γει,
1042 587 1114 622 ἀντ.
1134 584 1178 621 α’.
1199 597 1261 628 343

307 636 362 672 καὶ
393 636 505 684 θηρῶν
533 639 660 688 ἀγρίων
685 639 776 686 ἔθνη,
805 642 930 677 πόντου
955 639 984 676 τ’
1012 639 1161 676 εἶναλίαν
1188 637 1258 686 φύ-

358 704 415 725 σιν
1194 703 1257 738 345

308 737 485 785 σπείραισι
503 736 801 784 δικτυοκλώστοις,
1221 787 1230 798 ,

304 792 517 839 περιφραδὴς
552 792 647 842 ἀνήρ·
693 797 808 842 κρατεῖ
845 793 882 829 δὲ
917 792 1080 838 μηχαναῖς
1123 790 1250 838 ἄγραυ-

355 846 421 880 λου

307 897 408 945 θηρὸς
425 898 651 946 ὀρεσσιβάτα,
671 899 884 947 λασιαύχενά
902 898 936 935 θ’
1194 908 1257 940 350

305 949 409 987 ἵππον
426 949 560 997 ἀέξεται
578 953 786 1000 ἀμφίλοφον
805 954 906 1000 ζυγὸν
928 953 1059 1000 οὔρειόν
1076 950 1105 987 τ’
1126 950 1258 996 ἀκμῆτα

358 1007 493 1053 ταῦρον.
1193 1015 1258 1046 353

304 1058 358 1093 καὶ
393 1058 533 1105 φθέγμα
561 1059 616 1095 καὶ
651 1060 791 1105 ἀνεμόεν
828 1059 988 1106 φρόνημα
1019 1058 1073 1093 καὶ
1110 1057 1257 1093 ἀστυνό-

359 1126 443 1157 μους
1002 1126 1081 1158 ‹trp-
1101 1109 1151 1153 β’-
1199 1122 1259 1154 355

305 1164 410 1212 ὀργὰς
429 1166 607 1211 ἐδιδάξατο
627 1166 681 1202 καὶ
700 1164 884 1202 δυσαύλων

306 1219 425 1264 πάγων
437 1215 623 1266 ’ὑπαίθρεια
642 1219 697 1254 καὶ
715 1218 900 1265 δύσομβρα
917 1215 1059 1264 φεύγειν
1072 1216 1179 1260 βέλη·

307 1273 522 1319 παντοπόρος·
553 1271 682 1320 ἄπορος
699 1270 751 1308 ἐπ’
771 1271 870 1307 οὐδὲν
888 1271 1023 1318 ἔρχεται

306 1325 345 1358 τὸ
363 1323 512 1369 μέλλον·
537 1323 639 1360 Ἀιδα
655 1326 759 1371 μόνον
777 1324 902 1372 φεῦξιν
920 1322 982 1357 οὐκ
1000 1322 1173 1367 ἐπάξεται·

306 1378 417 1413 νόσων
435 1376 464 1412 δ’
484 1377 666 1424 ἀμηχάνων
684 1378 800 1424 φυγὰς
817 1373 1104 1422 ξυμπέφρασται·

304 1428 419 1471 σοφόν
462 1444 495 1464 τι
540 1431 579 1465 τὸ
624 1432 793 1476 μηχανόεν
836 1429 957 1474 τέχνας
1002 1428 1088 1476 ὑπὲρ
1144 1425 1257 1462 ἐλπίδ’

355 1477 445 1522 ἔχων
1043 1476 1115 1515 ἇντ·
1135 1476 1185 1520 β’·

310 1528 395 1563 ποτὲ
413 1531 475 1573 μὲν
492 1529 604 1568 κακὸν,
624 1524 743 1564 ἄλλοτ’
763 1526 814 1563 ἐπ’
836 1526 964 1563 ἐσθλὸν
982 1526 1089 1575 ἕρπει,

307 1582 430 1622 νόμους
447 1585 620 1628 παραιρῶν
632 1577 757 1627 χθονὸς
776 1580 859 1615 θεῶν
878 1579 908 1616 τ’
927 1581 1064 1628 ἔνορκον
1083 1582 1178 1617 δίκαν

304 1633 476 1680 ὑψίπολις
493 1633 628 1678 ἄπολις,
649 1633 716 1680 ὅτῳ
733 1634 773 1669 τὸ
791 1633 836 1678 μὴ
855 1634 960 1670 καλὸν

305 1685 455 1729 ξύνεστι,
475 1687 604 1730 τόλμας
621 1685 735 1731 χάριν.
764 1683 840 1731 μήτ’
860 1685 935 1730 ἐμοὶ
953 1685 1136 1732 παρέστιος

303 1740 436 1782 γένοιτο
450 1737 525 1784 μήτ’
544 1736 624 1773 ἰ’σον
642 1738 781 1784 φρονῶν
798 1736 836 1775 ὃς
852 1738 924 1774 τάδ’
945 1737 1045 1786 ἔρδει.
1194 1750 1234 1785 37
1239 1755 1256 1786 5

310 1793 344 1824 ε“ς
363 1790 535 1832 δαιμονιον
553 1787 651 1834 τέρας
669 1789 827 1835 ἀμφινοῶ

310 1841 400 1879 τόδε,
420 1842 492 1875 πῶς
511 1837 607 1876 εἷδὼς
624 1840 842 1889 ἀντιλογήσω

311 1891 400 1937 τήνδ’
422 1891 482 1926 οὐκ
501 1888 584 1927 εἶναι
601 1891 694 1929 παῖδ’
710 1893 918 1942 Ἀντιγόνην.

311 1944 337 1980 ὦ
358 1944 524 1988 δύστηνος

308 1995 362 2029 καὶ
381 1995 550 2040 δυστήνου
569 1999 697 2046 πατρὸς
716 2000 892 2043 Οἶδιπόδα,

308 2047 342 2082 τί
360 2047 458 2088 ποτ’;
489 2046 529 2084 οὗ
548 2048 588 2096 δή
607 2066 674 2087 που
694 2053 738 2088 σέ
753 2053 787 2102 γ’
805 2055 1022 2093 ἀπιστοῦσαν

307 2102 378 2136 τοῖς
395 2101 632 2143 βασιλείοισιν
650 2104 775 2153 ἄγουσι
794 2109 908 2154 νόμοις

307 2154 362 2188 καὶ
381 2154 416 2188 ἐν
434 2154 617 2202 ἀφροσύνῃ
636 2158 858 2202 καθελόντες;

306 2206 359 2252 ἥδ’
376 2205 449 2242 ἔστ’
469 2208 575 2254 ἐκείνη
593 2212 739 2260 τοῦργον
756 2212 776 2258 ἡ
794 2213 1046 2262 ’ξειργασμένη·

305 2258 395 2304 τήνδ’
415 2257 551 2306 εἵλομεν
570 2262 779 2302 θάπτουσαν.
809 2267 902 2303 ἀλλὰ
914 2271 981 2304 ποῦ
1001 2270 1138 2317 Κρέων,

308 2311 357 2347 ὅδ’
378 2312 414 2347 ἐκ
432 2313 544 2359 δόμων
561 2315 719 2364 ἄψορρος
742 2320 777 2357 ἐς
795 2320 872 2358 δέον
896 2325 995 2370 περᾷ.

308 2365 343 2400 τί
360 2363 389 2400 δ’
408 2367 505 2407 ἕστι;
534 2369 616 2415 ποίᾳ
635 2368 824 2419 ξύμμετρος
841 2377 997 2422 προῦβην
1014 2374 1123 2423 τύχῃ;

305 2419 401 2462 ἄναξ,
420 2421 601 2468 βροτοῖσιν
619 2423 717 2459 οὐδέν
735 2425 807 2461 ἐστ’
826 2427 1018 2474 ἀπώμοτον.

306 2470 430 2518 ψεύδει
446 2474 513 2520 γὰρ
532 2473 552 2519 ἡ
570 2474 695 2511 ’πίνοια
713 2478 773 2523 τὴν
790 2481 938 2527 γνώμην·
969 2482 1042 2518 ἐπεὶ

308 2526 424 2571 σχολῇ
448 2527 532 2562 ποθ’
550 2527 643 2572 ἥξειν
662 2530 751 2577 δεῦρ’
771 2531 811 2567 ἂν
830 2532 996 2581 ἐξηύχουν
1012 2535 1091 2583 ἐγὼ,

309 2580 382 2614 ταῖς
401 2580 478 2615 σαῖς
496 2578 663 2622 ἀπειλαῖς,
684 2580 736 2620 αἷς
754 2584 962 2633 ἐχειμάσθην
979 2590 1069 2624 τότε.

305 2630 349 2665 ἀλ
374 2629 383 2643 ’
403 2629 423 2675 ἢ
441 2631 508 2678 γὰρ
527 2632 622 2670 ἐκτὸς
639 2636 693 2671 καὶ
710 2637 788 2685 παρ’
809 2639 955 2677 ἐλπίδας
971 2641 1062 2690 χαρὰ

304 2684 411 2719 ἔοικεν
428 2685 519 2729 ἄλλῃ
538 2688 643 2731 μῆκος
661 2688 759 2725 οὐδὲν
776 2690 891 2738 ἡδονῇ,

305 2736 386 2781 ἥκω,
406 2736 449 2772 δι’
468 2737 576 2784 ὅρκων
595 2740 714 2788 καίπερ
733 2743 778 2778 ὧν
796 2744 985 2791 ἀπώμοτος,

305 2791 405 2836 κόρην
422 2789 514 2837 ἄγων
531 2790 633 2837 τήνδ’,
654 2791 674 2838 ἢ
693 2795 876 2845 καθευρέθη
893 2801 1007 2846 τάφον

304 2845 495 2887 κοσμοῦσα.
525 2846 649 2892 κλῆρος
668 2847 778 2884 ἐνθάδ’
797 2850 857 2886 οὐκ
875 2852 1058 2896 ἐπάλλετο,

303 2895 348 2930 ἀλ
374 2894 382 2907 ’
402 2895 475 2931 ἔστ’
495 2895 575 2942 ε’μὸν
593 2897 787 2946 θοῦρμαιον,
805 2904 868 2939 οὐκ
885 2905 1008 2948 ἄλλου,
1028 2909 1119 2944 τόδε.

304 2948 358 2983 καὶ
375 2950 445 2990 νῦν,
464 2949 560 2994 ἄναξ,
581 2950 670 2997 τήνδ’
690 2953 801 2996 αὐτὸς,
822 2957 866 2993 ὧς
885 2957 1006 3000 θέλεις,
1025 2960 1155 3003 λαβὼν,

303 2998 357 3032 καὶ
375 2999 465 3044 κρῖνε
484 2999 681 3046 κάξέλεγχ’·
713 3003 779 3047 ἐγὼ
798 3004 828 3039 δ’
848 3005 1028 3054 ἐλεύθερος

303 3050 430 3086 δίκαιός
449 3050 516 3096 εἶμι
534 3053 631 3087 τῶνδ’
652 3054 874 3102 ἀπηλλάχθαι
893 3064 1013 3095 κακῶν.

299 3102 393 3150 ἄγεις
410 3103 446 3139 δὲ
465 3103 564 3149 τήνδε
581 3107 628 3153 τῷ
646 3109 761 3156 τρόπῳ
778 3109 883 3145 πόθεν
899 3113 1038 3155 λαβών;

300 3153 383 3201 αὕτη
401 3157 461 3192 τὸν
478 3157 570 3204 ἄνδρ’
589 3158 725 3195 ἔθαπτε.
754 3162 850 3197 πάντ’
871 3163 1068 3202 ἐπίστασαι.

299 3206 319 3252 ἦ
339 3209 393 3244 καὶ
411 3209 525 3254 ξυνίης
539 3211 592 3246 καὶ
609 3211 722 3255 λέγεις
741 3213 850 3258 ὀρθῶς
863 3215 884 3250 ἃ
903 3217 994 3261 φῄς;

299 3256 422 3301 ταύτην
438 3259 472 3303 γ’
490 3257 570 3292 ἰδὼν
588 3258 785 3295 θάπτουσαν
803 3262 842 3296 ὃν
860 3264 906 3297 σὺ
923 3266 983 3298 τὸν
1001 3268 1116 3313 νεκρὸν

298 3309 454 3345 ἀπεῖπας.
483 3307 536 3357 ἆρ’
554 3311 678 3356 ἔνδηλα
696 3313 750 3348 καὶ
769 3315 867 3360 σαφῆ
886 3315 1000 3363 λέγω;

305 3363 359 3397 καὶ
376 3365 449 3398 πῶς
466 3364 584 3409 ὁρᾶται
603 3364 814 3410 κάπίληπτος
828 3367 932 3414 ᾑρέθη
948 3383 957 3410 ;

298 3417 453 3450 τοιοῦτον
470 3413 511 3459 ἦν
527 3417 567 3451 τὸ
584 3418 724 3464 πρᾶγμ’.
755 3418 846 3457 ὅπως
863 3421 929 3468 γὰρ
947 3422 1081 3469 ἥκομεν,

297 3468 384 3515 πρὸς
401 3470 468 3503 σοῦ
485 3469 527 3503 τὰ
546 3469 625 3504 δείν’
641 3470 739 3516 ,ἐκεῖν’
759 3471 1030 3519 ἐπηπειλημένοι,

295 3522 412 3557 πᾶσαν
429 3522 520 3556 κόνιν
538 3521 701 3569 σήραντες
720 3523 739 3571 ἣ
759 3528 892 3572 κατεῖχε
910 3529 969 3562 τὸν

297 3573 403 3615 νέκυν,
422 3574 536 3618 μυδῶν
553 3590 590 3612 τε
609 3580 707 3620 σῶμα
724 3580 963 3624 γυμνώσαντες
981 3580 1028 3623 εὖ.

1202 1271 1262 1312 360

1194 2012 1253 2052 38c

1192 2551 1255 2584 390

1189 2817 1250 2850 395

1187 3078 1255 3109 400

1183 3331 1244 3366 40⁵

1180 3599 1243 3628 410

1204 1482 1266 1524 365
1286 1542 1287 1548 ἵ

1285 1555 1288 1573 1

1284 1580 1287 1621 Ι

1283 1625 1286 1638 1

1194 1647 1253 1681 370
1282 1693 1284 1704 >

1281 1725 1283 1739 ι

1280 1741 1282 1753 Ι

1302 1953 1357 1983 ΚΡ
1362 1973 1371 1983 .

1299 2047 1373 2078 AN.

1299 2100 1367 2130 KP.

1299 2313 1374 2343 AN.

1301 2367 1368 2397 KP.

1301 2420 1373 2450 AN.

1296 3519 1365 3551 XO.

1406 371 1568 419 καθήμεθ’
1587 371 1698 418 ἄκρων
1715 370 1751 406 ἐκ
1769 371 1886 418 πάγων
1903 369 2076 416 ὑπήνεμοι,

1406 427 1518 473 ὀσμὴν
1535 424 1591 461 ἀπ’
1611 425 1715 460 αὐτοῦ
1732 423 1778 469 μὴ
1796 424 1899 467 βάλοι
1906 424 2131 471 πεφευγότες,

1407 480 1520 528 ἐγερτὶ
1537 481 1635 514 κινῶν
1652 476 1743 524 ἄνδρ’
1763 476 1847 524 ἀνὴρ
1866 475 2058 525 ἐπιρρόθοις

1410 534 1575 573 κακοῖσιν,
1596 528 1629 566 εἴ
1643 545 1694 568 τις
1712 529 1815 570 τοῦδ’.
1823 528 2010 577 ἀφειδήσοι
2026 530 2143 566 πόνου.

1406 588 1530 634 χρόνον
1547 583 1619 620 τάδ’
1638 582 1680 628 ἦν
1693 585 1872 624 τοσοῦτον,
1893 583 1967 635 ἔστ’
1986 584 2023 620 ἐν
2040 584 2150 629 αἰθέρι

1407 640 1504 688 μέσῳ
1523 638 1668 682 κατέστη
1685 636 1844 684 λαμπρὸς
1861 635 1961 681 ἡλίου
1979 633 2103 671 κύκλος

1409 693 1463 728 καὶ
1482 693 1578 737 καῦμ’
1595 690 1734 726 ἔθαλπε·
1765 689 1820 725 καὶ
1837 685 1907 724 τότ’
1925 687 2088 735 ἐξαίφνης
2104 685 2229 733 χθονὸς

1409 746 1528 792 τυφὼς
1545 744 1659 791 ἀείρας
1678 738 1844 788 σκηπτὸν,
1864 741 2021 789 οὐράνιον
2037 740 2134 787 ἄχος,

1408 799 1584 844 πίμπλησι
1600 796 1731 837 πεδίον,
1750 797 1866 831 πᾶσαν
1883 794 2019 838 αἰκίζων
2035 794 2153 840 φόβην

1410 850 1495 896 ὕλης
1511 851 1682 890 πεδιάδος,
1703 849 1739 884 ἐν
1756 847 1786 884 δ’
1806 847 1981 894 ἐμεστώθη
1999 846 2106 895 μέγας

1411 903 1522 952 αἰθήρ·
1552 902 1721 948 μύσαντες
1740 901 1769 937 δ’
1788 898 1925 948 εἴχομεν
1942 899 2036 936 θείαν
2054 901 2171 936 νόσον.

1411 958 1466 993 καὶ
1483 956 1574 992 τοῦδ’
1594 954 1853 1003 ἀπαλλαγέντος
1871 954 1907 990 ἐν
1923 955 2037 1003 χρόνῳ
2053 954 2183 1002 μακρῷ,

1411 1011 1432 1056 ἡ
1450 1012 1529 1047 παῖς
1547 1011 1678 1057 ὁρᾶται,
1698 1005 1901 1044 κάνακωκύει
1917 1007 2040 1054 πικρᾶς

1410 1063 1546 1109 ὄρνιθος
1563 1062 1645 1107 ὀξὺν
1662 1061 1833 1109 φθόγγον,
1853 1061 1899 1097 ὧς
1916 1059 1997 1096 ὅταν
2014 1059 2110 1104 κενῆς

1412 1118 1508 1162 εὐνῆς
1526 1119 1683 1152 νεοσσῶν
1700 1114 1852 1162 ὀρφανὸν
1869 1113 1992 1160 βλέψῃ
2009 1111 2128 1158 λέχος·

1412 1168 1500 1206 οὕτω
1519 1169 1557 1205 δὲ
1573 1170 1696 1216 χαῦτη,
1716 1168 1828 1215 ψιλὸν
1846 1167 1891 1203 ὧς
1909 1168 1972 1214 ὁρᾷ
1990 1165 2098 1206 νέκυν,

1410 1227 1547 1268 γόοισιν
1565 1220 1756 1271 ἐξῴμωξεν,
1776 1220 1814 1256 ἐκ
1831 1219 1860 1255 δ’
1880 1219 1964 1267 ἀρὰς
1982 1218 2085 1254 κακὰς

1413 1275 1518 1324 ἠρᾶτο
1536 1277 1629 1310 τοῖσι
1647 1276 1793 1321 τοῦργον
1811 1271 2099 1320 ἐξειργασμένοις.

1412 1330 1467 1365 καὶ
1484 1329 1608 1375 χερσὶν
1626 1327 1725 1364 εὐθὺς
1743 1325 1866 1372 διψίαν
1884 1325 1985 1372 φέρει
2003 1325 2107 1364 κόνιν,

1411 1381 1448 1415 ἔκ
1466 1378 1495 1414 τ’
1515 1375 1717 1424 εὐκροτήτου
1734 1374 1884 1421 χαλκέας
1900 1371 2005 1419 ἄρδην
2021 1373 2156 1419 πρόχου

1412 1433 1532 1479 χοαῖσι
1550 1427 1790 1476 τρισπόνδοισι
1808 1426 1867 1461 τὸν
1885 1425 1981 1461 νέκυν
1999 1425 2137 1472 στέφει.

1411 1483 1532 1532 χῆμεῖς
1551 1482 1678 1518 ἷδόντες
1697 1477 1850 1526 ἱέμεσθα,
1871 1477 1936 1514 σὺν
1954 1477 1994 1513 δέ
2011 1492 2062 1513 νιν

1413 1535 1582 1580 θηρώμεθ’
1603 1534 1701 1570 εὐθὺς
1718 1532 1816 1568 οὐδὲν
1835 1529 2122 1576 ἐκπεπληγμένην·

1407 1582 1463 1617 καὶ
1479 1582 1539 1617 τάς
1557 1595 1594 1615 τε
1611 1579 1766 1627 πρόσθεν
1783 1581 1843 1617 τάς
1860 1595 1898 1615 τε
1916 1582 1974 1615 νῦν
1990 1577 2184 1627 ἠλέγχομεν

1407 1633 1560 1681 πράξεις·
1590 1633 1738 1680 ἄπαρνος
1756 1633 1785 1669 δ’
1804 1633 1940 1669 οὐδενὸς
1958 1631 2156 1674 καθίστατο,

1405 1683 1459 1728 ἅμ’
1481 1683 1585 1728 ἡδέως
1605 1685 1720 1731 ἔμοιγε
1740 1683 1927 1730 κάλγεινῶς
1944 1683 2024 1728 ἅμα.

1402 1735 1442 1769 τὸ
1460 1734 1522 1779 μὲν
1538 1734 1606 1781 γὰρ
1624 1733 1725 1769 αὐτὸν
1744 1734 1780 1769 ἐκ
1799 1737 1907 1768 κακῶν
1924 1735 2131 1781 πεφευγέναι

1405 1787 1558 1832 ἥδιστον,
1580 1786 1615 1822 ἐς
1633 1787 1733 1821 κακὸν
1751 1786 1789 1821 δὲ
1807 1785 1886 1822 τοὺς
1904 1786 2032 1831 φίλους
2050 1786 2144 1834 ἄγειν

1406 1840 1576 1887 ἀλγεινόν.
1605 1838 1698 1874 ἀλλὰ
1715 1839 1825 1875 πάντα
1842 1838 1940 1874 ταῦθ’
1960 1838 2061 1885 ἥσσω
2079 1839 2202 1883 λαβεῖν

1408 1892 1482 1938 ἐμοὶ
1495 1891 1629 1939 πέφυκε
1646 1893 1706 1938 τῆς
1724 1891 1804 1937 ἐμῆς
1823 1892 2003 1940 σωτηρίας.

1407 1946 1450 1980 σὲ
1469 1944 1521 1989 δὴ,
1544 1943 1667 1989 σε’ντήν
1685 1943 1853 1979 νεύουσαν
1871 1945 1906 1981 ἐς
1922 1945 2027 1981 πέδον
2045 1946 2144 1990 κάρα,

1405 1988 1486 2035 φῂς,
1507 1988 1526 2034 ἢ
1546 1993 1703 2037 καταρνεῖ
1718 1991 1764 2037 μὴ
1784 1993 1977 2040 δεδρακέναι
1995 1997 2075 2032 τάδε
2082 2011 2091 2039 ;

1403 2042 1458 2077 καὶ
1476 2043 1565 2088 φημὶ
1584 2043 1709 2090 δρᾶσαι
1728 2045 1809 2080 κούκ
1827 2046 2038 2094 ἀπαρνοῦμαι
2055 2052 2095 2086 τὸ
2111 2049 2172 2098 μή.

1403 2094 1448 2129 σὺ
1465 2096 1527 2141 μὲν
1546 2096 1695 2141 κομίζοις
1713 2098 1753 2133 ἂν
1771 2101 1916 2135 σεαυτὸν
1932 2098 1956 2146 ᾗ
1973 2101 2088 2140 θέλεις

1404 2148 1470 2192 ἔξω
1488 2149 1630 2195 βαρείας
1647 2150 1755 2187 αἷτίας
1773 2151 1967 2200 ἐλεύθερον·

1405 2201 1451 2235 σὺ
1469 2201 1498 2236 δ’
1518 2202 1592 2237 εἶπέ
1607 2217 1665 2248 μοι
1683 2204 1728 2249 μὴ
1747 2206 1862 2250 μῆκος,
1883 2207 1976 2242 ἀλλὰ
1995 2207 2159 2256 σύντομα,

1402 2252 1485 2299 ᾔδης
1502 2255 1544 2289 τὰ
1563 2257 1772 2302 κηρυχθέντα
1789 2258 1834 2303 μὴ
1853 2260 2027 2306 πράσσειν
2044 2264 2148 2305 τάδε;

1402 2305 1480 2353 ᾔδη·
1509 2307 1544 2342 τί
1562 2308 1590 2343 δ’
1611 2309 1671 2343 οὐκ
1689 2310 1860 2355 ἕμελλον;
1892 2313 2024 2360 ἐμφανῆ
2043 2316 2110 2364 γὰρ
2128 2315 2181 2362 ἦν.

1403 2361 1456 2395 καὶ
1475 2360 1547 2406 δῆτ’
1568 2361 1714 2408 ἐτόλμας
1731 2362 1849 2399 τούσδ’
1869 2365 2086 2413 ὑπερβαίνειν
2103 2371 2246 2416 νόμους;

1403 2413 1443 2449 οὐ
1460 2415 1527 2461 γάρ
1546 2415 1580 2449 τί
1596 2429 1653 2460 μοι
1672 2416 1753 2453 Ζεὺς
1770 2415 1811 2461 ἦν
1829 2419 1847 2452 ὁ
1867 2418 2012 2466 κηρύξας
2029 2422 2110 2458 τάδε

1406 2466 1476 2502 οὐδ’
1496 2467 1515 2512 ἡ
1535 2467 1688 2512 ξύνοικος
1706 2473 1773 2505 τῶν
1791 2471 1879 2506 κάτω
1899 2471 1985 2508 θεῶν
2002 2474 2099 2520 Δίκη,

1403 2513 1456 2566 [οἳ
1473 2517 1592 2554 τούσδ’
1610 2521 1646 2556 ἐν
1663 2522 1894 2570 ἀνθρώποισιν
1912 2526 2042 2572 ὥρισαν
2059 2530 2215 2580 νόμους]

1402 2572 1480 2607 οὐδὲ
1500 2572 1634 2608 σθένειν
1651 2577 1821 2610 τοσοῦτον
1839 2575 1952 2624 ᾠόμην
1969 2579 2011 2613 τὰ
2031 2580 2079 2615 σὰ

1402 2623 1591 2673 κηρύγμαθ’
1612 2626 1694 2662 ὥστ’
1713 2627 1870 2675 ἄγραπτα
1888 2631 2053 2678 κάσφαλῆ
2073 2632 2159 2670 θεῶν

1402 2679 1524 2724 νόμιμα
1542 2678 1707 2715 δύνασθαι
1726 2680 1846 2724 θνητὸν
1864 2681 1938 2718 ὄνθ’
1956 2684 2192 2734 ὑπερδραμεῖν.

1401 2731 1441 2766 οὗ
1459 2733 1525 2779 γάρ
1543 2746 1577 2767 τι
1595 2735 1654 2768 νῦν
1670 2748 1711 2780 γε
1730 2734 1866 2781 κάχθὲς,
1886 2736 1966 2772 ἀλλ’
1985 2738 2038 2773 ἀεί
2054 2753 2138 2776 ποτε

1402 2784 1440 2829 ζῇ
1460 2789 1577 2826 ταῦτα,
1598 2786 1728 2823 κούδεὶς
1746 2785 1838 2824 οἶδεν
1856 2789 1895 2833 ἐξ
1913 2789 1992 2825 ὅτου
2011 2790 2128 2838 ’φάνη.

1400 2835 1529 2873 τούτων
1547 2839 1614 2886 ἐγὼ
1632 2839 1693 2874 οὐκ
1711 2841 1868 2886 ἔμελλον,
1888 2842 2010 2890 ἀνδρὸς
2027 2845 2164 2884 οὐδενὸς

1401 2890 1560 2936 φρόνημα
1579 2889 1728 2934 δείσασ’,
1749 2894 1785 2929 ἐν
1803 2894 1914 2930 θεοῖσι
1932 2896 1993 2941 τὴν
2011 2897 2105 2943 δίκην

1401 2942 1536 2979 δώσειν.
1568 2944 1751 2991 θανουμένη
1769 2947 1836 2995 γὰρ
1855 2947 1967 2994 ἐξῄδη,
1987 2950 2022 2985 τί
2039 2949 2070 2987 δ’
2087 2953 2152 2994 οὕς

1400 2989 1451 3024 κεῖ
1467 2990 1513 3035 μὴ
1533 2991 1579 3026 σὺ
1596 2993 1846 3041 προύκήρυξας.
1875 2998 1907 3032 εἰ
1924 2998 1961 3033 δὲ
1979 3002 2040 3034 τοῦ
2057 3003 2185 3047 χρόνου

1399 3043 1553 3089 πρόσθεν
1571 3044 1744 3090 θανοῦμαι,
1766 3048 1884 3094 κέρδος
1900 3050 1972 3085 αὕτ’
1992 3052 2058 3099 ἐγὼ
2076 3054 2181 3102 λέγω.
2212 3091 2216 3098 .

1400 3094 1497 3132 ὅστις
1514 3097 1581 3137 γὰρ
1600 3097 1636 3131 ἐν
1653 3101 1840 3136 πολλοῖσιν
1859 3102 1903 3137 ὡς
1921 3103 1988 3147 ἐγὼ
2007 3108 2119 3143 κακοῖς

1399 3144 1450 3188 ζῇ,
1471 3148 1542 3182 πῶς
1560 3146 1608 3181 ὅδ’
1628 3147 1706 3194 οὐχὶ
1725 3150 1895 3186 κατθανὼν
1912 3151 2029 3200 κέρδος
2047 3156 2164 3204 φέρεις

1398 3194 1505 3233 οὕτως
1523 3199 1638 3247 ἔμοιγε
1657 3202 1756 3237 τοῦδε
1774 3205 1835 3238 τοῦ
1851 3206 1959 3252 μόρου
1975 3210 2092 3254 τυχεῖν

1397 3249 1476 3296 παρ’
1496 3251 1594 3286 οὐδὲν
1612 3252 1729 3300 ἄλγος·
1760 3255 1839 3291 ἀλλ’
1858 3257 1910 3298 ἂν,
1930 3258 1960 3293 εἰ
1977 3261 2038 3295 τὸν
2055 3261 2095 3306 ἐξ
2112 3263 2194 3309 ἐμῆς

1400 3303 1526 3350 μητρὸς
1545 3304 1673 3341 θανόντ’
1694 3307 1845 3344 ἄθαπτον
1864 3305 2040 3355 ἠνσχόμην
2057 3310 2164 3354 νέκυν,

1401 3355 1521 3392 κείνοις
1538 3356 1579 3392 ἂν
1596 3360 1741 3406 ἤλγουν·
1771 3360 1889 3398 τοῖσδε
1906 3362 1936 3398 δ’
1955 3364 2016 3399 οὐκ
2033 3365 2233 3415 ἀλγύνομαι.

1397 3408 1456 3443 σοὶ
1474 3406 1504 3444 δ’
1523 3409 1553 3444 εἶ
1571 3410 1659 3447 δοκῶ
1677 3415 1736 3448 νῦν
1751 3417 1849 3462 μῶρα
1865 3415 1984 3462 δρῶσα
2001 3420 2191 3466 τυγχάνειν,

1397 3461 1525 3507 σχεδόν
1541 3476 1574 3497 τι
1591 3465 1693 3514 μώρῳ
1710 3467 1840 3514 μωρίαν
1856 3466 2072 3514 ὀφλισκάνω.

1395 3514 1496 3558 δηλοῖ
1511 3516 1550 3550 τὸ
1568 3516 1701 3562 γέννημ’
1721 3519 1812 3564 ὠμὸν
1830 3519 1869 3564 ἐξ
1887 3521 1978 3566 ὦμοῦ
1996 3526 2125 3572 πατρὸς

1395 3569 1455 3614 τῆς
1470 3569 1603 3606 παιδός·
1634 3569 1733 3607 εἴκειν
1751 3573 1781 3608 δ’
1799 3573 1859 3609 οὐκ
1878 3574 2058 3613 ἐπίσταται
2076 3580 2202 3619 κακοῖς.

2293 568 2371 629 4¹5,x

2298 836 2362 890 4¹22>

2298 1385 2360 1417 430

2295 1644 2356 1678 43⁵

2294 1905 2355 1938 440

2292 2172 2352 2207 445

2290 2439 2351 2472 450

2287 2703 2348 2739 45⁵
2386 2694 2394 2700 ”

2277 3487 2339 3523 470
