2488 3860
221 286 302 332 530

219 395 284 429 ΛΥ.

221 1649 322 1681 ΠΡΟ.

221 1805 290 1837 ΛΥ.

227 2018 327 2049 ΠΡΟ.

229 2071 294 2101 ΛΥ.

1049 297 1505 342 ΑΡΙΣΤΟΦΑΝΟΎΣ

406 394 537 439 πρῶτον
553 392 614 438 μὲν
631 392 744 439 ἐχρῆν,
764 393 880 441 ὥσπερ
895 395 1002 431 πόκου
1017 396 1052 431 ἐν
1068 398 1247 444 βαλανείῳ,

321 444 543 482 ἐκπλύναντας
569 445 628 490 τὴν
654 444 835 491 οἰσπώτην,
868 447 904 482 ἐκ
934 449 992 492 τῆς
1029 449 1160 485 πόλεως
1195 450 1248 485 ἐπὶ

376 498 488 543 κλίνης
1188 512 1247 545 575

321 548 527 596 ἐκραβδίζειν
553 548 631 585 τοὺς
659 549 850 597 μοχθηροὺς
877 552 931 586 καὶ
964 551 1041 588 τοὺς
1070 553 1251 599 τριβόλους

373 600 550 645 ἀπολέξαι,

321 653 374 689 καὶ
393 652 471 691 τούς
493 665 533 699 γε
561 652 821 695 συνισταμένους
846 653 983 691 τούτους
1010 657 1063 691 καὶ
1088 656 1166 693 τοὺς
1194 671 1248 692 πι-

371 706 514 741 λοῦντας
531 705 668 742 ἑαυτοὺς

321 756 376 794 ἐπὶ
401 759 472 793 ταῖς
497 757 636 804 ἀρχαῖσι
663 755 811 803 διαξῆναι
838 760 890 794 καὶ
911 759 969 795 τὰς
993 760 1143 807 κεφαλὰς
1166 761 1250 796 ἀπο-

371 811 473 846 τῖλαι·

321 858 391 897 εἶτα
402 861 525 905 ξαίνειν
538 861 585 897 εἷς
603 862 806 898 καλαθίσκον
824 864 934 908 κοινὴν
951 866 1078 899 εὔνοιαν
1095 865 1250 905 ἅπαντας,

323 912 582 961 καταμιγνύντας
608 912 685 951 τούς
711 930 747 949 τε
777 916 950 959 μετοίκους
974 914 1025 951 κεῖ
1039 931 1089 953 τις
1115 918 1209 962 ξένος
1232 918 1251 963 ἢ

375 966 479 1012 φίλος
496 966 582 1011 ὑμῖν,
1192 975 1253 1014 580

322 1016 373 1053 κεῖ
397 1032 447 1055 τις
475 1018 608 1064 ὀφείλει
641 1023 687 1066 τῷ
716 1020 879 1068 δημοσίῳ,
906 1021 959 1055 καὶ
987 1019 1124 1059 τούτους
1152 1022 1251 1070 ἐγκα-

372 1070 517 1116 ταμῖξαι·

321 1125 374 1157 καὶ
398 1123 435 1167 νὴ
461 1123 524 1157 Δία
547 1124 605 1159 τάς
629 1138 669 1170 γε
692 1126 821 1164 πόλεις,
842 1126 966 1159 ὁπόσαι
988 1126 1045 1169 τῆς
1065 1127 1126 1172 γῆς
1155 1128 1252 1172 τῆσδ’

374 1175 461 1210 εἰσὶν
477 1175 620 1215 ἄποικοι,

324 1227 575 1274 διαγιγνώσκειν
593 1227 644 1262 ὅτι
662 1227 758 1262 ταῦθ’
777 1228 854 1274 ἡμῖν
871 1229 987 1275 ὥσπερ
1004 1230 1046 1265 τὰ
1064 1233 1254 1279 κατάγματα

374 1292 475 1314 κειται

322 1332 426 1378 χωρὶς
453 1331 605 1366 ἕκαστον
636 1329 705 1377 κᾷτ’
728 1333 793 1368 ἀπὸ
817 1332 943 1368 τούτων
968 1336 1100 1369 πάντων
1123 1337 1162 1371 τὸ
1193 1337 1250 1373 κά-

376 1397 484 1430 ταγμα
501 1385 669 1426 λαβόντας

323 1437 420 1482 δεῦρο
450 1436 601 1482 ξυνάγειν
636 1438 689 1471 καὶ
717 1437 944 1484 συναθροίζειν
970 1439 1017 1475 εἶς
1043 1440 1089 1480 ἓν,
1117 1440 1254 1476 κᾶπειτα

373 1490 512 1533 ποιῆσαι
1193 1498 1251 1538 585

323 1539 472 1585 τολύπην
492 1542 652 1587 μεγάλην,
672 1538 740 1587 κᾷτ’
761 1542 795 1576 ἐκ
813 1541 933 1588 ταύτης
956 1545 1002 1592 τῷ
1031 1542 1123 1593 δήμῳ
1152 1547 1251 1592 χλαῖ·
1284 1571 1287 1575 ›

375 1607 432 1628 ναν
449 1593 584 1638 ὑφῆναι.

350 1646 468 1680 οὔκουν
495 1646 600 1680 δεινὸν
627 1647 721 1681 ταυτὶ
745 1646 865 1684 ταύτας
885 1647 1054 1694 ῥαβδίζειν
1075 1651 1128 1686 καὶ
1153 1653 1251 1686 τολυ-

426 1696 434 1706 Ι

374 1712 496 1737 πευειν,

323 1746 374 1785 αἷς
391 1750 468 1784 οὐδὲ
485 1751 587 1795 μετῆν
603 1751 689 1786 πάνυ
707 1754 767 1787 τοῦ
785 1754 958 1797 πολέμου·
949 1782 959 1798 ,

803 1806 856 1840 καὶ
872 1807 947 1851 μὴν,
968 1807 993 1842 ὦ
1010 1809 1252 1856 παγκατάρατε,

324 1853 460 1889 πλεῖν’
445 1855 482 1899 ηὲ
505 1855 646 1890 διπλοῦν
666 1856 766 1890 αὐτὸν
787 1858 946 1904 φερομεν.
984 1862 1175 1906 πρώτιστον
1195 1861 1255 1906 μέν

373 1921 413 1952 γε
430 1909 586 1942 τεκοῦσαι

326 1958 567 2005 κάκπέμψασαι
584 1961 703 1996 παῖδας
721 1962 870 1999 ὁπλίτας
1194 1978 1256 2010 590

817 2011 912 2058 σίγα,
932 2013 975 2057 μὴ
993 2009 1254 2057 μνησικακήσῃς

328 2062 391 2103 εἶθ’
420 2065 500 2110 ἡνίκ’
525 2065 623 2111 ἐχρῆν
653 2063 874 2111 εὐφρανθῆναι
902 2065 954 2099 καὶ
980 2065 1037 2108 τῆς
1063 2063 1148 2109 ἥβης
1174 2063 1257 2098 ἀπο-

381 2120 518 2156 λαῦσαι,

332 2172 586 2215 μονοκοιτοῦμεν
612 2170 666 2204 διὰ
700 2170 758 2206 τὰς
789 2169 956 2216 στρατιάς.

382 2223 441 2266 μὲν
459 2222 544 2261 ε’ἇτε,

333 2276 409 2322 περὶ
426 2279 491 2309 τῶν
515 2274 551 2311 δὲ
569 2277 675 2320 κορῶν
692 2274 726 2310 ἐν
749 2275 818 2310 τοῖς
836 2273 998 2318 θαλάμοις
1020 2274 1263 2319 γηρασκουσῶν

384 2327 533 2372 ἀνιῶμαι.

999 2169 1051 2202 καὶ
1086 2165 1264 2213 θήμέτερον

231 2383 332 2415 ΠΡΟ.
361 2381 480 2414 οὔκουν
501 2380 641 2427 χανδρες
658 2379 908 2426 γηράσκουσιν·
900 2405 909 2418 ,

232 2436 299 2468 ΛΥ.

686 2430 766 2497 Ημὰ
763 2429 831 2469 Δί’,
850 2429 929 2464 ἀλλ’
950 2444 1008 2464 ουκ
1026 2442 1119 2464 ειπας
1136 2442 1261 2473 ομοιον.

335 2486 352 2518 ὁ
375 2484 435 2528 μὲν
455 2483 541 2528 ἥκων
565 2483 643 2530 γὰρ,
663 2483 722 2517 κᾶν
745 2479 766 2527 ᾗ
783 2483 913 2522 πολιὸς,
933 2482 1018 2527 ταχὺ
1036 2479 1144 2517 παῖδα
1167 2482 1267 2525 κόρην

384 2537 578 2582 γεγάμηκεν·
1203 2545 1262 2576 595

336 2590 394 2632 τῆς
420 2589 456 2622 δέ
481 2588 632 2633 γυναικὸς
658 2588 772 2634 μικρὸς
799 2589 817 2621 ὁ
842 2588 963 2633 καιρὸς,
992 2586 1051 2621 κᾶν
1077 2583 1196 2620 τούτου
1221 2584 1266 2630 μὴ

385 2640 589 2684 ’πιλάβηται,

337 2691 443 2728 οὐδεὶς
462 2691 573 2726 ἐθέλει
590 2693 692 2739 γῆμαι
709 2690 840 2735 ταύτην,
860 2691 1055 2736 ὀττευομένη
1070 2691 1106 2725 δὲ
1118 2689 1265 2734 κάθηται.

235 2749 335 2779 ΠΡΟ.
364 2743 441 2779 ἀλλ’
457 2743 551 2779 ὅστις
568 2745 616 2778 ἔτι
635 2746 759 2778 στῦσαι
777 2744 914 2779 δυνατὸς

236 2801 304 2832 ΛΥ.

238 3008 304 3040 I'Y‘.

237 3061 303 3091 ῙῪ.

239 3113 308 3143 ΛΥ.

338 2793 383 2831 σὺ
401 2795 437 2830 δὲ
455 2795 494 2840 δὴ
513 2797 545 2830 τί
561 2796 674 2840 μαθὼν
691 2796 750 2830 οὐκ
768 2794 1011 2839 ἀποθνήσκεις;

338 2848 468 2893 χοιρίον
485 2848 591 2882 ἔσται·
623 2849 726 2894 σορὸν
744 2846 876 2891 ὠνήσει·
1205 2848 1267 2880 600

339 2901 556 2944 μελιτοῦτταν
574 2900 639 2946 ἐγὼ
657 2900 710 2934 καὶ
728 2900 767 2943 δὴ
785 2899 892 2944 μάξω·

339 2952 427 2991 λαβὲ
445 2952 539 2985 ταυτὶ
557 2952 609 2986 καὶ
627 2952 857 2997 στεφάνωσαι.

324 3009 365 3038 A.
395 3004 448 3037 καὶ
465 3004 604 3038 ταυτασὶ
623 3003 714 3046 δέξαι
731 3002 807 3049 παρ’
828 3003 920 3047 ἐμοῦ.

325 3061 363 3090 Β.
392 3056 445 3090 καὶ
462 3055 614 3101 τουτονγὶ
630 3054 718 3096 λαβὲ
736 3056 793 3089 τὸν
812 3055 992 3100 στέφανον.

341 3110 400 3141 τοῦ
419 3107 492 3146 δεῖ;
521 3107 553 3141 τί
570 3106 704 3146 ποθεῖς;
733 3108 835 3152 χώρει
853 3104 880 3142 ’ς
897 3106 956 3151 τὴν
974 3108 1062 3142 ναῦν·
1210 3109 1268 3149 605

341 3161 360 3193 ὁ
378 3159 495 3204 Χάρων
514 3170 555 3192 σε
573 3159 677 3197 καλεῖ,

344 3209 390 3244 σὺ
409 3209 444 3244 δὲ
463 3208 600 3245 κωλύεις
617 3209 809 3256 ἀνάγεσθαι.

240 3268 341 3298 ΠΡΟ.
371 3258 427 3296 εἶτ’
447 3261 523 3306 οὐχὶ
541 3263 642 3295 ταῦτα
660 3261 749 3295 δεινὰ
766 3262 910 3306 πάσχειν
928 3260 999 3295 ἔστ’
1018 3260 1077 3306 ἐμέ
1086 3274 1096 3302 ;

243 3422 310 3454 AY.

244 3579 315 3616 XO·

344 3313 381 3358 νὴ
399 3314 457 3348 τὸν
475 3311 528 3347 Δί’
548 3313 638 3347 ἀλλὰ
656 3314 725 3349 τοῖς
741 3311 947 3358 προβούλοις
964 3312 1115 3359 ἄντικρυς

345 3366 485 3411 ἐμαυτὸν
502 3364 655 3407 ἐπιδείξω
672 3364 818 3406 βαδίζων
835 3364 878 3399 ὡς
896 3365 975 3408 ἔχω.
1238 3378 1273 3400 ιο

343 3420 414 3462 μῶν
431 3417 582 3464 ἐγκαλεις
599 3415 650 3449 ὅτι
668 3415 745 3459 ουχὶ
762 3415 995 3459 προύθέμεσθά
1014 3429 1075 3450 σε·
1068 3443 1076 3456 ,

344 3467 422 3504 ἀλλ’
441 3469 475 3506 ἐς
491 3467 604 3513 τρίτην
620 3469 702 3513 γοῦν
719 3465 841 3511 ἡμέραν
859 3468 916 3501 σοὶ
932 3467 1005 3513 πρῲ
1022 3469 1108 3504 πάνυ

348 3520 419 3565 ηξει
429 3533 497 3568 παρ
518 3518 660 3564 ἡμῶντὰ
670 3517 752 3565 τρίτ’
759 3518 1040 3564 ἐπεσκευασμένα.
1056 3515 1182 3567 [θερος
1197 3535 1273 3565 στρ.

338 3578 403 3615 ΓΕ,
431 3572 489 3615 οὐκ
515 3571 559 3615 ἔτ’
587 3572 685 3626 ,ἔργον
714 3569 931 3624 ἐγκαθῐνὸειν,
956 3571 1050 3613 ὅστις
1079 3572 1148 3611 ἔστ’
1177 3570 1274 3612 ἐλεύ-

944 3632 949 3646 Ι

1295 1395 1365 1425 ΧΟ.

1403 396 1482 435 ἀλλ’
1500 397 1764 444 ἐπαποδυώμεθ’,
1783 397 1909 444 ἄνδρες,
1929 402 2048 449 τουτῳὶ
2065 403 2112 449 τῷ
2129 400 2311 449 πράγματι.

1403 452 1464 496 ἤδη
1480 451 1546 497 γὰρ
1564 449 1650 493 ὄζειν
1667 451 1741 486 ταδὶ
1756 452 1919 487 πλειόνων
1936 452 1988 487 καὶ
2005 454 2161 498 μειζόνων
2267 454 2328 489 616
2343 453 2345 456 ⁴

1401 504 1603 549 πραγμάτων
1618 517 1675 547 μοι
1692 503 1792 547 δοκεῖ,

1403 555 1456 589 καὶ
1472 553 1610 599 μάλιστ’
1628 554 1855 601 ὀσφραίνομαι
1873 559 1931 602 τῆς
1947 557 2077 593 Ἱππίου
2094 557 2297 605 τυραννίδος·

1403 607 1456 641 καὶ
1473 607 1559 641 πάνυ
1577 606 1708 642 δέδοικα
1724 606 1768 653 μὴ
1787 612 1852 643 τῶν
1868 610 2029 644 Λακώνων
2045 610 2130 646 τινὲς
2268 612 2330 647 620

1403 659 1500 705 δεῦρο
1519 658 1784 703 συνεληλυθότες
1800 659 1915 708 ἄνδρες
1933 662 1966 698 ἐς
1984 661 2209 697 Κλεισθένους

1402 711 1462 746 τὰς
1479 710 1567 746 θεοῖς
1585 709 1708 757 ἐχθρὰς
1723 713 1878 757 γυναῖκας
1895 713 2114 760 ἐξεπαίρωσιν
2131 713 2221 761 δόλῳ

1404 763 1602 804 καταλαβεῖν
1619 764 1660 798 τὰ
1676 762 1823 810 χρήμαθ’
1841 764 1931 810 ἡμῶν
1948 767 2005 801 τόν
2021 780 2058 801 τε
2074 765 2209 811 μισθὸν,

1402 814 1494 850 ἔνθεν
1511 815 1592 857 ἔζων
1609 814 1687 861 ἐγώ.
2265 821 2324 862 625

1402 867 1491 902 δεινὰ
1507 867 1573 914 γάρ
1590 881 1642 902 τοι
1659 868 1763 903 τάσδε
1779 870 1812 915 γ’
1830 870 1890 913 ἤδη
1908 869 1984 905 τοὺς
1994 869 2134 906 πολίτας
2151 869 2326 914 νουθετεῖν,

1403 920 1456 954 καὶ
1472 921 1591 954 λαλεῖν
1606 921 1761 966 γυναῖκας
1779 922 1883 957 οὔσας
1900 918 2042 958 ἀσπίδος
2058 924 2187 968 χαλκῆς
2202 922 2291 968 πέρι,

1402 972 1455 1006 καὶ
1472 972 1683 1006 διαλλάττειν
1699 973 1784 1019 πρὸς
1800 972 1884 1018 ἡμᾶς
1900 973 2060 1020 ἀνδράσιν
2077 976 2286 1014 Λακωνικοῖς,

1401 1020 1472 1058 οἶσι
1489 1024 1612 1059 πιστὸν
1629 1024 1736 1064 οὐδὲν,
1757 1025 1786 1059 εἷ
1802 1023 1846 1070 μή
1864 1040 1927 1072 περ
1943 1024 2035 1074 λύκῳ
2053 1028 2217 1072 κεχηνότι.

1401 1076 1491 1111 ἀλλὰ
1509 1075 1604 1111 ταῦθ’
1616 1074 1747 1122 ὕφηναν
1763 1076 1850 1122 ἡμῖν,
1863 1077 1989 1125 ἅνδρες,
2001 1078 2056 1113 ἐπὶ
2073 1079 2250 1125 τυραννίδι.
2265 1081 2328 1122 630

1402 1126 1482 1162 ἀλλ’
1502 1128 1582 1173 ἐμοῦ
1599 1128 1660 1173 μὲν
1677 1129 1716 1163 οὐ
1739 1127 2010 1176 τυραννεύσουσ’,
2030 1130 2101 1166 ἐπεὶ
2118 1130 2326 1176 φυλάξομαι,

1400 1181 1453 1215 καὶ
1471 1180 1615 1227 φορήσω
1633 1181 1671 1215 τὸ
1689 1181 1792 1227 ξίφος
1808 1183 1847 1216 τὸ
1864 1183 1985 1217 λοιπὸν
2002 1182 2037 1218 ἐν
2053 1180 2179 1229 μύρτου
2197 1183 2306 1223 κλαδὶ,

1400 1232 1558 1279 ἀγοράσω
1576 1233 1606 1267 τ’
1617 1233 1652 1268 ἐν
1663 1235 1733 1270 τοῖς
1750 1232 1868 1270 ὅπλοις
1885 1234 1962 1279 ἑξῆς
1972 1234 2247 1281 Ἀριστογείτονι,
2262 1239 2323 1279 633
2374 1237 2379 1242 '

1401 1285 1466 1319 ὧδέ
1481 1284 1514 1319 θ’
1534 1284 1665 1330 ἑστήξω
1689 1285 1766 1333 παρ’
1785 1286 1896 1321 αὐτόν·
1924 1287 2003 1322 αὐτὸ
2020 1287 2086 1334 γάρ
2102 1301 2159 1332 μοι
2175 1287 2324 1335 γίγνεται

1400 1339 1460 1381 τῆς
1477 1337 1565 1373 θεοῖς
1584 1337 1706 1384 ἐχθρᾶς
1718 1337 1861 1382 πατάξαι
1879 1339 1983 1383 τῆσδε
1999 1339 2102 1386 γραὸς
2114 1338 2173 1384 τὴν
2188 1339 2324 1386 γνάθον.

1396 1396 1461 1426 ΓΥ.
1491 1393 1549 1427 οὐκ
1583 1392 1639 1439 ἄρ’
1668 1393 1815 1429 εἰσιόντα
1841 1392 1875 1427 σ’
1895 1391 2003 1427 οἴκαδ’4
2024 1391 2044 1437 ἦ
2071 1393 2215 1428 τεκοῦσα
2239 1393 2323 1439 γνώ-

1527 1459 1632 1480 σεται.
2252 1444 2320 1479 ἀντ.

1395 1494 1487 1529 ἀλλὰ
1505 1492 1669 1538 θώμεσθ’,
1685 1493 1711 1527 ὦ
1729 1493 1830 1538 φίλαι
1842 1496 1954 1540 γρᾶες,
1969 1492 2042 1528 ταδὶ
2059 1496 2191 1540 πρῶτον
2207 1494 2322 1540 χαμαί.

1395 1545 1487 1590 ἡμεῖς
1503 1546 1581 1592 γὰρ,
1601 1544 1627 1579 ὦ
1644 1546 1764 1581 πάντες
1781 1545 1892 1586 ἀστοὶ,
1911 1547 2023 1591 λόγων
2040 1546 2247 1593 κατάρχομεν

1395 1599 1435 1642 τῇ
1451 1599 1550 1633 πόλει
1567 1598 1754 1644 χρησίμων·

1396 1650 1540 1689 εἰκότως,
1561 1651 1632 1685 ἐπεὶ
1649 1650 1825 1696 χλιδῶσαν
1842 1650 1975 1697 ἀγλαῶς
1992 1649 2118 1696 ἔθρεψέ
2135 1665 2188 1695 με.
2260 1654 2321 1694 640

1396 1703 1479 1738 ἑπτὰ
1495 1703 1555 1747 μὲν
1572 1703 1628 1746 ἔτη
1645 1701 1769 1749 γεγῶσ’
1789 1701 1884 1738 εὐθὺς
1901 1701 2125 1749 ἠρρηφόρουν·

1396 1752 1453 1790 εἶτ’
1472 1755 1605 1801 ἀλετρὶς
1620 1753 1640 1798 ἧ
1660 1754 1783 1790 δεκέτις
1800 1753 1887 1790 οὖσα
1904 1754 2095 1801 τάρχηγέτι·

1395 1804 1463 1853 κᾷτ’
1482 1808 1610 1852 ἔχουσα
1627 1807 1685 1841 τὸν
1702 1809 1868 1853 κροκωτὸν
1884 1807 2004 1853 ἄρκτος
2020 1805 2040 1850 ἦ
2059 1807 2290 1853 Βραυρωνίοις·

1396 1859 1646 1905 κάκανηφόρουν
1663 1858 1738 1894 ποτ’
1757 1857 1845 1894 οὖσα
1861 1859 1939 1895 παῖς
1956 1859 2052 1905 καλὴ,
2070 1858 2182 1906 ’χουσ’
2260 1862 2323 1904 646

1397 1911 1549 1958 ῖσχάδων
1566 1911 1724 1957 ὁρμαθόν·

1396 1963 1461 2007 ἆρα
1476 1963 1676 2027 προύφείλω
1693 1977 1726 1997 τι
1737 1964 1895 2010 χρηστὸν
1911 1965 1952 2008 τῇ
1969 1965 2069 1999 πόλει
2085 1964 2305 2011 παραινέσαι·

1397 2014 1426 2048 εἶ
1444 2013 1472 2049 δ’
1492 2015 1557 2060 ἐγὼ
1574 2015 1654 2061 γυνὴ
1672 2016 1818 2075 πέφυκα,
1838 2017 1936 2049 τοῦτο
1954 2014 1998 2059 μὴ
2017 2014 2176 2059 φθονεῖτέ
2189 2030 2258 2060 μοι,

1396 2062 1436 2107 ἦν
1475 2063 1595 2107 ἀμείνω
1634 2064 1665 2111 γ’
1707 2064 1882 2110 εἰσενέγκω
1922 2068 1988 2099 τῶν
2028 2066 2201 2111 παρόντων
2238 2077 2324 2107 πρα-

1447 2116 1595 2160 γμάτων.
2083 2120 2143 2164 650
2202 2113 2325 2162 [φέρω.

1397 2167 1558 2212 τούράνου
1582 2169 1648 2213 γάρ
1675 2183 1732 2213 μοι
1755 2169 1903 2213 μέτεστι·
1934 2168 1987 2202 καὶ
2015 2167 2080 2214 γὰρ
2108 2167 2229 2213 ἄνδρας
2254 2167 2326 2202 εἷσ·

1399 2220 1469 2255 τοῖς
1487 2220 1523 2254 δὲ
1542 2219 1718 2265 δυστήνοις
1734 2220 1894 2267 γέρουσιν
1911 2221 1950 2254 οὐ
1966 2219 2106 2264 μέτεσθ’
2125 2219 2212 2264 ὑμῖν,
2231 2219 2311 2254 ἐπεὶν

1400 2273 1458 2306 τὸν
1479 2272 1595 2318 ἔρανον
1618 2274 1676 2307 τὸν
1701 2274 1882 2319 λεγόμενον
1909 2273 2072 2320 παππῷον
2101 2272 2136 2306 ἐκ
2160 2275 2225 2306 τῶν
2252 2276 2328 2315 Μη-

1452 2324 1549 2359 δικῶν

1400 2373 1458 2410 εἶτ’
1477 2376 1709 2413 ἀναλώσαντες
1726 2377 1785 2411 οὐκ
1803 2376 2040 2422 ἇντεισφέρετε
2057 2375 2116 2411 τὰς
2134 2375 2311 2422 εἷσφορᾶς,

1400 2427 1478 2463 ἀλλ’
1498 2429 1557 2474 ὑφ’
1576 2429 1666 2474 ὑμῶν
1684 2428 1876 2473 διαλυθῆναι
1893 2427 2036 2474 προσέτι
2055 2426 2293 2472 κινδυνεύομεν.

1400 2479 1463 2527 ἆρα
1479 2483 1620 2527 γρυκτόν
1639 2482 1731 2516 ἐστιν
1749 2482 1845 2525 ύμῖν;
1867 2481 1895 2514 εἶ
1913 2481 1948 2515 δέ
1966 2479 2132 2524 λυπήσεις
2148 2479 2183 2515 τί
2197 2494 2251 2525 με,
2267 2482 2329 2524 656

1399 2532 1484 2580 τῷδέ
1499 2532 1531 2579 γ’
1551 2532 1693 2581 ἀψήκτῳ
1710 2533 1846 2576 πατάξω
1864 2536 1911 2580 τῷ
1928 2531 2075 2579 κοθόρνῳ
2093 2531 2152 2576 τὴν
2167 2531 2301 2578 γνάθον.

1297 2589 1369 2620 ΧΟ.
1390 2590 1456 2619 ΓΕ.
1485 2585 1575 2619 ταῦτ’
1594 2584 1653 2620 οὖν
1670 2586 1733 2631 οὐχ
1751 2583 1850 2631 ὕβρις
1867 2586 1908 2619 τὰ
1925 2582 2090 2631 πράγματ’
2110 2581 2186 2619 ἐστὶ

1399 2636 1534 2681 πολλή;
1565 2638 1764 2673 κάπιδώσειν
1780 2652 1837 2682 μοι
1855 2637 1946 2672 δοκεῖ
1961 2637 2000 2671 τὸ
2017 2637 2131 2682 χρῆμα
2146 2637 2291 2681 μᾶλλον.

1401 2689 1478 2724 ἀλλ’
1504 2690 1662 2734 ἀμυντέον
1693 2691 1731 2724 τὸ
1755 2687 1879 2737 πρᾶγμ’
1902 2689 1996 2724 ὅστις
2026 2688 2058 2735 γ’
2088 2689 2224 2734 ἐνόρχης
2255 2686 2327 2722 ἔστ’

1451 2740 1545 2787 ἀνήρ.
2267 2743 2325 2775 661

1402 2793 1494 2828 ἀλλὰ
1511 2794 1571 2838 τὴν
1589 2794 1720 2839 ἐξωμίδ’
1741 2793 1933 2838 ἐκδυώμεθ’,
1953 2794 1997 2828 ὡς
2015 2793 2072 2827 τὸν
2090 2792 2192 2838 ἄνδρα
2210 2792 2262 2826 δεῖ

1403 2845 1523 2890 ἀνδρὸς
1540 2845 1626 2889 ὄζειν
1644 2846 1751 2886 εὐθὺς,
1770 2845 1847 2880 ἀλλ’
1868 2845 1926 2880 οὐκ
1945 2843 2180 2890 ἐντεθριῶσθαι
2195 2844 2327 2890 πρέπει.

1401 2898 1479 2932 ἀλλ’
1518 2898 1627 2945 ἄγετε,
1661 2897 1871 2938 λευκόποδες,
1895 2895 1990 2944 οἵπερ
2034 2897 2087 2931 ἐπὶ
2124 2894 2331 2942 Λειψύδριον

1451 2949 1610 2995 ἤλθομεν,
1630 2949 1677 2985 ὅτ’
1696 2949 1777 2994 ἦμεν
1795 2951 1854 2990 ἔτι,
2269 2951 2328 2993 665

1402 3003 1459 3036 νῦν
1477 3002 1536 3041 δεῖ,
1557 3005 1614 3037 νῦν
1631 3002 1798 3047 ἀνηβῆσαι
1815 3003 1918 3037 πάλιν
1936 3002 2186 3047 κάναπτερῶσαι

1400 3055 1467 3088 πᾶν
1483 3055 1522 3088 τὸ
1542 3058 1639 3099 σῶμα
1657 3053 1927 3089 κάποσείσασθαι
1945 3055 1983 3087 τὸ
2000 3054 2104 3099 γῆρας
2120 3052 2209 3087 τόδε.
2232 3062 2236 3068 “
2269 3056 2331 3097 670

1401 3105 1431 3139 εἰ
1443 3106 1508 3153 γὰρ
1522 3106 1660 3140 ἐνδώσει
1678 3120 1728 3142 τις
1740 3105 1831 3149 ἡμῶν
1848 3106 1965 3140 ταῖσδε
1979 3105 2038 3139 κᾶν
2052 3105 2195 3150 σμικρὰν
2207 3104 2329 3150 λαβὴν,

1402 3157 1498 3192 οὐδὲν
1516 3158 1746 3203 ἐλλείψουσιν
1762 3156 1857 3191 αὗται
1874 3159 2038 3203 λιπαροῦς
2054 3156 2276 3202 χειρουργίας.

1401 3209 1492 3243 ἀλλὰ
1511 3210 1564 3244 καὶ
1582 3212 1659 3246 ναῦς
1676 3211 1916 3248 τεκτανοῦνται,
1936 3207 2210 3254 κάπιχειρὴσουσ·’
2229 3208 2279 3242 ἔτι

1403 3264 1580 3306 ναυμαχεῖν
1597 3262 1651 3296 καὶ
1667 3263 1766 3307 πλεῖν
1783 3261 1838 3306 ἐφ’
1858 3260 1952 3305 ἡμᾶς,
1973 3261 2089 3306 ὥσπερ
2107 3259 2314 3305 Ἀρτεμισία·

1401 3311 1441 3356 ἦν
1454 3310 1482 3346 δ’
1495 3312 1549 3358 ἐφ’
1565 3313 1700 3357 ἱππικὴν
1712 3313 1910 3359 τράπωνται,
1923 3313 2099 3358 διαγράφω
2110 3311 2186 3347 τοὺς
2198 3312 2327 3347 ἱππέας.

1402 3364 1624 3399 ἱππικώτατον
1640 3366 1705 3411 γάρ
1723 3365 1797 3399 ἐστι
1815 3366 1926 3411 χρῆμα
1943 3365 2091 3409 κᾶποχον
2106 3361 2200 3408 γυνή.
2232 3360 2235 3362 ’
2269 3367 2329 3408 677

1403 3415 1480 3449 κούκ
1507 3417 1547 3450 ἂν
1576 3416 1759 3451 ἀπολίσθοι
1785 3417 1973 3461 τρέχοντος·
2006 3416 2065 3453 τὰς
2094 3414 2124 3449 δ’
2150 3414 2331 3460 Ἀμαζόνας

1454 3470 1583 3506 σκόπει,

1402 3518 1440 3556 ἃς
1463 3521 1595 3607 Βέίκων
1634 3520 1756 3572 ἔγραψ’
1793 3521 1849 3575 ἐφ’
1889 3518 1998 3562 ἵππων
2037 3517 2223 3570 μαχομένας
2264 3526 2331 3564 τοῖς

1453 3572 1492 3609 ἀν
1511 3586 1622 3618 ρασιν
