2488 3860
958 274 1459 321 ΑΠΟΣΠΑΣΜΑΤΙΑ.

152 369 284 413 sabula,
303 371 427 409 attulit
442 372 639 411 scholiasta
651 374 810 414 Homeri
827 377 932 415 Iliad.
954 394 984 421 ν,
1005 378 1091 415 428.
1108 380 1198 427 ἥρων

151 425 237 462 τινὲς
255 425 424 463 Ἀττικῶς·
455 430 479 445 “
499 427 579 463 ἀλλ’
598 429 646 466 εἷς
669 429 759 477 ἥρων
781 445 814 466 τι
838 431 1079 480 παρῆμαρτον”
1102 433 1194 481 Ἀρι-

151 478 337 524 στοφάνης.

204 530 291 565 284.
313 527 382 580 (2.)
404 530 613 580 Stephanus
631 533 724 583 Byz.
744 548 779 572 v.
792 535 920 584 Ἀργος

256 583 325 618 Οὐκ
343 583 526 632 ἧγόρευον;
555 586 651 623 οὗτός
670 588 742 624 ἐστ’
763 590 822 624 οὐκ
841 588 1009 637 Ἀργόλας

253 637 300 681 μὰ
318 635 371 673 Δί’
393 638 472 673 οὐδέ
489 641 522 686 γ’
535 637 678 685 Ἕλλην,
698 640 782 678 ὅσον
799 643 914 689 ἔμοιγε
932 643 1096 688 φαίνεται.

202 688 290 723 285.
313 686 382 735 (3.)
403 689 548 731 Suidas,
569 691 959 741 Ἀμφορεαφόρουςε
977 714 1029 721 —-

254 742 352 789 Τρέχ’
373 743 419 779 εἷς
437 747 496 779 τὸν
513 742 604 780 οἶνον
621 745 778 794 ἀμφορέα
795 748 889 782 κενὸν
906 748 1024 790 λαβὼν

254 798 320 828 τῶν
338 796 473 832 ἔνδοθεν
491 799 544 832 καὶ
562 797 682 844 βύσμα
700 801 753 834 καὶ
774 799 987 847 γευστὴριον,

255 847 393 883 κᾶπειτα
410 850 535 894 μίσθου
554 852 680 886 σαυτὸν
697 850 985 900 ἇμφορεαφορεῖν.

150 894 198 934 V.
219 897 256 934 2.
279 899 493 948 Legebatur
511 905 569 937 τὸν
587 903 722 938 ἔνδοθεν
739 906 792 940 καὶ
809 909 926 951 γεῦμα.
976 904 1194 941 Correctum

150 961 197 986 ex
216 950 362 988 Polluce
381 951 431 993 X,
454 952 513 990 75.
545 957 607 990 Καὶ
626 957 664 990 τὸ
681 956 762 1004 παρ’
784 958 1025 1005 Ἀριστοφάνει
1048 958 1193 1006 γευστὴ-

149 1019 223 1051 ριον
241 1005 262 1022 ‘⁶
282 1005 375 1052 τρέχ’
396 1008 430 1043 ἐς
445 1009 503 1043 τὸν
527 1005 618 1044 οἶνον
640 1008 796 1057 ἀμφορέα
820 1010 930 1045 κοινὸν
956 1009 1084 1055 (καινὸν
1107 1022 1193 1046 con-

148 1055 226 1104 jicit
251 1055 575 1107 Hemsterhusius)
603 1062 722 1103 λαβὼν
745 1066 811 1097 τῶν
837 1063 972 1098 ἔνδοθεν
998 1065 1051 1098 καὶ
1075 1063 1195 1109 βύσμα

150 1111 204 1145 καὶ
227 1111 460 1158 γευστὴριον.”
490 1112 597 1148 Idem
615 1111 665 1153 X,
688 1113 774 1150 172.
807 1116 868 1150 Καὶ
889 1114 1008 1161 βύσμα
1027 1116 1056 1150 δ’
1081 1117 1121 1151 ἂν
1145 1116 1194 1162 εἴη

149 1167 216 1197 τῶν
231 1166 420 1210 χρησίμων,
439 1169 499 1200 τοῦ
512 1165 782 1212 Ἀριστοφάνους
800 1168 950 1204 εἰπόντος
969 1171 991 1188 “
1007 1168 1126 1214 Βύσμα
1140 1170 1194 1204 καὶ

148 1216 383 1264 γευστὴριον.”
411 1221 449 1252 et
467 1216 537 1261 VI,
557 1219 618 1253 99.
648 1220 710 1254 Καὶ
733 1220 938 1267 γευστηρίου
956 1222 1018 1266 μὲν
1036 1221 1193 1269 Ἀριστο-

149 1269 259 1315 φάνης
275 1270 445 1316 μέμνηται.

202 1322 292 1358 286.
313 1320 383 1369 (4.)
410 1322 544 1359 Pollux
564 1323 613 1368 X,
642 1322 729 1359 112.
760 1326 823 1359 Καὶ
847 1326 1054 1372 παυσικάπη,
1075 1326 1116 1372 ἣν
1141 1329 1194 1363 καὶ
1232 1327 1247 1343 ’

149 1376 346 1422 καρδοπεῖον
364 1377 542 1422 ὠνόμαζον,
563 1378 607 1414 ὡς
626 1378 660 1412 ἐν
672 1376 830 1423 ’Ἲ-Ιρωσιν
850 1376 1098 1425 Ἀριστοφάνης

245 1427 295 1463 Ἢ
315 1430 502 1478 καρδοπείῳ
519 1428 688 1477 περιπαγῇ
706 1431 764 1464 τὸν
781 1430 915 1475 αὐχένα.

201 1490 289 1528 287.
323 1491 392 1540 (5.)
420 1492 624 1529 Scholiasta
654 1493 761 1529 Pacis
787 1505 822 1529 v.
851 1494 911 1529 14.
941 1494 979 1529 in
1006 1494 1191 1532 codicibus

148 1541 301 1580 Venetis
327 1545 404 1582 474
432 1551 469 1581 et
497 1545 583 1581 475.
618 1547 769 1582 Εἶώθασι
796 1547 861 1594 γὰρ
888 1548 956 1592 ἅμα
982 1551 1028 1597 τῷ
1056 1549 1192 1594 μάττειν

148 1597 285 1638 ἐσθίειν,
307 1597 369 1645 ἀφ’
390 1599 429 1634 οὗ
454 1600 507 1634 καὶ
531 1601 592 1644 τὴν
614 1601 829 1639 παυσικάπην
854 1597 978 1646 (codd.
1005 1600 1190 1648 πασικάην)

147 1651 342 1696 ἐπενόησαν,
368 1652 559 1699 τροχοειδές
585 1649 785 1699 (τριχοειδές
810 1651 929 1688 codex
956 1651 1060 1699 474.)
1088 1669 1131 1697 τι,
1159 1653 1189 1690 δ’

147 1703 187 1738 οὗ
205 1705 263 1739 τὸν
280 1706 451 1752 τράχηλον
468 1702 557 1752 εἶρον
576 1703 675 1752 (ἧρον
693 1702 785 1751 475)
804 1707 888 1748 πρὸς
906 1707 944 1741 τὸ
963 1707 1007 1751 μὴ
1027 1705 1190 1743 δύνασθαι

145 1756 206 1802 τὴν
222 1759 321 1805 χεῖρα
338 1760 535 1806 προσάγειν.
577 1759 736 1804 μέμνηται
756 1759 791 1794 δέ
811 1759 846 1793 ἐν
859 1757 1017 1806 Ἥρωσιν
1032 1758 1188 1808 Ἀριστο-

238 1825 255 1846 ς

145 1810 401 1899 φανηᾙαύσειν
418 1864 502 1910 ἔοιχ’
522 1863 542 1910 ἡ
560 1865 940 1910 παυσικάπηκάπτοντά
960 1881 1013 1901 σε.

145 1926 312 1970 παυσικάη
332 1923 419 1960 474.
439 1926 587 1970 πασικάη
608 1923 694 1961 475.

196 1977 284 2012 288.
308 1975 377 2025 (6.)
400 1977 537 2014 Pollux
554 1977 603 2022 X,
623 1977 709 2015 173.

239 2041 308 2078 Ἴθι
327 2043 366 2088 δὴ
385 2044 503 2086 λαβὼν
520 2044 579 2078 τὸν
595 2044 726 2091 ῥόμβον
744 2043 1010 2079 ἇνακωδώνισον.

195 2112 283 2147 289.
316 2111 382 2156 (7.)
413 2110 618 2147 Scholiasta
645 2111 976 2160 ThesmophoriaZ.
1006 2124 1039 2147 v.
1075 2111 1125 2146 21
1154 2111 1187 2146 in

143 2164 270 2200 codice
300 2164 526 2206 Ravennam,
559 2163 656 2200 Οἷόν
683 2166 727 2200 τέ
753 2165 829 2202 πού
860 2164 963 2201 ’στιν
991 2167 1029 2200 αἱ
1059 2166 1188 2211 σοφαὶ

143 2218 386 2262 ξυνουσίαιί
418 2218 473 2253 διὰ
498 2217 618 2253 τούτου
646 2219 800 2265 φαίνεται
828 2219 979 2254 ὑπονοῶν
1006 2218 1188 2264 Εὐριπίδου

142 2268 226 2306 εἶναι
243 2274 282 2307 τὸ
302 2273 324 2288 “
345 2271 452 2317 Σοφοὶ
475 2270 628 2318 τύραννοι
650 2276 716 2307 τῶν
740 2273 861 2317 σοφῶν
885 2270 1084 2316 συνουσίᾳ.”
1113 2272 1188 2305 ἔστι

142 2324 180 2358 δὲ
216 2325 430 2371 Σοφοκλέους
467 2324 504 2368 ἐξ
540 2322 679 2360 Αἴαντος
713 2327 854 2371 Λοκροῦ.
899 2323 1041 2359 ἐνταῦθα
1075 2324 1187 2368 μέντοι

143 2377 279 2412 ὑπονοεῖ
295 2379 407 2422 μόνον,
428 2377 463 2411 ἐν
477 2377 512 2412 δὲ
530 2378 601 2413 τοῖς
613 2376 772 2424 Ἥρωσιν
785 2377 937 2423 ἄντικρυς
951 2376 1184 2422 ἀποφαίνεται.

143 2431 196 2464 καὶ
217 2427 433 2473 Ἀντισθένης
450 2430 504 2464 καὶ
523 2431 668 2465 Πλάτων
688 2429 743 2478 (in
760 2428 911 2476 Theage
929 2441 965 2476 p.
988 2428 1063 2464 125
1084 2428 1119 2463 d.
1141 2428 1187 2463 de

142 2481 283 2529 republ.
299 2479 409 2525 VIII,
424 2493 460 2529 p.
479 2481 556 2518 568
572 2480 625 2530 a.)
641 2480 822 2531 Εὐριπίδου
835 2483 914 2518 αὐτὸ
927 2480 1009 2518 εἶναι
1019 2482 1186 2530 ἡγοῦνται,

143 2536 202 2570 οὐκ
221 2536 289 2581 ἔχω
308 2535 414 2570 εἰπεῖν
437 2533 457 2569 ὅ
477 2550 510 2570 τι
533 2535 705 2574 παθόντες.
744 2538 830 2571 ἔοικε
855 2536 891 2570 δέ
917 2537 990 2580 ἤτοι
1016 2537 1186 2580 πεπλανη-

144 2587 276 2634 μένοςῆ
297 2586 572 2633 συνεξαπατῆσαι
596 2589 674 2625 τοὺς
697 2591 835 2632 ἄλλους,
864 2590 980 2635 ὥσπερ
1004 2588 1190 2623 ὑπονοοῦσί

142 2655 229 2677 τινες
257 2642 475 2686 συμπτώσεις
502 2644 549 2689 τῷ
581 2657 618 2676 τε
650 2643 820 2688 Σοφοκλεῖ
851 2642 905 2676 καὶ
933 2643 979 2689 τῷ
1010 2641 1185 2687 Εὐριπίδῃ,

142 2693 260 2740 ὥσπερ
286 2694 339 2728 καὶ
367 2693 422 2728 ε’πὶ
448 2693 564 2729 ἄλλων
591 2698 700 2730 τινῶν.
738 2696 777 2729 τὸ
808 2695 920 2739 μέντοι
953 2694 1062 2740 δρᾶμα
1094 2694 1129 2727 ἐν
1160 2690 1188 2741 ᾦ

142 2745 324 2793 Εὗριπίδης
357 2748 461 2780 ταῦτα
497 2743 588 2782 εἶπεν
623 2748 662 2782 οὐ
700 2748 852 2790 σώζεται.
913 2744 1096 2781 Aristides
1133 2743 1185 2787 ΙΙ,

141 2809 178 2845 Ρ.
199 2797 286 2837 288,
307 2798 344 2843 2.
373 2798 461 2833 Οὐδέ
475 2813 516 2844 γε
541 2800 723 2846 Εὐριπίδου
750 2799 909 2845 φήσομεν
932 2796 1023 2843 οἶμαι
1047 2798 1085 2832 τὸ
1111 2798 1184 2842 ἷαμ-

142 2852 239 2893 βεῖον
257 2847 340 2885 εἶναι
357 2851 396 2885 τὸ
415 2853 438 2868 “
457 2853 565 2897 Σοφοὶ
583 2851 736 2900 τύραννοι
753 2856 820 2887 τῶν
838 2852 960 2897 σοφῶν
984 2849 1183 2895 συνουσίᾳ,”

142 2901 214 2938 οὐδ’
231 2900 263 2937 εἷ
273 2916 324 2938 τις
337 2901 423 2937 οὕτω
437 2907 503 2939 τῶν
517 2905 639 2951 σοφῶν
653 2904 791 2952 ε’ίρηκεν·
820 2905 895 2939 ἔστι
909 2904 975 2949 γὰρ
995 2903 1034 2946 ἐξ
1048 2901 1187 2939 Αἴαντος

145 2954 368 3001 Σοφοκλέους,
385 2954 524 2993 Αἴαντος
537 2959 596 2992 τοῦ
616 2961 756 3005 Λοκροῦ.
786 2955 884 2991 Vide
900 2954 1124 2990 Brunckium
1141 2954 1186 2989 ad

143 3004 268 3055 Ajacis
288 3006 396 3043 Locr.
416 3006 462 3043 fr.
483 3008 538 3044 ΙΙ.

196 3059 283 3094 290.
318 3057 387 3106 (8.)
422 3060 559 3097 Pollux
589 3060 679 3102 VII,
714 3060 800 3098 167.
844 3063 908 3096 Καὶ
935 3062 975 3096 τὸ
1006 3058 1095 3107 ὕδωρ
1127 3063 1187 3095 τοῦ

143 3114 288 3159 λουτροῦ
305 3111 473 3159 λούτριον,
493 3115 537 3151 ὡς
555 3114 807 3161 Ἀριστοφάνης
826 3115 860 3149 ἐν
873 3113 1013 3159 Ἥρωσι

246 3163 342 3209 Μήτε
358 3166 584 3213 ποδόνιπτρον
603 3166 721 3214 θύραζ’
743 3168 871 3212 ἐκχεῖτε
888 3166 970 3211 μήτε
989 3164 1158 3212 λούτριον.

144 3214 282 3252 Pollux
300 3215 350 3257 X,
373 3217 434 3255 78.
453 3219 679 3266 ποδόνιπτρον
697 3231 745 3255 ex
763 3217 962 3254 Heroibus.

195 3269 282 3304 291.
300 3266 368 3314 (9.)
385 3268 572 3318 Diogenes
586 3271 710 3307 Laert.
730 3270 840 3311 VIII,
858 3270 922 3308 34.
937 3270 982 3305 de
997 3268 1187 3317 praeceptis

147 3319 404 3369 Pythagoricis
431 3334 557 3371 agens,
584 3326 633 3359 Τὰ
660 3326 696 3359 δὲ
722 3326 871 3360 πεσόντα
894 3323 939 3368 μὴ
966 3322 1186 3369 ἀναιρεῖσθαι,

145 3374 228 3421 ὑπὲρ
245 3377 305 3409 τοῦ
325 3374 495 3419 ἐθίζεσθαι
512 3378 557 3421 μὴ
576 3377 775 3412 ἀκολάστως
793 3376 930 3418 ἐσθίειν,
950 3374 968 3419 ἢ
989 3374 1040 3410 ὅτι
1060 3375 1114 3410 ἐπὶ
1132 3389 1185 3408 τε-

145 3429 245 3471 λευτῇ
263 3429 365 3464 τινός.
401 3427 650 3475 Ἀριστοφάνης
665 3430 701 3464 δὲ
715 3432 781 3463 τῶν
798 3428 915 3475 ἡρώων
926 3425 1041 3473 φησὶν
1049 3424 1132 3462 εἶναι
1145 3427 1186 3460 τὰ

148 3479 319 3522 πίπτοντα,
337 3479 449 3528 λέγων
467 3482 503 3517 ἐν
519 3483 590 3518 τοῖς
607 3480 746 3528 Ἥρωσι
765 3481 787 3498 “
807 3480 863 3523 Μὴ
887 3479 1022 3525 γεύεσθ’
1049 3478 1120 3514 ἅττ’
1147 3478 1187 3512 ἂν

2196 286 2280 329 729

1241 381 1413 425 καταπέσῃ
1427 382 1486 426 τῆς
1497 381 1659 428 τραπέζης
1678 382 1802 419 ἐντός.”
1831 383 2052 430 ἀλεκτρυόνος
2064 384 2109 430 μὴ
2123 384 2286 420 ἅπτεσθαι

1239 435 1374 469 λευκοῦ.
1412 431 1545 469 Suidas
1572 433 1609 468 in
1638 435 1821 483 Πυθαγόρα
1847 437 1888 471 τὰ
1916 436 2078 482 σύμβολα
2103 436 2175 472 vol.
2209 436 2249 472 II
2256 436 2287 480 I,

1240 498 1277 534 Ρ.
1300 486 1388 521 245.
1410 487 1458 521 Τὰ
1475 486 1640 522 πίπτοντα
1661 489 1727 524 ἀπὸ
1750 490 1810 533 τῆς
1827 489 1990 535 τραπέζης
2013 489 2058 534 μὴ
2080 490 2284 536 ἀναιρεῖσθαι

1239 537 1483 586 παρεκελεύετο
1511 540 1723 588 Πυθαγόρας,
1752 540 1772 586 ἢ
1797 542 1851 576 διὰ
1875 543 1913 576 τὸ
1939 542 1984 587 μὴ
2013 542 2183 585 ἐθίζεσθαι
2209 542 2286 577 ἀκο-

1239 593 1376 627 λάστως
1401 591 1539 633 ἐσθίειν,
1565 591 1584 637 ἢ
1609 592 1661 628 ὅτι
1686 594 1740 629 ἐπὶ
1764 595 1882 639 τελετῇ
1907 597 2006 631 τινός.
2038 593 2287 641 Ἀριστοφάνης

1238 645 1305 691 γὰρ
1332 648 1399 678 τῶν
1426 643 1543 690 ἡρώων
1569 642 1654 680 εἶναι’
1679 650 1769 692 φησι
1796 648 1837 681 τὰ
1863 647 2040 687 πίπτοντα,
2069 646 2152 692 μήτε
2180 648 2217 682 δέ
2246 651 2287 682 τὰ

1239 697 1332 733 ἐντὸς
1357 697 1416 741 τῆς
1442 697 1606 742 τραπέζης
1629 699 1795 735 πίπτοντα
1820 698 2030 745 ἀναιρεῖσθαι
2055 699 2140 745 μήτε
2166 701 2288 734 λευκὸν

1238 750 1442 796 ἀλεκτρυόνα
1471 749 1608 785 ἐσθίειν.
1640 750 1701 786 Ex
1725 750 1782 785 his
1809 748 1994 786 Scidlerus
2020 763 2056 799 p.
2086 750 2147 791 11,
2173 756 2285 787 tetra-

1239 806 1400 837 metrum
1415 800 1508 836 eruit

1342 853 1438 899 Μηδὲ
1447 853 1585 901 γεύεσθ’
1601 855 1670 890 ἅττ’
1687 856 1727 890 ἂν
1741 856 1832 892 ἐντὸς
1846 858 1905 901 τῆς
1917 858 2081 903 τραπέζης
2096 857 2281 902 καταπέσῃ.

1290 907 1377 941 292.
1401 903 1491 954 (ιο.)
1516 905 1724 943 Scholiasta
1741 906 1878 943 Avium
1897 920 1931 943 V.
1955 906 2040 944 799.

1342 959 1439 995 Κᾶπὸ
1458 961 1516 1004 τῆς
1536 962 1738 1008 Διιτρέφους
1755 961 1928 1008 τραπέζης.

1290 1010 1378 1047 293.
1409 1009 1500 1059 (11.)
1528 1012 1660 1049 Pollux
1686 1012 1776 1056 VII,
1803 1012 1889 1048 133.
1916 1013 2168 1060 Ἀριστοφάνης
2193 1013 2223 1050 δ’
2250 1016 2286 1050 ἐν

1237 1067 1307 1101 τοῖς
1319 1064 1458 1110 Ἥρωσι
1477 1067 1569 1101 δοκεῖ
1586 1069 1624 1102 τὸ
1643 1068 1826 1113 κόμιστρον
1846 1067 1929 1101 κατὰ
1947 1068 1986 1101 τὸ
2012 1069 2069 1101 νῦν
2093 1067 2169 1104 ἔθος
2193 1069 2282 1114 εἰρη-

1238 1118 1327 1153 κέναι
1345 1119 1468 1166 φορὰν,
1485 1119 1564 1154 ὅταν
1582 1119 1658 1165 εἴπῃ
1675 1121 1697 1136 “
1711 1119 1869 1161 Ὀβολῶν
1883 1120 2032 1154 δεουσῶν
2050 1121 2216 1166 τεττάρων
2230 1122 2284 1156 καὶ

1237 1172 1296 1215 τῆς
1314 1171 1461 1218 φορᾶς.”

1290 1222 1378 1258 294.
1402 1220 1491 1270 (η.)
1512 1223 1637 1259 Draco
1653 1222 1814 1259 Straton.
1835 1236 1871 1271 p.
1891 1222 1952 1265 73,
1975 1226 2035 1264 14,
2059 1229 2096 1259 et
2116 1223 2281 1271 Etymol.

1249 1334 1280 1363 H
1307 1344 1332 1363 ω
1360 1333 1411 1364 ι“
1434 1332 1493 1364 Πῶ
1556 1329 1587 1364 ίο
1613 1330 1688 1370 αι,·”

1283 1343 1378 1417 ρ29σ5.
1398 1345 1646 1428 (13.)3Pnoll'1¹ix
1662 1381 1752 1423 VII,
1777 1385 1836 1418 15.
1870 1380 2032 1429 Ἐμπόλω
2053 1385 2228 1430 Διοσκόρω
2248 1384 2283 1419 ἐν

1233 1432 1393 1479 Ἥρωσιν
1410 1436 1669 1482 Ἀριστοφάνης.

1287 1484 1421 1522 Pollux
1448 1485 1537 1526 VII,
1568 1487 1628 1522 16.
1658 1486 1741 1524 Εἶπε
1768 1489 1805 1524 δὲ
1832 1490 1884 1524 καὶ
1912 1490 2216 1535 ἀνδραποδώνης
2248 1490 2282 1523 ἐν

1236 1542 1306 1576 τοῖς
1319 1540 1478 1587 ’Ἠρωσιν
1495 1540 1757 1587 Ἀριστοφάνης.

1288 1590 1426 1628 Pollux
1456 1591 1546 1637 VII,
1580 1592 1642 1628 21.
1673 1593 1732 1630 Ἐν
1763 1595 1798 1630 δέ
1829 1595 2098 1642 Ἀριστοφάνους
2124 1594 2280 1642 ’Ἥρωσιν

1236 1660 1256 1679 α
1289 1661 1332 1680 το
1369 1660 1461 1681 οιια.

1261 1660 1374 1734 p29⁷8..
1399 1695 1487 1745 (14.)
1507 1697 1643 1733 Pollux
1667 1697 1714 1743 X,
1736 1699 1796 1734 61.
1840 1702 1904 1736 Τὸν
1928 1701 1994 1747 γὰρ
2019 1699 2103 1745 ἧλον
2127 1702 2180 1736 καὶ
2204 1701 2279 1746 ἡλί-

1236 1766 1320 1786 σκον
1335 1753 1370 1787 ἐν
1382 1751 1541 1799 ”Ηρωσιν
1556 1751 1805 1799 Ἀριστοφάνης
1824 1753 1972 1798 κέκληκε.
1996 1746 2103 1789 Conf.
2120 1752 2279 1789 Photius

1197 1826 1199 1828 ·
1235 1815 1273 1853 p.
1296 1803 1357 1846 67,
1379 1805 1415 1841 4.

1288 1857 1374 1894 297.
1406 1855 1496 1906 (15.)
1525 1856 1781 1905 HarpocratiQ
1805 1859 2006 1894 Πυελίδα;
2037 1861 2075 1894 τὸ
2103 1859 2163 1906 ὑφ’
2189 1859 2280 1905 ἡμῶν

1235 1913 1419 1958 λεγόμενον
1438 1912 1791 1958 σφραγιδοφυλάκιον.
1836 1912 1963 1949 Λυσίας
1990 1913 2025 1947 ἐν
2048 1915 2095 1960 τῷ
2120 1913 2188 1948 κατ’
2212 1913 2276 1947 Εὐ-

1235 1964 1350 2010 φήμου
1379 1965 1432 1999 καὶ
1462 1964 1713 2011 Ἀριστοφάνης
1738 1964 1906 2012 Ἥρωσιν.
1948 1963 2092 2001 Eadem
2120 1964 2278 2003 Pllotius

1234 2029 1270 2064 p.
1292 2015 1380 2059 472,
1404 2017 1463 2056 18,
1485 2015 1545 2063 qui
1566 2015 1776 2064 Simpliciter
1796 2019 1922 2054 Λυσίας
1940 2020 1994 2054 καὶ
2013 2017 2275 2066 Ἀριστοφάνης.

1287 2070 1374 2104 298.
1398 2068 1485 2116 (ιὸ.)
1507 2068 1713 2105 Athenaeus
1731 2069 1799 2111 IX,
1820 2082 1856 2117 p.
1878 2072 1953 2106 409
1974 2083 2005 2106 c.
2027 2071 2278 2119 Ἀριστοφάνης

1235 2122 1265 2158 δ’
1286 2123 1322 2156 ἐν
1334 2121 1473 2168 ’Ἶ-Ιρωσι
1491 2123 1701 2168 χερνίβιον
1719 2122 1857 2170 εἴρηκεν.

1285 2175 1372 2209 299.
1404 2175 1492 2220 (ις.)
1524 2173 1730 2209 Scholiasta
1758 2174 1947 2222 Sophoclis
1976 2174 2103 2224 OEdip.
2135 2176 2215 2212 Col.
2240 2190 2274 2212 v.

1236 2225 1320 2263 793.
1351 2231 1452 2263 Δοκεῖ
1467 2228 1533 2274 γὰρ
1552 2230 1570 2262 ὁ
1591 2227 1772 2263 Ἀπόλλων
1788 2230 1878 2275 παρὰ
1901 2230 1979 2265 Διὸς
1995 2231 2183 2275 λαμβάνειν
2199 2232 2276 2267 τοὺς

1232 2281 1418 2327 χρησμοὺς,
1440 2282 1484 2317 ὡς
1495 2300 1545 2306 --
1558 2281 1611 2315 καὶ
1629 2280 1879 2328 Ἀριστοφάνης
1892 2281 2062 2329 Ἴ-Ῑρωσιν.

1401 2468 1848 2510 ΘΕΣΜΟΦΟΡΙᾼΖΟΥΣΑῙ
1877 2467 2102 2498 ΔΕΥΤΕΡΑῙ.

1283 2529 1489 2567 Scholiasta
1507 2530 1702 2567 Ravennas
1720 2529 1988 2578 Thesmophor.
2010 2542 2044 2566 v.
2066 2531 2153 2566 299.
2172 2534 2272 2567 Καλ-

1230 2587 1252 2619 λ
1261 2586 1385 2631 ιγενεί
1389 2599 1409 2630 ᾳ
1423 2597 1431 2619 :
1442 2621 1444 2623 ,
1455 2585 1580 2630 δαίμων
1590 2586 1667 2632 περὶ
1678 2586 1737 2630 τὴν
1749 2584 1936 2630 Δήμητραν,
1950 2583 1990 2629 ἣν
2000 2584 2274 2631 προλογίζουσαν

1232 2639 1265 2672 ἐν
1283 2639 1354 2673 ταῖς
1373 2637 1499 2684 ἑτέραις
1522 2637 1883 2684 Θεσμοφοριαζούσαις
1908 2636 2076 2681 ἐποίησεν.
2119 2635 2273 2672 Photius

1231 2701 1266 2736 p.
1300 2686 1388 2730 127,
1423 2690 1457 2724 9.
1490 2690 1803 2737 Καλλιγένειανῑ
1833 2689 2093 2736 Ἀπολλόδωρος
2123 2690 2184 2735 μὲν
2214 2691 2274 2735 τὴν

1230 2743 1302 2788 γῆν,
1323 2743 1355 2776 οἱ
1374 2743 1410 2777 δὲ
1437 2743 1516 2778 Διὸς
1541 2743 1594 2777 καὶ
1621 2742 1795 2789 Δήμητρος
1820 2741 1995 2789 θυγατέρα·
2023 2742 2273 2789 Ἀριστοφάνης

1231 2796 1266 2830 δέ
1285 2796 1304 2828 ὁ
1323 2796 1464 2840 κωμικὸς
1488 2795 1629 2842 τροφόν.
1660 2795 1843 2842 Compara
1871 2793 2100 2842 Hesychium
2124 2794 2196 2830 vol.
2219 2793 2270 2835 II,

1227 2860 1250 2895 p
1282 2899 1368 2934 300.
1399 2896 1467 2946 (1.)
1499 2898 1769 2935 Grammaticus
1794 2898 1952 2935 Bekkeri
1977 2896 2011 2940 I,
2031 2911 2067 2947 p.
2086 2898 2178 2940 410,
2210 2900 2270 2936 16.

1334 2953 1397 2988 Καὶ
1417 2952 1486 2987 κατ’
1505 2952 1668 2999 Ἀγάθων’
1689 2952 1860 2988 ἀντίθετον
1878 2952 2088 3000 ἐξυρημένον.

1283 3005 1368 3039 301.
1392 3003 1459 3052 (z.)
1482 3003 1654 3040 Athenaei
1673 3003 1832 3052 epitome
1852 3004 1883 3049 Ι,
1903 3017 1939 3052 p.
1961 3006 2009 3039 29
2030 3016 2063 3040 a.
2078 3004 2157 3040 Ὅτι
2177 3002 2269 3053 Ἀρι-

1230 3058 1423 3103 στοφάνους
1439 3059 1499 3094 τὰς
1523 3059 1678 3104 δευτέρας
1705 3058 2055 3104 Θεσμοφοριαζούσας
2083 3057 2271 3105 Δημήτριος

1230 3112 1248 3144 ὁ
1271 3110 1460 3156 Τροιζήνιος
1484 3111 1820 3157 Θεσμοφοριασάσας
1845 3111 2039 3157 ἐπιγράφει.
2072 3111 2107 3145 ἐν
2130 3110 2231 3155 ταύτῃ
2252 3113 2270 3144 ὁ

1230 3163 1371 3209 κωμικὸς
1387 3162 1546 3208 μέμνηται
1565 3163 1779 3210 Πεπαρηθίου
1798 3161 1887 3197 οἴνου

1334 3213 1432 3251 Οἶνον
1449 3216 1487 3251 δὲ
1504 3216 1611 3250 πίνειν
1628 3216 1687 3250 οὐκ
1706 3215 1796 3251 ἐάσω
1815 3218 1998 3261 Πράμνιον,

1332 3268 1370 3302 οὐ
1390 3271 1481 3310 Χῖον,
1501 3268 1578 3313 οὐχὶ
1598 3269 1737 3309 Θάσιον,
1758 3269 1796 3302 οὐ
1816 3267 2043 3314 Πεπαρήθιον,

1331 3320 1400 3354 οὐδ’
1419 3320 1528 3355 ἄλλον
1545 3321 1640 3356 ὅστις
1658 3321 1812 3367 ἐπεγερεῖ
1828 3321 1887 3355 τὸν
1904 3321 2062 3365 ἔμβολον.

1229 3369 1277 3406 V.
1295 3373 1329 3408 3.
1345 3369 1804 3419 Hesychius‚⁴EpBo)lov:
1826 3372 2076 3419 Ἀριστοφάνης
2088 3371 2123 3406 ἐν
2134 3376 2267 3416 Θεσμο-

1228 3423 1470 3471 φοριαζούσαις
1505 3427 1543 3459 τὸ
1578 3425 1713 3460 αἰδοῖον.
1751 3423 1874 3459 Etiam
1909 3424 2094 3468 ἀνθοσμίου
2129 3421 2266 3458 mentio

1227 3475 1324 3511 facta
1334 3475 1405 3512 fuit
1415 3475 1453 3512 in
1464 3475 1678 3513 hacfabula.
1711 3475 1909 3513 Erotianus
1917 3489 1952 3526 p.
1968 3478 2054 3513 284.
2067 3475 2125 3514 ed.
2135 3474 2264 3511 Franz.

1178 3528 1239 3561 5Α
