2488 3860
1002 291 1492 332 ΑΠΟΣΠΑΣΜΑΤΙΑ.

193 409 251 441 sta
268 403 431 440 derivata
448 414 496 439 ex
514 401 675 439 Hercule
693 401 741 439 ad
756 401 992 439 Taenarum.''
1020 401 1204 441 Bmmcx.

232 458 321 495 696.
350 456 560 493 Athenaeus
579 455 613 499 Ι,
630 468 667 503 p.
690 457 739 491 33
759 467 790 491 e.

277 508 324 547 Ὠ
340 514 490 559 γλῶσσα
507 510 685 558 σιγήσασα
701 509 760 545 τὸν
776 510 886 546 πολύν
901 512 1038 558 χρόνον,

283 569 355 602 πῶς
373 566 455 610 δῆτα
472 564 592 610 τλὴσει
609 563 734 611 πρᾶγμ’
754 564 947 608 ἐπεξελθεῖν
964 566 1064 606 τόδε;

283 617 304 663 ἦ
322 620 381 664 τῆς
397 618 541 666 ἀνάγκης
559 618 656 653 οὐδὲν
674 617 936 665 ἐμβριθέστερον

282 671 342 719 ὑφ’
360 671 400 717 ἧς
416 673 455 708 τὸ
474 672 624 719 κρυφθὲν
642 671 798 718 ἐκφανεῖς
814 671 1008 719 ἀνάκτορον.

229 724 319 761 697.
348 723 550 760 Athenaeus
574 722 625 766 II,
644 735 680 771 p.
703 724 750 759 39
773 722 801 759 f.
829 724 914 760 Ἀπὸ
936 727 996 770 τῆς
1018 723 1226 769 ἀλλοιούσης

175 778 235 824 κὴν
250 780 386 825 γνώμην
403 779 457 814 καὶ
483 779 568 827 πρὸς
588 779 627 813 τὸ
651 778 779 824 ψευδὲς
803 777 992 825 τρεπούσης
1018 779 1185 824 εὐθυμίας,
1206 777 1226 823 ἣ

177 833 303 879 γίνεται
327 833 409 867 κατὰ
432 832 492 877 τὴν
514 832 848 878 μέθην-Σοφοκλῆς
871 833 963 879 φησι
991 833 1067 867 “Tb
1093 831 1226 878 μεθύειν

176 888 323 931 πημονῆς
339 884 538 931 λυτῆριον.”

228 939 318 975 698.
348 937 621 974 Grammaticus
641 936 800 973 Bekkeri
817 949 855 985 p.
883 938 970 980 361,
994 939 1052 974 19.
1108 939 1223 987 Αἰγύ-

174 1008 292 1029 πτιον
317 994 441 1040 γῆρας
457 1006 465 1027 :

188 1056 190 1058 ’
279 1051 421 1094 Πρῶτον
437 1047 499 1093 μὲν
517 1046 599 1094 ὄψει
615 1044 736 1082 λευκὸν
753 1045 916 1081 ἀνθοῦντα
934 1046 1075 1093 στάχυν,

277 1101 391 1136 ἔπειτα
408 1101 606 1148 φοινίξαντα
623 1098 796 1147 γογγύλον
812 1101 919 1147 μόρον

277 1155 391 1190 ἔπειτα
408 1156 513 1202 γῆρας
529 1154 713 1199 λαμβάνεις
731 1152 932 1200 Αἰγύπτιον.

173 1208 362 1254 Σοφοκλῆς.
381 1205 430 1242 V.
454 1202 488 1242 l.
511 1207 548 1242 2.
577 1205 684 1241 affert
701 1203 906 1241 Athenaeus
926 1204 980 1249 ΙΙ,
998 1218 1036 1253 p.
1058 1205 1104 1240 51
1128 1203 1164 1240 d.
1185 1208 1223 1240 et

172 1271 220 1296 ex
237 1271 283 1295 eo
301 1258 521 1296 Eustathius
538 1271 574 1307 Ρ.
597 1259 684 1300 835,
708 1258 769 1294 10.

225 1313 313 1350 699.
341 1312 544 1349 Athenaeus
555 1310 631 1352 ΙΙΙ,
646 1323 684 1358 p.
702 1311 751 1346 99
766 1310 802 1347 d.
832 1315 870 1347 et
885 1323 932 1347 ex
943 1323 987 1347 eo
1006 1310 1222 1347 Eustathius

169 1378 208 1415 Ρ.
239 1366 349 1410 1944,
378 1366 438 1401 26.
484 1367 549 1401 Καὶ
576 1367 753 1412 Σοφοκλῆς
780 1365 821 1400 δέ
845 1381 913 1401 που
941 1368 960 1401 ὁ
994 1366 1134 1411 ποιητὴς
1163 1364 1223 1401 τὸν

170 1418 308 1468 φύλακα
324 1421 456 1467 μοχλόν
472 1434 540 1455 που
558 1420 734 1465 ὠνόμασεν
751 1418 787 1454 ἐν
804 1418 935 1456 τούτοις

274 1475 417 1521 Θάρσει·
444 1473 549 1520 μέγας
567 1488 625 1509 σοι
641 1473 733 1508 τοῦδ’
753 1472 819 1520 ἐγὼ
837 1474 952 1519 φόβου
970 1475 1113 1519 μοχλός.

168 1528 230 1564 κάν
246 1527 365 1564 ἄλλοις
382 1528 419 1563 δὲ
441 1527 502 1572 τὴν
523 1527 669 1574 ἄγκυραν
696 1527 873 1573 Σοφοκλῆς
899 1527 1027 1573 ἰσχάδα
1052 1527 1218 1570 κέκληκεν,

169 1583 226 1617 διὰ
242 1582 282 1618 τὸ
300 1582 451 1628 κατέχειν
467 1580 528 1625 τὴν
546 1583 626 1616 ναῦν

274 1638 402 1671 Ναῦται
420 1634 449 1670 δ’
469 1633 679 1681 ἐμηρύσαντο
697 1634 774 1680 νηὸς
792 1634 930 1680 ἰσχάδα.

223 1687 311 1725 700.
340 1687 545 1724 Athenaeus
563 1685 653 1728 VII,
671 1699 710 1734 p.
732 1686 806 1726 277
826 1685 863 1721 b.

272 1744 383 1790 Χορὸς
400 1742 430 1778 δ’
449 1740 599 1777 ἀναύδων
617 1740 743 1788 ἰχθύων
760 1740 944 1787 ἐπερρόθει,

273 1797 450 1832 σαίνουσιν
467 1795 635 1842 οὐραίοισι
652 1795 712 1840 τὴν
730 1794 938 1839 κεκτημένην.

167 1845 218 1883 V.
242 1848 276 1884 1.
296 1860 344 1884 ex
366 1845 509 1897 tragico
533 1847 641 1883 affert
665 1845 838 1885 Clemens
861 1845 975 1882 Alex.
994 1857 1033 1894 p.
1054 1846 1144 1885 787.
1165 1844 1215 1881 V.

167 1903 207 1936 2.
226 1899 434 1937 Brunckius
451 1902 636 1939 σαίνοντες.

219 1953 310 1993 701.
338 1954 544 1992 Athenaeus
567 1953 619 1990 X.
643 1966 680 2002 p.
699 1954 778 1991 428
796 1963 830 1988 a.
887 1954 952 1989 Καὶ
978 1954 1156 2000 Σοφοκλῆς
1181 1953 1218 1989 ἐν

168 2005 190 2029 *
210 2005 233 2030 *
252 2012 420 2058 σατυρικῷ
437 2011 547 2056 φησιν
564 2009 608 2045 ὡς
625 2008 691 2056 ἄρα

506 2064 553 2098 Τὸ
570 2063 678 2098 πίνειν
694 2062 780 2109 πρὸς
791 2061 871 2104 βίαν

269 2113 349 2152 ’la-ov
366 2117 466 2152 κακὸν
482 2117 615 2163 πέφυκε
631 2118 678 2164 τῷ
696 2116 804 2162 διψῆν
819 2115 881 2160 βίᾳ

220 2166 310 2206 702.
338 2167 539 2205 Athenaeus
552 2167 603 2210 X,
618 2180 656 2215 p.
668 2168 745 2203 433
761 2179 794 2203 e.
849 2168 895 2203 Τὸ
914 2167 1017 2214 δῖψος
1026 2168 1093 2214 γὰρ
1110 2168 1217 2202 πᾶσιν

166 2221 312 2268 ἶσχυρὰν
343 2223 517 2269 ἐπιθυμίαν
547 2223 678 2269 ἐμποιεῖ
706 2223 765 2267 τῆς
793 2223 950 2269 περιττῆς
979 2219 1213 2257 ἀπολαύσεως.

165 2275 218 2312 διὸ
234 2275 288 2311 καὶ
306 2278 483 2323 Σοφοκλῆς
499 2278 590 2323 φησι

269 2330 423 2377 Διψῶντι
440 2330 505 2377 γάρ
523 2345 576 2365 τοι
593 2330 702 2365 πάντα
717 2328 928 2377 προσφέρων
945 2328 1043 2374 σοφὰ

269 2383 330 2418 οὐκ
347 2383 388 2419 ἂν
403 2384 509 2419 πλέον
525 2383 688 2431 τέρψειας
704 2382 724 2428 ἢ
742 2385 831 2418 πιεῖν
848 2381 975 2418 διδούς.

219 2433 307 2471 703.
335 2435 538 2472 Athenaeus
568 2434 640 2476 XI,
675 2447 712 2483 p.
754 2435 827 2472 783
863 2433 891 2469 f.
947 2433 1214 2482 ἰ’1ρύβαλλοςᾖ

162 2488 308 2537 λέγουσι
325 2490 362 2526 δὲ
380 2491 434 2525 καὶ
450 2492 603 2538 πρόχουν
619 2490 772 2536 ἄρυστιν.
827 2489 1004 2535 Σοφοκλῆς

400 2547 517 2580 Κακῶς
534 2544 580 2579 σὺ
597 2544 682 2590 πρὸς
700 2543 785 2578 θεῶν
802 2541 977 2587 ὀλουμένη,

269 2596 289 2642 ἣ
305 2597 366 2633 τὰς
382 2596 538 2644 ἀρύστεις
556 2597 612 2633 ὧδ’
631 2595 747 2642 ἔχουσ’
767 2596 954 2642 ἐκώμασας.

165 2648 385 2698 Hesychius,
412 2650 611 2697 Ἀρύστειςε
643 2650 703 2686 τὰς
729 2649 892 2685 ἀπνευστὶ
918 2649 1050 2685 πόσεις.
1104 2649 1147 2684 τὰ
1174 2650 1211 2684 δὲ

163 2704 248 2739 αὐτὰ
265 2704 319 2738 καὶ
336 2703 527 2751 ἀρυστῆρας
545 2705 598 2739 καὶ
615 2703 822 2751 ἀρυστίχους
839 2703 993 2737 ἐκάλουν.

218 2755 306 2792 704.
335 2755 539 2791 Athenaeus
555 2755 644 2791 XV.
662 2767 701 2803 p.
722 2756 800 2792 688
823 2766 856 2790 a.
910 2756 975 2790 Καὶ
994 2757 1013 2789 ὁ
1035 2757 1211 2802 Σοφοκλῆς

163 2811 201 2846 δὲ
218 2810 278 2846 τὰς
295 2810 547 2856 ἀπολελυμένας
563 2813 624 2845 τοῦ
641 2811 757 2856 φόβου
774 2809 934 2854 πεποίηκε
950 2807 1120 2856 λεγούσας

268 2866 371 2911 Θυμῷ
388 2862 417 2898 δ’
436 2866 527 2900 οὔτις
543 2863 673 2910 φαιδρὰ
689 2862 822 2911 χορεύει

266 2917 413 2964 τάρβους
430 2917 590 2964 θυγάτηρ.

216 2968 305 3007 705.
334 2967 496 3017 Etymol.
525 2969 582 3005 M.
610 2981 648 3017 p.
679 2969 767 3004 601.
796 2971 973 3009 extrema,
997 2970 1160 3006 Νεῖκος;
1189 2969 1208 3014 ἡ

163 3023 363 3068 φιλονεικία,
375 3024 466 3070 παρὰ
483 3022 522 3059 τὸ
536 3022 623 3059 νέοις
640 3022 791 3058 ἐοικέναι.
820 3021 840 3067 ἧ
853 3022 919 3069 γὰρ
937 3023 1127 3068 φιλονεικία
1139 3024 1210 3060 τοῖς

163 3078 292 3123 νεαροῖς
308 3076 455 3123 ἁρμόζει.
511 3077 688 3123 Σοφοκλῆς

624 3127 746 3176 ’Ὕβρις
763 3129 802 3165 δέ
818 3144 870 3165 τοι

265 3181 438 3218 οὐπώποθ’
457 3182 542 3228 ἥβης
559 3183 606 3219 εἷς
623 3183 662 3218 τὸ
680 3184 824 3230 σῶφρον
841 3181 941 3226 ἵκετο,

266 3235 344 3270 ἀλλ’
363 3236 400 3271 ἐν
417 3236 503 3272 νέοις
520 3235 612 3271 ἀνθεῖ
627 3251 664 3271 τε
682 3236 735 3270 καὶ
753 3236 866 3282 φθίνει
882 3238 998 3273 πάλιν.

217 3287 305 3324 706.
335 3286 508 3323 Clemens
525 3286 634 3323 Alex.
653 3286 803 3334 Paedag.
825 3287 951 3336 111‚p.
966 3290 1054 3325 286.

164 3342 288 3378 δίαιτον
304 3342 513 3386 ἐπονειδίζων
530 3342 658 3376 νεανίαν
676 3343 695 3375 ὁ
713 3342 890 3387 Σοφοκλῆς
906 3342 999 3390 λέγει

267 3396 518 3441 Γυναικομίμοις
535 3394 712 3442 ἐμπρέπεις
730 3394 929 3440 ἐσθῆμασιν.

216 3447 304 3484 707.
335 3446 506 3484 Clemens
524 3447 662 3483 Strom.
681 3444 732 3480 V.
753 3458 791 3493 p.
812 3447 899 3483 659.

266 3502 331 3536 Καὶ
347 3502 406 3537 τὸν
424 3501 502 3537 θεὸν
517 3503 670 3537 τοιοῦτον
686 3499 917 3547 ἐξεπίσταμαι,

1082 3289 1205 3337 Ἀβρο-

1368 406 1494 452 σοφοῖς
1509 406 1572 452 μὲν
1589 406 1759 454 αἰνικτῆρα
1777 407 1961 455 θεσφάτων
1977 409 2042 451 ἀεὶ,

1367 461 1499 496 σκαιοῖς
1516 460 1554 495 δὲ
1572 461 1707 506 φαῦλον
1725 461 1785 497 κάν
1803 463 1929 509 βραχεῖ
1944 464 2166 502 διδάσκαλον.

1261 509 1310 547 V.
1332 512 1370 547 2.
1392 512 1427 547 3.
1447 511 1589 559 profert
1606 511 1827 549 Plutarchus
1844 514 1981 552 Moral.
2000 528 2038 564 p.
2059 518 2136 554 406
2154 516 2181 553 f.

1316 563 1404 601 708.
1436 563 1609 601 Clemens
1627 563 1766 602 Strom.
1783 566 1832 604 V.
1846 579 1884 615 p.
1904 570 1992 605 716.
2012 573 2050 606 et
2067 569 2249 607 Eusebius
2267 571 2310 608 P.

1364 671 1432 717 Τὴν
1449 672 1550 707 τοῦδε
1565 673 1632 720 γάρ
1649 688 1702 709 τοι
1720 674 1838 711 Ζεὺς*
1817 690 1920 722 εγημε
1937 692 2075 724 μητερα,

1365 726 1404 760 οὐ
1421 727 1680 774 χρυσόμορφος,
1704 726 1775 762 οὐδ’
1796 729 2069 776 ἐπημφιεσμένος

1363 779 1487 814 πτίλον
1504 779 1662 823 κύκνειον,
1682 782 1727 818 ὡς
1745 783 1846 828 κόρην
1863 785 2079 831 Πλευρωνίαν

1365 832 1627 880 ὖπημβρύωσεν·
1656 834 1733 870 ἀλλ’
1753 837 1981 883 ὁλοσχερὴς’
1960 837 2054 885 ανῆρ.

1626 910 1648 934 *
1702 911 1725 935 *
1779 911 1821 934 *-
1856 912 1879 935 ⁶*
1932 914 1954 937 *

1363 939 1468 986 ταχὺς
1485 940 1523 975 δε
1539 940 1684 987 βαθμοῖς
1701 945 1878 989 νυμφικοῖς
1896 943 2064 989 ἐπεστάθη

1363 995 1383 1028 ὁ
1399 995 1572 1040 μοιχός-

1363 1048 1382 1081 ὁ
1400 1046 1430 1082 δ’
1450 1049 1526 1083 οὔτε
1544 1048 1658 1084 δαιτὸς
1675 1051 1753 1084 οὔτε
1769 1049 1929 1096 χέρνιβος
1946 1051 2049 1098 θιγὼν

1360 1101 1446 1147 πρὸς
1462 1101 1604 1148 λέκτρον
1620 1101 1673 1147 ᾔει
1691 1103 1827 1148 καρδίαν
1845 1104 2047 1150 ὦδαγμένος·

1362 1153 1446 1199 ὅλην
1463 1152 1495 1189 δ’
1515 1155 1640 1200 ἐκείνην
1657 1157 1826 1203 εὐφρόνην
1843 1156 2040 1204 ἐθρύπτετο.

1258 1208 1282 1222 “
1294 1204 1329 1241 Ε
1349 1204 1505 1253 satyrica
1522 1206 1649 1243 fabula
1667 1207 1828 1243 Hercule
1847 1208 1895 1244 ad
1911 1208 2105 1246 Taenarum
2119 1222 2249 1248 versus
2267 1211 2306 1247 hi

1261 1254 1416 1292 derivati
1439 1267 1519 1292 esse
1535 1257 1718 1295 videntur.
1773 1258 1819 1295 In
1844 1259 1974 1296 ultimo
1990 1273 2100 1296 versu
2121 1261 2305 1298 Eusebius

1259 1307 1351 1356 legit
1388 1309 1557 1357 ἐθόρνυτο.
1562 1309 1584 1325 ”
1653 1311 1835 1350 Bmmcx.
1903 1313 2044 1350 Versus
2078 1313 2125 1350 ab
2153 1314 2301 1351 falsario

1259 1360 1394 1397 Judaeo
1411 1362 1638 1411 compositos
1662 1376 1746 1401 esse
1773 1365 1935 1403 ostendit
1957 1366 2004 1404 L.
2024 1366 2275 1440 Dindorfius
2263 1380 2303 1404 111

1261 1413 1455 1451 Thesauro
1472 1416 1545 1452 vol.
1566 1416 1621 1453 ΙΙ.
1642 1430 1679 1466 p.
1702 1420 1764 1454 21.

1310 1468 1398 1506 709.
1428 1469 1600 1506 Clemens
1637 1469 1776 1506 Strom.
1805 1470 1857 1513 II,
1886 1485 1924 1521 p.
1953 1475 2045 1510 494.
2099 1474 2149 1510 Ευ
2165 1478 2249 1523 γοῦν
2284 1475 2304 1518 ἡ

1253 1525 1422 1572 τραγῳδία
1438 1526 1516 1572 περὶ
1533 1527 1594 1560 τοῦ
1606 1524 1725 1560 ’Ἃιδου
1742 1527 1869 1573 γράφει

1624 1579 1718 1625 Πρὸς
1736 1579 1765 1614 δ’
1785 1577 1857 1615 οἷον
1873 1581 1963 1626 ἥξεις
1980 1583 2133 1628 δαίμονα,

1359 1630 1395 1668 ὃς
1414 1634 1491 1668 οὕτε
1507 1633 1691 1668 τούπιεικὲς
1708 1635 1786 1668 οὔτε
1802 1634 1862 1678 τὴν
1877 1636 1978 1681 χάριν

1354 1684 1428 1730 ᾔδη,
1448 1688 1552 1731 μόνην
1569 1686 1599 1722 δ’
1618 1687 1760 1734 ἔστεργε
1777 1687 1837 1732 τὴν
1854 1690 1970 1725 ἁπλῶς
1987 1689 2092 1733 δίκην·

1307 1736 1394 1773 710.
1423 1737 1641 1774 Plutarchus
1660 1737 1739 1775 Vit.
1758 1751 1797 1806 Ρ.
1820 1740 1907 1777 253.
1936 1746 2009 1777 Τῶν
2027 1743 2064 1778 δὲ
2082 1741 2301 1788 Τιμολεοντος

1251 1792 1358 1838 ἔργων
1376 1793 1474 1828 οὐδέν
1496 1794 1591 1829 ἐστιν
1611 1808 1637 1827 ω
1662 1793 1707 1838 μὴ
1731 1794 1774 1828 τὰ
1795 1796 1856 1829 τοῦ
1880 1796 2095 1842 Σοφοκλέους
2122 1796 2302 1843 ἐπιφωνεῖν

1250 1845 1393 1892 ἔπρεπεν

1351 1896 1397 1934 ςὮ
1415 1900 1498 1940 θεοὶ,
1518 1901 1568 1938 τίς
1585 1899 1650 1948 ἆρα
1668 1899 1807 1948 Κύπρις,
1827 1900 1846 1946 ἢ
1865 1902 1915 1939 τίς
1926 1901 2058 1949 Ἵμερος

1354 1954 1454 1988 τοῦδε
1471 1954 1647 2001 ξυνήψατο
1659 1967 1669 1995 ;

1302 2005 1391 2042 71].
1419 2005 1639 2043 Plutarchus
1657 2006 1734 2042 Vit.
1754 2019 1791 2055 p.
1810 2007 1898 2043 661.
1927 2011 1966 2043 et
1983 2006 2116 2045 Moral.
2131 2020 2169 2057 p.
2191 2010 2241 2046 33
2260 2008 2297 2046 d.

1349 2058 1471 2096 Ὅστις
1489 2061 1526 2095 δέ
1543 2063 1629 2108 πρὸς
1646 2061 1807 2109 τύραννον
1825 2060 2054 2109 ἐμπορεύεται,

1352 2113 1460 2149 κείνου
1477 2113 1548 2150 ’στὶ
1567 2116 1699 2156 δοῦλος,
1720 2115 1780 2150 κᾶν
1798 2114 1978 2161 ἐλεύθερος
1994 2117 2096 2161 μόλῃ.

1304 2165 1390 2201 712.
1420 2165 1637 2202 Plutarchus
1654 2166 1732 2202 Vit.
1753 2179 1791 2215 p.
1813 2167 1901 2203 667.

1354 2221 1501 2256 Πολλῶν
1517 2223 1666 2267 χαλινῶν
1683 2223 1783 2268 ἔργον
1800 2222 1919 2256 οἰάκων
1937 2221 1971 2256 θ’
1990 2222 2070 2267 ἅμα.

1302 2271 1391 2308 713.
1420 2271 1644 2310 Plutarchus
1678 2273 1758 2309 Vit.
1794 2285 1832 2320 p.
1871 2274 1960 2309 911.
2006 2275 2047 2310 ‘O
2083 2276 2297 2323 Σοφοκλέους

1249 2326 1420 2362 Μενέλαος
1437 2326 1559 2372 ταύτην
1576 2328 1686 2363 εἰκόνα
1703 2330 1774 2363 ταῖς
1791 2328 1893 2362 αὑτοῦ
1910 2327 2028 2373 τύχαις
2043 2330 2269 2376 παρατίθησιν

1353 2379 1451 2415 Ἀλλ’
1473 2381 1575 2427 οὑμὸς
1592 2382 1644 2416 ἀεὶ
1661 2382 1790 2427 πότμος
1807 2381 1843 2416 ἐν
1859 2383 1972 2429 πυκνῷ
1990 2382 2069 2417 θεοῦ

1354 2436 1467 2482 τροχῷ
1485 2436 1650 2470 κυκλεῖται
1664 2435 1718 2470 καὶ
1735 2435 1969 2480 μεταλλάσσει
1986 2435 2106 2482 φύσιν.

1353 2488 1469 2534 ὥσπερ
1488 2487 1632 2533 σελήνης
1649 2487 1678 2523 δ’
1699 2487 1783 2534 ὄψις
1800 2489 1968 2535 εὐφρόνας
1985 2488 2045 2524 δύο

1350 2542 1470 2585 στῆναι
1487 2540 1610 2577 δύναιτ’
1630 2542 1671 2577 ἂν
1688 2540 1804 2577 οὔποτ’
1824 2542 1859 2577 ἐν
1875 2543 1997 2588 μορφῇ
2010 2545 2082 2588 μιᾷ,

1352 2594 1428 2628 ἀλλ’
1449 2594 1487 2638 ἐξ
1504 2594 1631 2640 ἀδήλου
1648 2599 1783 2642 πρῶτον
1799 2595 1934 2642 ἔρχεται
1952 2595 2010 2630 νέα

1350 2649 1519 2694 πρόσωπα
1537 2648 1753 2684 καλλύνουσα
1771 2649 1825 2683 καὶ
1842 2649 2067 2695 πληρουμένη,

1349 2700 1525 2749 χῶτανπερ
1543 2703 1640 2747 αὑτῆς
1660 2703 1880 2749 εὐγενεστάτη
1899 2703 2001 2748 φανῇ,

1349 2755 1452 2790 πάλιν
1470 2756 1599 2802 διαρρεῖ
1616 2756 1695 2790 κάπὶ
1711 2756 1815 2801 μηδὲν
1832 2757 1979 2803 ἔρχεται.

1245 2805 1294 2841 V.
1315 2806 1431 2842 5—8.
1456 2806 1578 2843 attulit
1601 2806 1736 2843 Moral.
1757 2819 1795 2855 p.
1820 2808 1895 2843 282
1912 2806 1950 2844 b.
1971 2807 2046 2844 517
2077 2807 2114 2846 d.
2137 2821 2172 2845 v.
2193 2812 2227 2847 5.
2254 2812 2289 2846 6.

1242 2857 1396 2894 Tzetzes
1414 2859 1462 2895 ad
1480 2859 1635 2895 Hesiodi
1644 2860 1747 2908 Ἐργ.
1767 2872 1804 2897 v.
1827 2860 1915 2897 780.

1297 2912 1385 2951 714.
1415 2911 1637 2949 Plutarchus
1654 2912 1732 2950 Vit.
1753 2925 1790 2961 p.
1814 2913 1927 2950 1025.

1347 2969 1473 3013 Ταχεῖα
1488 2966 1593 3001 πειθὼ
1611 2970 1677 3002 τῶν
1695 2971 1802 3003 κακῶν
1818 2968 1999 3014 ὁδοιπορεῖ.

1297 3018 1385 3054 715.
1413 3017 1630 3054 Plutarchus
1646 3018 1781 3056 Moral.
1801 3031 1838 3067 p.
1863 3020 1910 3056 16
1928 3031 1962 3056 a.

1339 3071 1471 3120 Ἐργου
1489 3073 1526 3107 δὲ
1543 3074 1668 3110 παντὸς
1686 3075 1727 3118 ἤν
1743 3088 1793 3110 τις
1810 3074 1953 3120 ἄρχηται
1970 3076 2090 3116 καλῶς,

1347 3127 1401 3160 καὶ
1418 3127 1478 3162 τὰς
1494 3127 1651 3163 τελευτὰς
1669 3127 1755 3164 εἰκός
1772 3126 1850 3162 ἐσθ’
1869 3126 1975 3164 οὕτως
1991 3129 2093 3174 ἔχειν.

1297 3178 1383 3214 716.
1412 3176 1630 3214 Plutarchus
1648 3178 1786 3216 Moral.
1802 3191 1840 3226 p.
1865 3179 1909 3216 17
1930 3191 1963 3215 c.

1348 3233 1519 3268 Στενωπὸς
1530 3230 1648 3267 Ἀιδου
1666 3234 1719 3268 καὶ
1735 3234 1917 3280 παλιρροία
1933 3234 2053 3275 βυθοῦ.

1297 3284 1383 3320 717.
1414 3283 1634 3320 Plutarchus
1651 3283 1788 3320 Moral.
1807 3297 1843 3332 p.
1865 3286 1908 3320 21
1932 3297 1966 3321 a.

1348 3339 1417 3373 Οὐκ
1435 3338 1596 3385 ἐξάγουσι
1614 3340 1741 3386 καρπὸν
1758 3340 1790 3373 οἱ
1806 3339 1947 3385 ψευδεῖς
1963 3339 2075 3384 λόγοι.

1295 3390 1383 3426 718.
1411 3389 1628 3426 Plutarchus
1646 3389 1781 3427 Moral.
1802 3403 1838 3438 p.
1853 3390 1897 3426 21
1914 3390 1949 3425 b.
1996 3392 2044 3425 Τὰ
2057 3388 2269 3434 Σοφοκλέους

1238 3446 1283 3480 ὧν
1301 3445 1354 3480 καὶ
1371 3444 1476 3480 ταῦτά
1493 3444 1567 3479 ἐστι

1341 3497 1475 3533 Γένοιτο
1492 3497 1552 3532 κᾶν
1568 3496 1738 3534 ἄπλουτος
1756 3497 1792 3533 ἐν
1804 3498 1912 3542 τιμαῖς
1929 3495 2022 3543 ἀνήρ.
