2488 3860
281 309 336 352 10

271 2173 330 2203 ῘΩ.

270 2640 340 2670 ΧΟ.

1186 307 1486 348 ΑΙΣΧΥΛΟΥ

372 409 417 446 ῶς
435 408 584 457 δέρκεται
601 405 708 443 πλέον
724 420 758 442 τι
774 408 835 442 τοῦ
852 405 1087 452 πεφασμένου.

371 462 414 497 τὰ
430 461 535 497 λοιπὰ
552 459 582 495 δ’
600 460 677 504 ὑμῖν
693 458 774 504 τῇδέ
788 458 818 494 τ’
837 459 873 495 ἐς
889 459 998 494 κοινὸν
1014 458 1153 505 φράσω,

373 515 408 551 ἐς
424 513 545 548 ταυτὸν
562 511 677 548 ἐλθὼν
692 514 760 547 τῶν
775 512 886 547 πάλαι
904 512 1017 557 λόγων
1032 508 1140 556 ἰ’χνος.

372 567 468 601 ἔστιν
483 567 584 601 πόλις
601 564 764 606 Κάνωβος
781 563 910 608 ἐσχάτη
927 562 1063 608 χθονὸς,

372 618 505 654 Νείλου
521 617 606 664 πρὸς
623 616 713 664 αὐτῷ
732 616 876 660 στόματι
894 616 947 650 καὶ
964 615 1200 661 προσχώματι·

373 669 514 706 ἐνταῦθα
530 668 571 714 δή
590 683 633 704 σε
650 667 731 705 Ζεὺς
747 667 883 711 τίθησιν
900 667 1065 711 ἔμφρονα.

377 719 537 767 [ἐπαφῶν
553 720 696 766 ἀταρβεῖ
711 720 801 766 χειρὶ
819 720 873 754 καὶ
891 719 995 765 θιγὼν
1011 717 1137 764 μόνον.]

374 773 546 816 ἐπώνυμον
562 772 598 807 δὲ
615 775 682 807 τῶν
695 772 774 808 Διὸς
790 770 924 818 γέννημ’
943 771 1041 816 ἁφῶν

374 821 481 865 τέξεις
496 822 650 856 κελαινὸν
659 820 832 866 ’Ἔπαφον
863 820 900 857 ὃς
917 822 1129 868 καρπώσεται

374 873 460 918 ὅσην
475 871 688 919 πλατύρρους
706 875 832 909 Νεῖλος
848 872 978 919 ἀρδεύει
995 873 1114 918 χθόνα·

373 925 506 970 πέμπτη
524 925 591 960 δ”
571 924 627 960 ἀπ’
647 925 749 960 αὐτοῦ
765 925 863 972 γέννα
880 926 1160 969 πεντηκοντάπαις

373 978 477 1012 πάλιν
492 979 578 1023 πρὸς
587 975 716 1024 Ἀργος
734 977 798 1022 οὐχ
816 976 928 1011 ἐκοῦσ’
948 976 1127 1011 ἐλεύσεται

375 1027 603 1075 θηλύσπορος,
623 1019 821 1076 φεύγουσα
821 1030 966 1075 συγγενῆ
984 1030 1092 1075 γάμον

373 1081 535 1127 ἀνεψιῶν·
566 1082 598 1115 οἱ
616 1081 644 1115 δ’
665 1081 859 1125 ἐπτοημένοι
877 1081 1014 1127 φρένας,

375 1132 483 1179 κίρκοι
498 1134 643 1168 πελειῶν
660 1133 700 1167 οὔ
717 1133 845 1178 μακρὰν
861 1132 1083 1177 λελειμμένοι,

374 1184 498 1229 ἥξουσι
515 1183 709 1231 θηρεύοντες
726 1184 765 1218 οὐ
783 1182 988 1229 θηρασίμους

374 1237 513 1283 γάμους,
533 1236 662 1282 φθόνον
679 1237 715 1271 δὲ
734 1237 898 1279 σωμάτων
916 1236 983 1279 ἔξει
1002 1235 1089 1271 θεός·

376 1289 556 1335 Πελασγία
575 1289 611 1323 δὲ
629 1288 758 1332 δέξεται
777 1288 968 1335 θηλυκτόνῳ

1241 516 1300 555 845
1324 493 1327 514 ¹

1243 775 1305 814 850

1242 1292 1306 1324 860

366 1339 466 1387 *Apa
484 1340 650 1385 δαμέντων
668 1339 940 1387 νυκτιφρουρήτῳ
959 1339 1090 1386 θράσει·

375 1392 457 1439 γυνὴ
475 1393 540 1439 γὰρ
558 1392 649 1439 ἄνδρ’
669 1392 810 1426 ἕκαστον
828 1392 945 1427 αἰῶνος
964 1394 1087 1438 στερεῖ,

376 1444 530 1487 δίθηκτον
548 1445 583 1479 ἐν
602 1446 772 1490 σφαγαῖσι
790 1445 939 1490 βάψασα
957 1444 1070 1489 ξίφος·

375 1495 479 1531 τοιάδ’
499 1495 710 1543 ἐπ’“ἐχθροὺς
726 1496 804 1531 τοὺς
822 1495 920 1539 ἐμοὺς
937 1495 1036 1529 ἔλθοι
1055 1495 1192 1542 Κύπρις.

377 1548 454 1586 μίαν
471 1548 508 1582 δὲ
524 1548 652 1583 παίδων
669 1546 781 1593 ἵμερος
799 1547 915 1590 θέλξει
934 1549 971 1581 τὸ
989 1547 1033 1592 μὴ

377 1602 498 1635 κτεῖναι
517 1599 686 1639 σύνευνον,
706 1599 783 1634 ἀλλ’
803 1599 1123 1644 ἀπαμβλυνθήσεται

376 1652 520 1698 γνώμην·
550 1653 642 1686 δυοῖν
659 1652 695 1686 δὲ
715 1651 853 1695 θάτερον
871 1651 1091 1695 βουλήσεται,

377 1702 490 1738 κλύειν
507 1703 642 1739 ἄναλκις
659 1705 791 1748 μᾶλλον
809 1702 827 1747 ἢ
846 1705 1037 1748 μιαιφόνος·
1322 1701 1324 1732 'r

377 1753 458 1799 αὕτη
478 1755 546 1790 κατ’
558 1754 686 1802 ”Αργος
702 1757 884 1797 βασιλικὸν
902 1756 990 1798 τέξει
1007 1755 1112 1802 γένος.
1322 1737 1324 1791 y

377 1810 503 1854 μακροῦ
521 1809 626 1854 λόγου
645 1808 695 1842 δεῖ
711 1807 799 1841 ταῦτ’
821 1807 1012 1850 ἐπεξελθεῖν
1029 1812 1146 1854 τορῶς.

378 1861 510 1905 σπορᾶς
525 1874 566 1906 γε
582 1859 646 1904 μὴν
664 1860 700 1894 ἐκ
717 1860 821 1903 τῆσδε
839 1858 986 1904 φύσεται
1006 1859 1132 1906 θρασὺς

376 1911 508 1954 τόξοισι
527 1912 666 1950 κλεινὸς,
687 1910 723 1947 ὃς
740 1913 849 1946 πόνων
867 1911 902 1945 ἐκ
920 1911 1013 1946 τῶνδ’
1034 1912 1089 1956 ἐμὲ

376 1961 489 1997 λύ’σει.
518 1964 647 1997 τοιόνδε
664 1964 819 2007 χρησμὸν
836 1962 856 2006 ἡ
875 1964 1077 2009 παλαιγενὴς

374 2011 482 2059 μήτηρ
501 2013 574 2058 ἐμοὶ
592 2013 708 2058 διῆλθε
725 2013 854 2049 Τιτανὶς
873 2012 984 2057 Θέμις·

375 2064 465 2100 ὅπως
483 2065 518 2100 δέ
535 2064 644 2110 χῶπη,
664 2067 767 2099 ταῦτα
785 2065 836 2099 δεῖ
851 2067 979 2110 μακροῦ
996 2066 1119 2111 χρόνου
1242 2071 1300 2112 355

374 2116 489 2156 εἰπεῖν,
510 2115 555 2151 σύ
572 2115 601 2150 τ’
620 2116 716 2151 οὐδὲν
734 2116 926 2160 ἐκμαθοῦσα
943 2118 1120 2163 κερδανεῖς.

373 2168 496 2203 ἐλελεῦ
515 2169 649 2208 ἐλελεῦ,
669 2168 734 2203 ὑπό
751 2168 783 2213 μ’
803 2166 844 2202 αὖ
863 2170 1039 2213 σφάκελος

373 2221 426 2254 καὶ
444 2221 691 2266 φρενοπληγεῖς
706 2220 818 2265 μανίαι
836 2220 1018 2261 θάλπουσ’,

373 2270 513 2317 οἴστρου
532 2271 559 2306 δ’
579 2271 672 2318 ἄρδις
685 2272 774 2318 χρίει
791 2271 823 2316 μ’
843 2271 983 2318 ἄπυρος·

373 2323 490 2369 κραδία
507 2324 543 2358 δέ
562 2325 664 2370 φόβῳ
682 2324 791 2370 φρένα
807 2325 970 2367 λακτίζει.

372 2376 613 2421 τροχοδινεῖται
630 2375 659 2410 δ’
678 2375 801 2420 ὄμμαθ’
822 2376 970 2423 ἑλίγδην,

371 2427 437 2470 ἕξω
456 2427 492 2462 δὲ
510 2428 634 2473 δρόμου
653 2428 798 2473 φέρομαι
815 2426 953 2472 λύσσης

371 2477 531 2523 πνεύματι
548 2480 677 2526 μάργῳ,
696 2481 863 2525 γλώσσης
880 2480 1032 2526 ἀκρατής·

373 2531 509 2577 θολεροὶ
527 2531 564 2565 δὲ
581 2532 680 2577 λόγοι
697 2531 833 2566 παίουσ’
855 2533 923 2576 εἰκῆ

373 2584 519 2629 στυγνῆς
535 2584 620 2629 πρὸς
637 2581 780 2627 κύμασιν
798 2585 889 2629 ἶίτης.

373 2633 393 2678 ἦ
414 2634 526 2680 σοφὸς
543 2633 563 2678 ἦ
583 2636 697 2680 σοφὸς
714 2633 753 2672 ὃς
1222 2653 1299 2683 στρ.

370 2690 502 2733 πρῶτος
535 2687 570 2722 ἐν
603 2688 719 2734 γνώμᾳ
754 2686 824 2723 τόδ’
860 2689 1033 2731 ἐβάστασε
1068 2690 1121 2723 καὶ
1155 2691 1302 2737 γλώσσᾳ

422 2738 719 2787 διεμυθολόγησεν,

370 2791 415 2826 ὣς
432 2792 470 2825 τὸ
491 2791 649 2837 κηδεῦσαι
667 2793 741 2829 καθ’
762 2793 881 2829 ἑαυτὸν
899 2791 1068 2839 ἀριστεύει
1085 2795 1210 2843 μακρῷ·
1240 2801 1300 2841 890
1320 2811 1322 2828 !

371 2843 424 2879 καὶ
440 2843 524 2890 μήτε
540 2848 606 2879 τῶν
622 2843 760 2893 πλούτῳ
779 2844 1068 2891 διαθρυπτομένων

370 2895 452 2941 μήτε
469 2900 535 2932 τῶν
551 2896 650 2960 γέννᾳ
666 2897 940 2943 μεγαλυνομένων

370 2947 449 2982 οντα
465 2947 628 2995 χερνήταν
646 2949 848 2994 ἐραστεῦσαι
864 2949 992 2995 γάμων.

370 2999 499 3063 μήποτε
515 2999 645 3045 μήποτέ
659 3000 692 3045 μ’
698 3026 706 3039 ,
727 3000 753 3034 ὦ
1225 3003 1296 3039 ἀντ.

1244 1553 1302 1592 803,

1240 2539 1299 2578 ἦρξ’·

1349 515 1418 545 ΠΡ.

1346 1607 1417 1637 ΧΟ.

1322 1669 1324 1698 j
1346 1660 1416 1689 ΠΡ.

1345 1711 1418 1741 ΧΟ.

1346 1763 1418 1794 ΠΡ.

1345 1815 1418 1846 ΧΟ.

1346 1868 1418 1897 ΠΡ.

1346 1921 1418 1950 ΧΟ.

1346 1974 1417 2004 ΠΡ.

1348 2021 1419 2050 ΧΟ.

1324 2090 1325 2095 =
1348 2074 1419 2103 ΠΡ.

369 3052 500 3087 πότνιαι
526 3054 650 3098 Μοῖραι
679 3052 808 3098 λεχέων
843 3054 922 3088 Διὸς
950 3053 1137 3099 εὐνάτειραν
1169 3053 1298 3092 ἴδοισθε

418 3105 607 3140 πέλουσαν·

369 3157 450 3201 μηδὲ
467 3155 630 3200 πλαθείην
646 3156 772 3202 γαμέτᾳ
790 3157 853 3191 τινὶ
871 3160 936 3190 τῶν
954 3157 991 3200 ἐξ
1010 3157 1161 3203 οὐρανοῦ.

368 3209 483 3254 ταρβῶ
500 3208 566 3253 γὰρ
584 3208 814 3254 ἀστεργάνορα
831 3208 1011 3254 παρθενίαν

368 3259 525 3306 εἷσορῶσ·’
543 3259 630 3295 Ἰοῦς
646 3260 732 3306 μέγα
749 3260 955 3304 δαπτομέναν

368 3311 575 3347 δυσπλάνοις
588 3310 699 3357 Ἥρας
716 3311 884 3347 ἀλατείαις
900 3314 1021 3347 πόνων.

369 3363 442 3407 ἐμοὶ
459 3362 487 3397 δ’
507 3362 558 3397 ὅτι
575 3363 636 3407 μὲν
653 3364 780 3407 ὁμαλὸς
797 3366 815 3398 ὁ
832 3365 939 3410 γάμος

365 3413 514 3460 ὂφοβος,
534 3415 574 3449 ού
592 3414 694 3454 δέδια,
712 3415 795 3459 μηδὲ
813 3421 1019 3462 κρεισσόνων
1038 3415 1120 3451 θεῶν

367 3467 451 3512 ἔρως
466 3466 618 3512 ἄφυκτον
635 3465 723 3510 ὄμμα
740 3467 948 3513 προσδράκοι
965 3482 1019 3512 με.

365 3517 536 3562 ἀπόλεμος
554 3517 610 3552 ὅδε
626 3516 658 3564 γ’
677 3520 696 3552 ὁ
713 3520 871 3562 πόλεμος,
891 3519 1001 3565 ἄπορα

367 3570 518 3621 πόριμος·
547 3569 617 3609 οὐδ’
636 3571 702 3622 ἔχω
720 3571 771 3612 τίς
788 3570 828 3608 ἄν
844 3571 1012 3621 γενοίμαν.

1234 3328 1296 3360 900

1341 3476 1405 3506 ΕΡ.

1324 2430 1326 2454 ’1
1348 2437 1411 2466 ΕΡ.

1343 2905 1413 2935 ΠΡ.

1453 405 1514 441 τὰν
1531 404 1611 442 Διὸς
1627 403 1693 451 γὰρ
1710 403 1776 449 οὐχ
1793 404 1861 450 ὁρῶ

1451 459 1550 503 μῆτιν
1568 456 1635 492 ὅπα
1651 454 1792 503 φύγοιμ’
1809 455 1863 491 ἅν.

1449 508 1470 553 ἦ
1487 509 1553 555 μὴν
1569 509 1619 543 ἔτι
1636 507 1727 550 Ζεὺς,
1747 507 1866 554 καίπερ
1883 506 2008 552 αὐθάδη
2026 508 2173 555 φρονῶν,

1450 562 1548 596 ἔσται
1565 560 1728 599 ταπεινὸς,
1747 556 1820 594 οἷον
1837 559 1856 594 ἐ
1946 558 2030 596 'erat

1449 614 1558 660 γάμον
1573 613 1702 659 γαμεῖν·
1732 610 1770 647 ὃς
1786 611 1887 646 αὐτὸν
1905 612 1941 647 ἐκ
1957 611 2152 659 τυραννίδος

1451 664 1578 711 θρόνων
1595 663 1623 698 τ’
1643 663 1762 699 ἰΐίστον
1779 663 1928 706 ἐκβαλεῖ·
1956 665 2083 711 πατρὸς
2101 663 2130 699 δ’
2149 663 2216 711 ἀρὰ

1451 718 1581 763 Κρόνου
1598 717 1667 751 τότ’
1684 716 1747 760 ἤδη
1763 717 1937 752 παντελῶς
1953 715 2187 763 κρανθήσεται,

1449 766 1490 813 ἣν
1507 768 1668 803 ἐκπίτνων
1684 766 1788 814 ἧρᾶτο
1805 768 1946 812 δηναιῶν
1964 767 2103 815 θρόνων.

1449 820 1586 855 τοιῶνδε
1601 819 1740 866 μόχθων
1757 819 1921 867 ἐκτροπὴν
1937 820 2046 857 οὐδεὶς
2062 820 2148 855 θεῶν

1450 871 1571 907 δύναιτ’
1590 872 1632 907 ἂν
1648 872 1737 921 αὐτῷ
1753 871 1845 916 πλὴν
1862 871 1943 918 ἐμοῦ
1961 872 2067 917 δεῖξαι
2085 873 2220 919 σαφῶς.

1449 924 1516 971 ἐγὼ
1532 923 1603 960 τάδ’
1625 921 1700 959 οἶδα
1716 921 1770 972 χῷ
1786 925 1917 972 τρόπῳ.
1942 926 2028 971 πρὸς
2045 926 2149 960 ταῦτα
2166 926 2224 960 νῦν

1450 976 1587 1023 θαρσῶν
1604 975 1764 1021 καθήσθω
1780 978 1852 1012 τοῖς
1868 977 2067 1023 πεδαρσίοις
2083 975 2221 1013 κτύποις

1448 1030 1581 1069 πιστὸς,
1601 1029 1774 1063 τινάσσων
1791 1030 1821 1063 τ’
1839 1028 1875 1064 ἐν
1891 1030 2007 1076 χεροῖν
2023 1027 2196 1076 πύρπνουν
2209 1028 2333 1070 βέλος.

1449 1081 1546 1115 οὐδὲν
1562 1081 1629 1128 γὰρ
1647 1081 1736 1128 αὐτῷ
1754 1080 1844 1116 ταῦτ’
1866 1080 2044 1127 ἐπαρκέσει
2061 1082 2101 1116 τὸ
2118 1080 2163 1126 μὴ
2182 1081 2223 1116 οὐ

1448 1134 1568 1168 πεσεῖν
1583 1132 1709 1178 ἀτίμως
1725 1132 1873 1178 πτώματ’
1893 1133 1953 1168 οὐκ
1971 1133 2154 1179 ἀνασχετά·

1448 1186 1540 1220 τοῖον
1556 1185 1749 1229 παλαιστὴν
1766 1187 1825 1220 νῦν
1840 1186 2126 1232 παρασκευάζεται

1449 1236 1499 1272 επ’
1519 1237 1619 1273 αὐτὸς
1635 1233 1737 1285 αύτῷ,
1757 1237 2023 1283 δυσμαχώτατον
2040 1237 2149 1284 τέρας·

1449 1288 1486 1325 ὃς
1503 1289 1543 1333 δὴ
1562 1292 1721 1336 κεραυνοῦ
1739 1289 1910 1336 κρείσσον’
1930 1289 2066 1336 εὑρήσει
2083 1291 2213 1337 φλόγα,

1446 1341 1593 1388 βροντάς
1611 1341 1644 1376 θ’
1663 1341 1925 1388 ὑπερβάλλοντα
1943 1343 2102 1389 καρτερὸν
2119 1341 2254 1377 κτύπον·

1449 1393 1643 1429 θαλασσίαν
1659 1408 1698 1428 τε
1713 1395 1776 1440 γῆς
1793 1395 1999 1441 τινάκτειραν
2016 1396 2120 1430 νόσον

1448 1445 1608 1491 τρίαιναν,
1628 1446 1753 1492 αἰχμὴν
1769 1446 1830 1491 τὴν
1846 1447 2073 1486 Ποσειδῶνος,
2094 1447 2211 1493 σκεδᾷ.

1447 1497 1594 1534 πταίσας
1612 1498 1649 1533 δὲ
1666 1499 1752 1546 τῷδε
1768 1499 1854 1545 πρὸς
1871 1499 1959 1547 κακῷ
1975 1497 2162 1543 μαθήσεται

1449 1549 1534 1584 ὅσον
1551 1552 1591 1585 τό
1609 1550 1637 1585 τ’
1657 1550 1774 1597 ἄρχειν
1790 1550 1844 1585 καὶ
1861 1551 1900 1585 τὸ
1919 1549 2091 1586 δουλεύειν
2108 1551 2200 1596 δίχα.

1448 1600 1493 1636 σύ
1512 1601 1573 1646 θην
1590 1601 1612 1637 ἃ
1627 1602 1774 1649 χρῄζεις,
1794 1605 1886 1637 ταῦτ’
1903 1603 2107 1650 ἐπιγλωσσᾷ
2124 1605 2217 1641 Διός.

1450 1654 1536 1700 ἅπερ
1553 1656 1711 1695 τελεῖται,
1729 1656 1816 1702 πρὸς
1833 1654 1861 1690 δ’
1880 1654 1902 1690 ἃ
1918 1654 2088 1700 βούλομαι
2104 1655 2209 1701 λέγω.

1448 1707 1502 1741 καὶ
1518 1707 1715 1753 προσδοκᾶν
1732 1707 1798 1754 χρὴ
1818 1707 2002 1743 δεσπόσειν
2018 1708 2098 1744 Διὸς
2113 1709 2210 1749 τινάς

1450 1758 1504 1793 καὶ
1522 1759 1627 1794 τῶνδέ
1641 1758 1674 1806 γ’
1693 1758 1761 1803 ἔξει
1779 1758 2065 1805 δυσλοφωτέρους
2081 1761 2215 1797 πόνους.

1446 1814 1518 1847 πῶς
1536 1810 1564 1846 δ’
1584 1811 1662 1857 οὐχὶ
1679 1813 1815 1858 ταρβεῖς
1832 1810 1936 1847 τοιάδ’
1955 1811 2119 1858 ἐκρίπτων
2135 1812 2219 1856 ἕπη;
2242 1838 2246 1841 -

1449 1863 1484 1897 τί
1502 1861 1530 1897 δ’
1550 1863 1591 1898 ἂν
1607 1863 1782 1909 φοβοίμην
1798 1860 1826 1911 ᾧ
1843 1863 1954 1899 θανεῖν
1970 1864 2010 1898 οὐ
2027 1865 2217 1909 μόρσιμον;

1448 1914 1525 1950 ἀλλ’
1545 1914 1651 1951 ἆθλον
1668 1915 1708 1950 ἅν
1726 1929 1784 1951 σοι
1800 1915 1890 1951 τοῦδ’
1909 1915 1955 1951 ἔτ’
1975 1916 2084 1962 ἀλγίω
2101 1918 2214 1963 πόροι.

1451 1970 1470 2001 ὁ
1489 1968 1517 2002 δ’
1537 1966 1596 2003 οῦν
1613 1967 1761 2003 ποιείτω·
1790 1969 1898 2003 πάντα
1913 1968 2129 2013 προσδόκητά
2145 1982 2215 2012 μοι.

1449 2031 1481 2050 οι
1499 2018 1768 2062 προσκυνοῦντες
1784 2015 1845 2060 τὴν
1872 2017 2083 2062 Αδράστειαν
2101 2018 2223 2063 σοφοί.

1454 2068 1574 2110 σέβου,
1594 2066 1802 2114 προσεύχου,
1823 2067 1934 2104 θῶπτε
1951 2069 2010 2104 τὸν
2027 2068 2198 2116 κρατοῦντ’
2217 2069 2281 2104 ἀεί.

1450 2121 1524 2154 ἐμοὶ
1543 2120 1572 2155 δ’
1592 2121 1752 2155 ἔλασσον
1769 2121 1872 2165 Ζηνὸς
1888 2119 1908 2165 ἢ
1926 2121 2030 2166 μηδὲν
2045 2121 2160 2166 μέλει.

1450 2173 1572 2218 δράτω,
1594 2172 1754 2218 κρατείτω
1772 2173 1869 2208 τόνδε
1886 2174 1946 2208 τὸν
1961 2173 2098 2220 βραχὺν
2113 2175 2251 2220 χρόνον,

1450 2224 1540 2259 ὅπως
1558 2224 1667 2259 θέλει·
1697 2225 1799 2271 δαρὸν
1815 2226 1881 2272 γὰρ
1900 2225 1960 2260 οὐκ
1977 2225 2072 2272 ἄρξει
2090 2225 2191 2271 θεοῖς.

1450 2275 1527 2311 ἀλλ’
1547 2277 1672 2323 εἰσορῶ
1689 2277 1755 2323 γὰρ
1773 2278 1870 2312 τόνδε
1887 2278 1946 2312 τὸν
1963 2278 2044 2314 Διὸς
2060 2280 2190 2325 τρόχιν,

1450 2330 1508 2363 τὸν
1525 2331 1585 2364 τοῦ
1604 2330 1765 2375 τυράννου
1782 2332 1843 2364 τοῦ
1861 2330 1937 2364 νέου
1955 2330 2119 2365 διάκονον·

1448 2381 1581 2418 πάντως
1599 2395 1630 2416 τι
1648 2382 1760 2416 καινὸν
1777 2381 1932 2428 ἀγγελῶν
1949 2382 1967 2416 ἐ
1971 2380 2111 2426 λήλυθε.

1451 2433 1493 2466 σὲ
1511 2434 1569 2468 τὸν
1588 2433 1775 2479 σοφιστὴν,
1794 2435 1852 2468 τὸν
1869 2437 1995 2480 πικρῶς
2012 2434 2227 2479 ὑπέρπικρον,

1448 2485 1506 2520 τὸν
1524 2484 1739 2532 ἐξαμαρτόντ’
1759 2487 1793 2522 ἐς
1810 2484 1905 2521 θεοὺς
1922 2482 2102 2529 ἐφημέροις

1447 2539 1595 2583 πορόντα
1612 2538 1720 2582 τιμὰς,
1741 2540 1800 2572 τὸν
1816 2539 1921 2585 πυρὸς
1939 2538 2086 2583 κλέπτην
2101 2538 2208 2586 λέγω·

1448 2589 1556 2635 πατὴρ
1574 2589 1684 2636 ἄνωγέ
1701 2589 1734 2624 σ’
1755 2588 1914 2627 οὕστινας
1931 2591 2215 2635 κομπεῖς,γάμους

1448 2641 1561 2681 αὐδᾶν,
1581 2643 1666 2688 πρὸς
1684 2642 1730 2677 ῶν
1751 2644 1873 2679 ἐκεῖνος
1891 2643 2042 2679 ἐκπίπτει
2059 2643 2210 2691 κράτους·

1446 2693 1500 2727 καὶ
1518 2696 1621 2728 ταῦτα
1638 2694 1752 2739 μέντοι
1769 2695 1872 2740 μηδὲν
1889 2694 2107 2742 αἰνικτηρίως,

1446 2745 1523 2780 ἀλλ’
1544 2744 1621 2781 αὕθ’
1640 2746 1753 2782 ἕκαστ’
1773 2747 1932 2795 ἕκφραζε·
1959 2747 2046 2793 μηδέ
2061 2763 2118 2793 μοι
2136 2749 2259 2786 διπλᾶς

1446 2797 1554 2841 ὁδοὺς,
1574 2799 1767 2845 Προμηθεῦ,
1785 2801 2003 2847 προσβάλῃς·
2031 2802 2113 2847 ὁρᾷς
2129 2800 2159 2836 δ’
2178 2800 2230 2836 ὅτι

1446 2849 1526 2886 Ζεὺς
1543 2852 1614 2887 τοῖς
1631 2851 1797 2888 τοιούτοις
1814 2852 1893 2898 οὐχὶ
1909 2852 2160 2898 μαλθακίζεται.

1448 2904 1681 2947 σεμνόστομός
1697 2919 1738 2951 γε
1756 2905 1810 2939 καὶ
1827 2903 2043 2951 φρονήματος
2059 2905 2174 2942 πλέως

1445 2955 1463 2987 ὁ
1481 2954 1585 2998 μῦθός
1603 2955 1709 2996 ἐστιν,
1729 2957 1774 2993 ὡς
1791 2956 1876 2992 θεῶν
1894 2957 2074 3003 ὑπηρέτου.

1445 3005 1518 3040 νέον
1535 3006 1603 3041 νέοι
1622 3011 1771 3053 κρατεῖτε
1788 3009 1842 3043 καὶ
1860 3009 1988 3044 δοκεῖτε
2006 3009 2047 3053 δὴ

1444 3057 1546 3092 ναίειν
1563 3059 1687 3104 ἀπενθῆ
1706 3058 1860 3107 πέργαμ’·
1891 3061 1951 3095 οὐκ
1969 3061 2005 3096 ἐκ
2022 3060 2118 3096 τῶνδ’
2139 3061 2206 3108 ἐγὼ
2243 3092 2247 3098 ,

1444 3109 1587 3146 δισσοὺς
1604 3113 1784 3157 τυράννους
1803 3113 2006 3150 ἐκπεσόντας
2021 3112 2198 3159 ᾐσθόμην·
2188 3139 2198 3154 ,

1442 3160 1555 3205 τρίτον
1573 3162 1609 3196 δέ
1627 3164 1686 3198 τὸν
1704 3167 1762 3198 νῦν
1779 3164 1981 3211 κοιρανοῦντ’
2000 3165 2175 3212 ἐπόψομαι

1443 3226 1608 3258 αισχιστα
1626 3216 1680 3250 καὶ
1697 3217 1856 3262 τάχιστα.
1885 3216 1931 3262 μή
1948 3216 1983 3252 τί
2001 3231 2058 3252 σοι
2077 3218 2165 3252 δοκῶ

1442 3266 1612 3309 ταρβεῖν*
1596 3267 1832 3311 υποπτήσσειν
1848 3283 1886 3304 τε
1902 3269 1981 3305 τοὺς
1997 3269 2092 3306 νέους
2109 3268 2206 3306 θεούς
2219 3281 2230 3310 3

1442 3317 1577 3350 πολλοῦ
1593 3331 1634 3363 γε
1652 3319 1705 3352 καὶ
1723 3322 1783 3354 τοῦ
1800 3322 1924 3357 παντὸς
1942 3321 2108 3357 ἐλλείπω.
2138 3321 2184 3356 συ
2201 3321 2238 3357 δέ

1442 3367 1645 3403 κέλευθον”
1622 3384 1725 3416 ηνπερ
1742 3370 1845 3414 ἦλθες
1863 3373 1989 3419 ἐγκόνει
2005 3374 2123 3409 πάλιν·

1440 3417 1560 3454 πεύσει
1576 3421 1643 3466 γὰρ
1661 3422 1757 3456 οὗδεν
1775 3423 1857 3458 ὤν’
1837 3427 2027 3471 ανιστορεῖς
2044 3425 2114 3470 ἐμέ.

1438 3471 1587 3506 τοιοῖσδε
1604 3472 1716 3516 μέντοι
1735 3475 1788 3508 καὶ
1805 3477 1884 3522 πριν
1901 3477 2152 3526 αὐθαδίσμασιν

1441 3522 1475 3558 ἐς
1493 3523 1598 3557 τάσδε
1616 3525 1742 3559 σαυτὸν
1758 3528 1907 3570 πημονὰς
1925 3528 2151 3576 καθώρμισας.

2323 676 2385 710 910

2324 936 2385 970 9¹5

2323 1198 2387 1231 9²0

2323 1460 2384 1493 925

2323 1721 2386 1753 9³0
2400 1708 2403 1710 ’

2329 2239 2390 2278 94⁰

2325 2499 2385 2533 945

2322 2761 2384 2795 9⁵⁰

2319 3019 2380 3054 955

2317 3272 2380 3316 96⁰

2311 3531 2374 3581 9⁶6

1231 3587 1291 3623 905
1314 3581 1317 3609 1
1342 3580 1410 3614 ΠΡ.
1438 3576 1497 3620 τῆς
1516 3576 1579 3621 σῆς
1595 3576 1752 3623 λατρείας
1769 3578 1830 3625 τὴν
1847 3579 1927 3626 ε’μκὴν
1944 3580 2169 3629 δυσπραξιαν,
