2488 3860
258 278 342 336 510

404 394 413 407 ¹
495 388 539 404 Η
574 383 618 405 ⁸⁴
650 388 669 403 ⁸
805 381 815 402 ζ
870 389 885 398 ⁶
941 385 956 401 ⁰
1106 385 1244 421 ασιλεὺς
1275 383 1401 419 ὁῙΕΥ.

259 400 326 431 ΕΥ.
366 396 420 430 δια
450 407 531 428 ταυτ
569 406 610 438 αρ
649 405 738 436 εχων
765 403 818 424 και
848 403 905 424 νυν
935 401 1051 435 ωσπερ
1079 387 1105 429 β

260 610 334 640 ΠΕ.

262 1080 329 1112 ΕΥ.

263 1763 336 1794 ΠΕ.

263 1866 400 1900 ΕΠΟΨ.
429 1866 495 1899 τῶν
511 1861 684 1909 Ἐλλήνων
699 1875 708 1904 ;

263 1921 339 1952 ΠΕ.

264 2026 330 2057 ΕΥ.

263 2289 337 2323 ΠΕ.

266 2606 331 2637 ΕΥ.

265 3024 332 3056 ΕΥ.

265 3339 337 3372 ΠΕ.

1093 282 1554 329 ΑΡΙΣΤΟΦΑΝΟὙΣ

412 444 515 492 μέγας
532 444 709 487 διαβάσκει

1435 385 1472 429 νὴ
1505 385 1564 430 τὴν
1591 383 1736 433 Δήμητρ’
1765 377 1801 421 εὖ
1831 387 1934 423 ταῦτα
1959 386 2082 436 λέγεις.
2128 388 2216 426 τίνος
2248 374 2364 426 ούνεκα

1488 437 1577 472 ταῦτ’
1597 437 1648 483 ἄρ’
1667 439 1828 484 ἕχουσιν;

363 499 418 535 ἐπὶ
434 499 493 542 τῆς
511 497 662 543 κεφαλῆς
678 495 738 540 τὴν
755 492 942 542 κυρβασίαν
959 495 1024 528 τῶν
1042 490 1182 539 ὀρνίθων
1194 492 1295 537 μόνος
1332 495 1406 525 ΠΕ.
1434 488 1475 525 ἵν’
1499 489 1579 525 ὅταν
1605 489 1692 526 θύων
1718 505 1768 528 τις
1794 490 1894 528 ἔπειτ’
1917 492 2028 531 αὔτοῖς
2053 493 2100 531 εἷς
2123 493 2182 540 τὴν
2204 491 2301 541 χεῖρ’,
2326 494 2370 531 ὣς

413 548 526 597 ὀρθήν.

363 601 449 638 οὕτω
477 602 505 637 δ’
531 599 634 646 ἰ’σχυέ
659 615 695 635 τε
726 601 779 635 καὶ
805 599 907 647 μέγας
933 596 973 643 ἢν
999 599 1075 633 τότε
1102 597 1155 631 καὶ
1175 595 1295 636 πολὺς,

416 654 496 690 ὥστ’
516 654 564 688 ἔτι
583 653 636 688 καὶ
654 656 711 689 νῦν

362 708 427 743 ὑπὸ
458 708 516 752 τῆς
550 705 662 753 ῥώμης
690 707 750 751 τῆς
780 699 848 740 τότ’
878 704 1011 747 ἐκείνης,
1042 703 1167 737 ὁπόταν
1196 702 1297 746 μόνον

414 758 548 806 ὄρθριον
566 756 645 805 ᾄσῃ,
1250 806 1265 814 ..

362 812 574 856 ἀναπηδῶσιν
603 810 723 847 πάντες
751 808 803 846 ἐπ’
835 810 944 856 ἔργον,
972 808 1112 854 χαλκῆς,
1145 819 1297 853 κεραμης,

414 864 640 911 σκυλοδέψαι,
1235 871 1298 903 490

364 919 499 962 σκυτῆς,
535 916 697 961 βαλανῆς,
738 913 996 961 ἀλφιταμοιβοὶ,
1034 912 1297 960 τορνευτολυρα-

416 969 634 1014 σπιδοπηγοί·

363 1023 396 1058 οἱ
414 1022 450 1058 δὲ
467 1020 642 1065 βαδίζουσ’
661 1021 909 1065 ὑποδησάμενοι
927 1016 1066 1064 νύκτωρ.

937 1071 994 1116 ἐμὲ
1012 1071 1111 1105 τοῦτό
1128 1067 1160 1116 γ’
1180 1069 1296 1116 ἐρώτα.

363 1129 505 1175 χλαῖναν
529 1127 594 1175 γὰρ
618 1125 767 1163 ἀπώλεσ’
795 1127 814 1160 ὁ
840 1123 1009 1171 μοχθηρὸς
1031 1122 1183 1170 Φρυγίων
1204 1121 1300 1169 ἐρίων

417 1176 472 1216 διὰ
489 1182 620 1215 τοῦτον.

362 1234 396 1270 ἐς
416 1233 554 1277 δεκάτην
573 1234 638 1279 γάρ
663 1245 746 1268 ποτε
771 1230 948 1277 παιδαρίου
975 1226 1108 1273 κληθεὶς
1133 1225 1293 1262 ὑπέπινον

416 1285 451 1320 ἐν
469 1284 577 1325 ἅστει,

366 1337 459 1385 κᾶρτι
486 1337 659 1372 καθεῦδον·
704 1337 757 1372 καὶ
782 1336 861 1383 πρὶν
888 1335 1030 1370 δειπνεῖν
1056 1331 1133 1369 τοὺς
1159 1331 1296 1371 ἄλλους,

420 1389 517 1426 οὗτος
535 1388 586 1436 ἄρ’
604 1384 681 1435 ᾖσε,
1238 1395 1300 1430 495

366 1442 455 1489 κάγὼ
474 1442 613 1487 νομίσας
631 1441 753 1489 ὄρθρον
771 1440 920 1488 ἐχώρουν
935 1438 1187 1485 Ἀλιμοῦντάδε,
1207 1437 1302 1484 κᾶρτι

419 1493 598 1542 προκύπτω

365 1548 429 1593 ἔξω
452 1547 597 1594 τείχους,
624 1548 678 1583 καὶ
703 1544 900 1591 λωποδύτης
921 1544 1011 1582 παίει
1033 1542 1173 1591 ῥοπάλῳ
1195 1556 1237 1588 με
1263 1542 1301 1576 τὸ

415 1603 530 1636 νῶτον·

366 1653 456 1700 κάγὼ
476 1652 599 1696 πίπτω,
619 1653 735 1698 μέλλω
759 1666 796 1687 τε
820 1652 917 1693 βοᾶν·
948 1652 966 1686 ὁ
989 1649 1017 1685 δ’
1040 1648 1210 1691 ἀπέβλισε
1232 1646 1301 1682 θοῖ-

415 1706 533 1751 μάτιόν
549 1720 626 1751 μου.

366 1757 486 1795 ἰκτῖνος
513 1758 540 1793 δ’
567 1757 626 1794 οὖν
649 1760 714 1794 τῶν
735 1755 909 1802 Ἑλλήνων
930 1754 1034 1804 ἦρχεν
1057 1756 1132 1790 τότε
1157 1751 1301 1796 κάβασί-

415 1813 507 1846 λευε.

1239 1870 1301 1903 500

521 1917 574 1952 καὶ
593 1915 778 1960 κατέδειξέν
793 1914 825 1962 γ’
846 1914 943 1951 οὗτος
960 1916 1093 1962 πρῶτος
1109 1908 1303 1956 βασιλεύων

368 1968 663 2016 προκυλινδεῖσθαι
680 1970 750 2005 τοῖς
768 1968 914 2003 ἰκτίνοις.

807 2018 845 2064 νὴ
863 2020 921 2054 τὸν
939 2019 1116 2057 Διόνυσον,
1137 2014 1203 2062 ἐγὼ
1219 2015 1301 2062 γοῦν

366 2069 603 2117 ἐκυλινδούμην
630 2070 751 2107 ἰκτῖνον
778 2070 867 2107 ἰδών·
911 2068 986 2118 κᾷθ’
1008 2068 1124 2106 ὕπτιος
1151 2069 1196 2104 ὢν
1222 2067 1299 2103 ἀνα-

418 2126 556 2171 χάσκων

365 2178 493 2221 ὀβολὸν
524 2176 787 2223 κατεβρόχθισα·
830 2173 913 2223 κᾷτα
944 2176 1037 2212 κενὸν
1067 2176 1126 2211 τὸν
1157 2172 1303 2210 θύλακον

418 2227 519 2265 οἴκαδ’
539 2229 718 2275 ἀφεῖλκον.

366 2281 537 2333 Αἰγύπτου
564 2282 592 2318 δ’
620 2281 662 2320 αὖ
688 2283 741 2319 καὶ
768 2287 919 2328 Φοινικης
945 2282 1057 2328 πάσης
1089 2279 1210 2324 κόκκυξ
1235 2279 1299 2322 βα-

417 2338 534 2375 σιλεὺς
551 2335 602 2382 ἦν·

364 2390 497 2437 χώπόθ’
522 2392 541 2426 ὁ
564 2390 684 2435 κόκκυξ
709 2388 796 2427 εἴποι
819 2391 931 2430 κόκκυ,
950 2390 1027 2424 τότε
1046 2385 1079 2435 γ’
1098 2387 1131 2423 οἱ
1155 2385 1304 2422 Φοίνικες

416 2443 560 2479 ἅπαντες
1242 2449 1301 2482 505

365 2495 442 2532 τοὺς
473 2495 597 2543 πυροὺς
628 2496 668 2531 ἂν
699 2496 752 2531 καὶ
783 2496 842 2532 τὰς
869 2494 983 2542 κριθὰς
1015 2492 1050 2530 ἐν
1075 2494 1146 2529 τοῖς
1176 2490 1304 2527 πεδίοις

416 2548 575 2596 ἐθέριζον.

365 2601 453 2636 τοῦτ’
478 2601 530 2648 ἄρ’
556 2600 648 2636 ἐκεῖν’
667 2599 708 2646 ἦν
730 2603 853 2637 τοῦπος
877 2599 1021 2646 ἀληθῶς·
1051 2600 1161 2641 κόκκυ,
1185 2595 1303 2643 ψωλοὶ

417 2653 582 2689 πεδίονδε.

310 2713 341 2741 ¹⁴¹.
372 2704 477 2753 ἦρχον
495 2706 523 2742 δ’
542 2704 629 2742 οὕτω
649 2707 787 2754 σφόδρα
803 2706 863 2752 τὴν
886 2705 1006 2753 ἀρχὴν,
1026 2700 1109 2740 ὥστ’
1127 2701 1160 2738 εἴ
1180 2716 1231 2738 τις
1249 2700 1303 2736 καὶ

417 2758 599 2801 βασιλεύοι

367 2812 402 2847 ἐν
437 2813 508 2848 ταῖς
539 2814 683 2847 πόλεσιν
718 2815 785 2848 τῶν
814 2810 1000 2857 Ἑλλήνων,
1033 2808 1256 2856 Ἀγαμέμνων.
1282 2804 1302 2851 ἦ

419 2863 606 2904 Μενέλαος,

366 2916 420 2951 ἐπὶ
451 2919 517 2952 τῶν
548 2916 726 2964 σκήπτρων
757 2916 886 2962 ἐκάθητ’
915 2916 1016 2964 ὄρνις,
1044 2914 1194 2962 μετέχων
1224 2912 1244 2948 ὅ
1270 2924 1303 2947 τι

418 2968 632 3015 δωροδοκοίη.
1240 2977 1258 3010 5
1267 2978 1302 3000 ιο

366 3022 460 3055 τουτὶ
482 3022 593 3056 τοίνυν
617 3022 676 3056 οὐκ
702 3020 764 3067 ᾔδη
782 3021 855 3070 ’γώ·
885 3022 939 3058 καὶ
960 3022 1043 3067 δῆτά
1066 3019 1099 3067 μ’
1128 3019 1302 3064 ἐλάμβανε

419 3070 539 3118 θαῦμα,

366 3125 461 3161 ὁπότ’
490 3125 628 3169 ἐξέλθοι
654 3127 804 3173 Πρίαμός
835 3141 886 3163 τις
912 3127 1000 3173 ἔχων
1026 3125 1117 3174 ὄρνιν
1148 3124 1184 3160 ἐν
1209 3124 1301 3161 τοῖσι

419 3178 615 3226 τραγῳδοῖς·

366 3231 384 3265 ὁ
409 3229 437 3265 δ’
456 3229 508 3277 ἄρ’
528 3229 673 3276 εἱστήκει
697 3231 755 3266 τὸν
771 3231 961 3278 Λυσικράτη
983 3227 1091 3279 τηρῶν
1108 3228 1128 3265 ὅ
1144 3243 1176 3264 τι
1195 3229 1299 3276 δωρο-

417 3283 542 3327 δοκοίη.

366 3333 384 3370 ὃ
411 3335 448 3371 δὲ
473 3335 660 3371 δεινότατόν
681 3335 713 3383 γ’
740 3335 833 3371 ἐστὶν
857 3335 1020 3376 ἁπάντων,
1046 3337 1065 3371 ὁ
1090 3334 1170 3371 Ζεὺς
1190 3333 1256 3381 γὰρ
1281 3333 1300 3367 ὁ

417 3390 475 3423 νῦν
490 3387 685 3430 βασιλεύων

366 3440 462 3477 ἀετὸν
488 3439 579 3487 ὄρνιν
605 3439 743 3485 ἕστηκεν
770 3439 858 3486 ἔχων
884 3439 939 3476 ἐπὶ
965 3441 1022 3486 τῆς
1049 3439 1211 3487 κεφαλῆς,
1233 3439 1300 3481 βα·

418 3493 535 3530 σιλεὺς
552 3492 609 3528 ὤν·
1239 3503 1277 3535 51
1282 3502 1299 3535 5

365 3542 385 3592 ἢ
412 3544 442 3581 δ’
467 3544 509 3580 αὖ
535 3544 682 3593 θυγάτηρ
707 3544 843 3593 γλαῦχ’,
872 3546 890 3580 ὁ
922 3542 951 3581 δ’
976 3544 1157 3582 Ἀπόλλων
1183 3543 1300 3590 ὥσπερ

419 3597 571 3648 θεράπων
589 3598 714 3647 ἱέρακα.

1342 1809 1413 1840 XO.

1490 544 1589 587 νόμος
1607 543 1693 584 ἐστὶ,

1437 595 1479 630 τὰ
1507 596 1689 642 σπλάγχνα
1715 595 1807 644 διδῷ,
1835 599 1895 633 τοῦ
1922 598 2001 635 Διὸς
2026 597 2120 634 αὑτοὶ
2145 599 2302 646 πρότεροι
2329 598 2366 632 τὰ

1488 648 1671 694 σπλάγχνα
1687 648 1855 691 λάβωσιν.

1435 698 1525 745 ὤμνυ
1550 699 1579 734 τ’
1601 700 1709 737 οὐδεὶς
1735 699 1802 736 τότ’
1825 701 1865 737 ἂν
1889 701 2071 751 ἀνθρώπων
2096 702 2184 745 θεὸν,
2208 702 2288 739 ἀλλ’
2313 701 2369 749 ὅρ-

1488 752 1580 788 νιθας
1597 753 1749 790 ἅπαντες.
2310 768 2373 800 520

1437 805 1583 850 Λάμπων
1614 803 1645 840 δ’
1674 804 1790 851 ὅμνυσ’
1818 807 1867 842 ἔτι
1898 808 1952 843 καὶ
1983 808 2054 844 νυνὶ
2084 810 2142 845 τὸν
2172 806 2260 855 χῆν’,
2292 806 2372 843 ὅταν

1489 857 1638 903 ἐξαπατᾷ
1655 865 1702 893 τι·

1437 907 1542 945 οὕτως
1568 910 1652 955 ὑμᾶς
1676 911 1796 948 πάντες
1821 913 1986 960 πρότερον
2009 914 2179 961 μεγάλους
2201 910 2317 960 ἆγίους
2342 910 2371 946 τ’

1438 964 1496 997 νῦν
1514 962 1542 997 δ’
1562 963 1753 1009 ἀνδράποδ’,
1773 962 1934 1009 ἠλιθίους,
1954 966 2081 1003 Μανᾶς.
2191 958 2370 1013 [ἐνόμιζον.

1439 1014 1555 1062 ὥσπερ
1574 1014 1603 1050 δ’
1622 1015 1683 1060 ἤδη
1702 1016 1780 1053 τοὺς
1796 1017 2012 1062 μαινομένους

1437 1067 1609 1109 βάλλουσ’
1628 1068 1725 1113 ὑμᾶς,
1745 1069 1805 1105 κάν
1822 1071 1892 1106 τοῖς
1910 1070 2010 1117 ἱεροῖς

1438 1120 1503 1156 πᾶς
1520 1134 1571 1156 τις
1589 1118 1648 1166 ἐφ’
1668 1121 1744 1166 ὑμῖν
1761 1121 1951 1169 ὀρνιθευτὴς

1438 1169 1557 1216 ἵστησι
1573 1174 1734 1219 βρόχους,
1753 1174 1909 1222 παγίδας,
1927 1174 2088 1222 ῥάβδους,

1440 1223 1530 1270 ἕρκη,
1549 1226 1706 1271 νεφέλας,
1726 1227 1852 1270 δίκτυα,
1870 1228 2007 1272 πηκτάς·

1442 1273 1512 1312 εἶτα
1528 1279 1692 1320 λαβόντες
1708 1277 1862 1314 πωλοῦσ’
1880 1279 2034 1327 ἀθρόους·

1443 1330 1475 1364 οἱ
1493 1329 1522 1364 δ’
1542 1330 1700 1366 ὠνοῦνται
1716 1333 1949 1377 βλιμάζοντες·

1443 1381 1532 1418 κούδ’
1551 1381 1621 1423 οὖν,
1641 1381 1733 1431 εἴπερ
1751 1386 1854 1419 ταῦτα
1871 1384 1962 1419 δοκεῖ
1977 1384 2070 1432 δρᾶν,

1444 1434 1671 1480 ὀπτησάμενοι
1687 1436 1865 1484 παρέθενθ’
1884 1437 1980 1482 ὑμᾶς,

1444 1487 1523 1522 ἀλλ’
1542 1488 1720 1524 ἐπικνῶσιν
1737 1490 1848 1535 τυρὸν,
1868 1489 1999 1531 ἔλαιον,

1444 1540 1600 1586 σίλφιον,
1620 1540 1710 1585 ὄξος,
1730 1542 1784 1577 καὶ
1800 1542 1983 1588 τρίψαντες

1443 1592 1628 1639 κατάχυσμ’
1648 1593 1762 1641 ἕτερον
1777 1594 1885 1640 γλυκὺ
1903 1594 1956 1629 καὶ
1971 1594 2127 1642 λιπαρὸν,

1444 1645 1581 1681 κᾶπειτα
1599 1647 1847 1682 κατεσκέδασαν
1864 1645 1986 1693 θερμὸν

1444 1701 1543 1733 τοῦτο
1561 1698 1637 1733 καθ’
1656 1699 1748 1744 ὑμῶν

1444 1751 1552 1786 αὐτῶν
1569 1751 1686 1798 ὥσπερ
1704 1751 1911 1800 κενεβρείων.

1441 1804 1532 1839 πολὺ
1550 1804 1589 1849 δὴ
1607 1804 1698 1840 πολὺ
1715 1805 1754 1850 δὴ
1772 1805 2031 1851 χαλεπωτάτους
2047 1806 2171 1852 λόγους

1447 1858 1596 1903 ἤνεγκας,
1615 1855 1777 1904 ἄνθρωφ’·
1808 1858 1852 1893 ὡς
1870 1857 2037 1904 ἐδάκρυσά
2052 1856 2084 1904 γ’
2104 1858 2190 1903 ἐμῶν

1444 1910 1596 1955 πατέρων
1614 1910 1725 1955 κάκην,
1744 1906 1778 1945 οἳ

1446 1963 1551 1997 τάσδε
1568 1963 1626 1999 τὰς
1644 1963 1739 2007 τιμὰς
1755 1962 1930 2009 προγόνων
1946 1961 2172 2009 παραδόντων,

1449 2014 1500 2049 ἐπ’
1521 2015 1601 2060 ἐμοῦ
1620 2018 1823 2053 κατέλυσαν.

1447 2067 1492 2102 σὺ
1511 2068 1549 2102 δέ
1565 2083 1622 2113 μοι
1641 2070 1723 2104 κατὰ
1740 2069 1880 2116 δαίμονα
1898 2072 1951 2108 καὶ
1970 2073 2054 2109 κατὰ
2071 2075 2253 2121 συντυχίαν

1447 2119 1574 2166 ἀγαθὴν
1591 2121 1679 2166 ἥκεις
1697 2123 1771 2167 ἐμοὶ
1789 2124 1917 2170 σωτήρ.
2054 2119 2068 2123 -

1446 2172 1577 2209 ἀναθεὶς
1593 2175 1659 2220 γὰρ
1678 2175 1743 2219 ἐγώ
1763 2191 1820 2211 σοι

1445 2225 1487 2260 τά
1504 2240 1541 2261 τε
1558 2227 1670 2262 νοττία
1687 2228 1852 2273 κάμαυτὸν
1871 2228 2063 2267 οἷκετεύσω.
2342 2267 2345 2269 ,

1446 2277 1524 2314 ἀλλ’
1553 2278 1572 2315 ὅ
1598 2293 1630 2314 τι
1653 2281 1719 2327 χρὴ
1744 2282 1838 2328 δρᾶν,
1867 2282 1914 2319 σὺ
1934 2283 2074 2321 δίδασκε
2095 2286 2222 2334 παρών·
2250 2286 2296 2324 ὡς
2322 2288 2387 2335 ζῆν,

1498 2333 1559 2368 οὐκ
1576 2333 1671 2377 ἄξιον
1686 2333 1774 2380 ἡμῖν,

1444 2384 1474 2420 εἷ
1496 2385 1541 2431 μὴ
1567 2385 1768 2432 κομιούμεθα
1792 2389 1890 2425 παντὶ
1915 2391 2027 2438 τρόπῳ
2053 2390 2112 2436 τὴν
2133 2389 2294 2442 ἡμετέραν
2313 2395 2378 2440 βα-

1494 2439 1638 2476 σιλείαν.

2312 1080 2371 1114 525

2313 1343 2374 1376 530

2310 1605 2371 1640 535

2303 1802 2374 1839 ἀντ.

2315 1869 2377 1902 ⁵40

2319 2141 2379 2175 545

1339 2496 1414 2528 ΠΕ.
1443 2491 1497 2526 καὶ
1522 2492 1561 2537 δὴ
1586 2493 1696 2529 τοίνυν
1720 2497 1836 2541 πρῶτα
1853 2495 2002 2532 διδάσκω
2023 2510 2103 2543 μιαν
2119 2497 2260 2545 ὀρνίθων
2275 2500 2377 2536 πόλιν

1493 2541 1587 2585 εἶναι,
2313 2563 2377 2598 550

1440 2597 1578 2633 κᾶπειτα
1604 2600 1662 2634 τὸν
1689 2599 1769 2646 ἀέρα
1791 2601 1898 2636 πάντα
1922 2600 2033 2651 κύκλῳ
2058 2603 2111 2638 καὶ
2133 2605 2200 2640 πᾶν
2219 2605 2314 2640 τουτὶ
2337 2607 2377 2641 τὸ

1489 2651 1616 2696 μεταξὺ

1441 2704 1676 2750 περιτειχίζειν
1714 2706 1875 2752 μεγάλαις
1910 2707 2066 2746 πλίνθοις
2103 2708 2221 2747 ὀπταῖς
2259 2710 2376 2759 ὥσπερ

1492 2758 1690 2799 Βαβυλῶνα.

1337 2811 1471 2842 ΕΠΟΨ.
1501 2807 1528 2843 ὦ
1553 2812 1719 2857 Κεβριόνα
1737 2811 1790 2846 καὶ
1807 2812 2027 2859 Πορφυρίων,
2043 2813 2091 2857 ,ὥς
2109 2815 2316 2863 σμερδαλέον
2332 2816 2372 2851 τὸ

1489 2863 1656 2908 πόλισμα.

1333 2917 1407 2948 ΠΕ.
1438 2913 1563 2950 κᾶπειτ’
1586 2914 1626 2960 ἢν
1652 2915 1742 2951 τοῦτ’
1771 2916 1990 2963 ἐπανεστήκῃ,
2017 2919 2077 2965 τὴν
2099 2919 2207 2966 ἀρχὴν
2231 2921 2291 2956 τὸν
2315 2919 2372 2956 Δί’

1489 2977 1650 3003 απαιτειν·

1436 3019 1496 3055 κᾶν
1519 3021 1580 3083 μὲν
1605 3021 1650 3066 μὴ
1677 3021 1729 3068 φῇ
1745 3022 1822 3068 μηδ’
1848 3022 1995 3069 ἐθελήσῃ
2021 3024 2095 3070 μηδ’
2124 3024 2220 3062 εὐθὺς
2245 3039 2371 3073 γνωσι-

1485 3087 1637 3118 μακησῃ»
2310 3091 2370 3124 sss

1435 3124 1524 3190 2⁶va
1549 3128 1701 3189 πόλεμον
1725 3128 1884 3175 πρωυδᾶν
1907 3129 2008 3178 αὐτῷ,
2036 3131 2090 3166 καὶ
2119 3131 2211 3166 τοῖσι.
2241 3129 2372 3167 θεοῖσιν

1486 3192 1638 3214 απειπείν

1436 3228 1491 3263 διὰ
1520 3232 1589 3293 τῆς,
1609 3233 1722 3279 χώρας
1750 3235 1810 3279 τῆς
1839 3233 1999 3282 ὑμετέρας
2030 3235 2190 3271 ἐστυκόσι
2223 3234 2269 3281 μὴ
2297 3235 2369 3272 δια·

1517 3297 1610 3318 ΟίΤαν

1432 3283 1549 3381 &erg->cp
1573 3309 1738 3384 πρότερον
1759 3337 2001 3386 μοιχεύσοντες
2022 3339 2082 3377 τὸς
2097 3338 2286 3386 Ἀλκμήνας
2308 3353 2368 3378 κα*

1485 3401 1521 3421 ΤΕ
1547 3402 1619 3423 aulo

1431 3439 1485 3474 καὶ
1502 3390 1561 3476 tgr
1577 3404 1727 3479 Ἀλόπας
1740 3443 1793 3479 καὶ
1805 3443 1865 3481 τὰς
1882 3444 2042 3491 Σεμέλας·
2069 3445 2174 3492 ἤνπερ
2190 3444 2220 3481 δ’
2235 3444 2368 3488 ἐπίθετ’.

1483 3491 1682 3534 ἐπιβάλλειν

1433 3544 1595 3591 σφραγῖδ’
1623 3546 1736 3585 αὐτοῖς
1762 3548 1818 3585 ἐπὶ
1842 3548 1903 3595 τὴν
1927 3549 2065 3598 ψωλὴν,
2092 3547 2147 3588 ἵνα
2170 3550 2215 3598 μὴ
2240 3548 2364 3595 βινῧσ“

1483 3595 1529 3631 ἔτ’
1547 3596 1681 3636 ἐκείνας.
2303 3605 2367 3650 560
