2488 3860
208 278 292 326 670

263 389 388 441 (285.)
415 407 443 429 2.
476 391 646 428 Stobaeus
670 388 833 433 XCVII,
858 391 918 434 16.
939 402 1023 427 cum
1045 389 1132 428 lem.
1162 393 1261 442 Εὐρι-

208 448 320 484 πίθου·

312 499 402 548 Ἐγὼ
421 501 459 535 τὸ
477 500 538 545 μὲν
556 500 596 545 δὴ
615 501 786 546 πανταχοῦ
806 498 1055 546 θρυλλοῦμενον

314 555 493 598 κράτιστον
511 551 594 600 εἷναί
611 555 710 600 φημι,
731 553 776 602 μὴ
790 554 894 599 φῦναι
911 554 1036 603 βροτῶ·

312 611 466 654 τρισσῶν
484 607 520 642 δὲ
539 611 665 654 μοιρῶν
684 606 823 654 ἐγκρινῶ
842 608 932 642 νικᾶν
949 607 1037 652 μίαν,

313 660 462 697 πλούτου
480 676 528 700 τε,
548 660 646 709 χῶτῳ
666 660 803 707 σπέρμα
819 662 970 706 γενναῖον
987 661 1112 707 προσῇ,

311 715 424 751 πενίας
442 714 485 749 τ’·
514 714 655 761 ἀριθμὸν
672 715 738 761 γὰρ
756 714 899 752 τοσόνδε
915 713 1118 760 προύθέμην.

313 769 331 802 ὁ
350 769 411 815 μὲν
431 769 630 811 ζάπλουτος,
650 767 697 804 εἷς
713 767 810 815 γένος
828 766 936 802 δὀὐκ
955 766 1106 812 εὐτυχὴς,

313 821 413 869 ἀλγεῖ
429 822 500 867 μὲν,
522 822 630 869 ἀλγεῖ,
650 821 831 868 παγκάλως
850 819 878 855 δ’
899 818 1088 866 ἀλγύνεται,

314 875 423 918 ὄλβου
442 875 577 925 διοίγων
595 875 747 926 θάλαμον
765 874 905 919 ἥδιστον
921 868 1010 920 χερί.

315 930 380 974 ἕξω
399 929 436 964 δὲ
453 929 579 972 βαίνων
596 929 706 969 τοῦδε,
727 929 786 964 τὸν
803 928 910 974 πάρος
926 928 1050 973 χρόνον

312 983 515 1025 πλουτῶν,”
499 981 554 1020 υπ’
573 982 653 1034 ατης
672 980 782 1029 ζεῦγμ’
803 981 843 1015 ἂν
861 981 1034 1026 ἀσχάλλοι
1051 979 1178 1022 πεσών.
1222 990 1260 1012 10

315 1035 411 1080 ὅστις
429 1037 465 1071 δὲ
483 1039 610 1089 γαῦρον
627 1035 763 1082 σπέρμα
780 1035 932 1082 γενναῖόν
949 1033 978 1068 τ’
998 1034 1086 1078 ἔχων

313 1090 392 1132 βίου
411 1090 574 1140 σπανίζει,
594 1092 640 1139 τῷ
658 1089 747 1154 γένει
764 1089 826 1139 μὲν
843 1088 985 1132 εὐτυχεῖ,

314 1144 410 1189 πενίᾳ
428 1143 458 1179 δ’
479 1125 640 1188 ἐλάσσων
658 1142 763 1184 ἐστιν,
783 1141 818 1176 ἐν
837 1140 864 1175 δ’
885 1139 1073 1187 ἀλγύνεται,

316 1198 450 1264 φρενῶν
467 1197 496 1235 δ’
517 1197 572 1242 υπ’
591 1197 742 1232 αἷδοῦς”
723 1194 791 1242 εργ’
811 1194 990 1229 ἀπωθεῖται
1008 1193 1133 1239 χεροῖν-

315 1252 333 1285 ὁ
353 1249 383 1285 δ’
404 1251 501 1292 οὗδεν
520 1251 638 1291 ουδεὶς,
660 1250 715 1284 διὰ
733 1249 854 1284 τέλους
873 1248 909 1282 δὲ
929 1248 1118 1292 δυστυχῶν,

315 1305 446 1352 τοσῷδε
463 1299 547 1350 νικᾷ·
576 1306 637 1339 τοῦ
654 1303 719 1350 γὰρ
739 1301 776 1336 εὖ
793 1302 979 1347 τητώμενος

315 1358 374 1392 οὐκ
392 1355 492 1398 οἶδεν,
512 1357 576 1392 αἰεὶ
595 1357 773 1402 δυστυχῶν
791 1359 895 1391 κακῶς
913 1354 942 1388 τ’
962 1355 1060 1400 ἔχων.

313 1410 418 1448 οὕτως
436 1411 576 1460 ἄριστον
593 1410 638 1457 μὴ
656 1408 880 1455 πεπειρᾶσθαι
899 1410 1021 1443 καλῶν.

315 1465 419 1500 ἐκεῖνο
437 1466 503 1513 γὰρ
521 1463 717 1528 μεμνήμεθ’·
749 1477 819 1498 οιος
836 1461 875 1506 ἧν
893 1462 975 1497 ποτὲ

315 1519 417 1566 κάγὼ,
437 1520 507 1569 μετ’
528 1516 690 1566 ἀνδρῶν’
674 1516 755 1561 ηνίκ’
776 1514 938 1562 εὐτύχουν
954 1529 1048 1550 ποτε.

264 1569 369 1619 (286.
376 1568 390 1618 )
410 1586 444 1615 3.
474 1569 645 1606 Stobaeus
663 1567 774 1610 VIII,
799 1570 832 1604 1.

317 1626 422 1660 Δόλοι
440 1625 477 1660 δὲ
496 1626 549 1660 καὶ
568 1624 722 1666 σκοτεινὰ
739 1622 959 1670 μηχανήματα

314 1680 429 1726 χρείας
447 1679 610 1726 ἀνάνδρου
628 1674 783 1725 φάρμαχ’
804 1675 937 1724 εὕρηται
954 1676 1102 1723 βροτοῖς.

213 1728 269 1767 Cf.
289 1730 382 1779 fgm.
404 1730 442 1767 II
462 1730 529 1766 sub
547 1730 610 1766 fin.

264 1782 389 1834 (287.)
408 1800 440 1830 4.
471 1782 641 1820 Stobaeus
659 1782 709 1825 X,
732 1783 766 1820 7.

316 1838 375 1875 ‘ns
393 1839 543 1886 ἔμφυτος
561 1838 622 1884 μὲν
639 1841 745 1874 πᾶσιν
763 1837 951 1885 ἀνθρώποις
969 1837 1061 1881 κάκη·

316 1891 412 1929 ὅστις
430 1893 467 1928 δέ
484 1894 650 1935 πλεῖστον
667 1891 791 1939 μισθὸν
809 1892 855 1927 εἷς
872 1893 988 1938 χεῖρας
1004 1889 1122 1932 λαβὼν

314 1947 412 1982 κακὸς
428 1946 574 1994 γένηται,
594 1946 678 1995 τῷδε
696 1947 878 1992 συγγνώμη
897 1945 959 1990 μὲν
977 1944 1026 1986 οὒ,

314 2000 421 2035 πλείω
440 2000 476 2035 δὲ
494 2000 619 2045 μισθὸν
636 2000 786 2045 μείζονος
803 2001 930 2044 τόλμης
948 1999 1036 2044 ἔχων

314 2054 372 2088 τὸν
389 2058 455 2090 τῶν
472 2055 641 2100 λεγόντων
659 2052 740 2100 ῥᾷον
759 2053 799 2088 ἂν
817 2052 918 2099 φέροι
936 2053 1064 2099 ψόγον.

1222 1525 1262 1547 20

264 2102 389 2153 (288.)
411 2121 443 2166 5.
474 2104 604 2141 Senec.
621 2104 739 2165 Epist.
765 2106 851 2141 115.
898 2103 979 2140 Nec
997 2102 1091 2151 apud
1107 2100 1271 2153 traqicosy

212 2156 345 2200 desunt,
361 2158 421 2206 qui
437 2158 535 2195 lucro
554 2158 795 2203 innocentiam,
810 2157 970 2198 salutem,
990 2155 1184 2206 opinionem
1203 2153 1261 2189 bo-

211 2222 290 2247 nam
308 2216 453 2248 mutant.

315 2263 401 2300 Sine
417 2276 471 2300 me
488 2263 610 2306 vocari
620 2264 825 2314 pessimum,
844 2268 884 2300 ut
902 2263 998 2299 dives
1015 2273 1131 2298 vocer.

316 2316 376 2353 An
394 2317 502 2358 dives,
521 2329 638 2352 omnes
655 2317 852 2365 quaerimus,
872 2328 981 2358 nemo,
1001 2327 1045 2351 an
1065 2315 1182 2351 bonus.

316 2369 402 2406 Non
419 2382 527 2420 quare
543 2375 577 2406 et
595 2370 694 2411 unde,
711 2370 794 2419 quid
809 2369 948 2410 habeas,
969 2373 1103 2406 tantum
1121 2370 1260 2415 roqant.

321 2422 454 2472 Ubique
472 2423 563 2458 tanti
581 2423 734 2471 quisque,
755 2427 919 2471 quantum
937 2421 1070 2462 habuit,
1078 2419 1172 2468 fuit.

322 2474 414 2515 Quid
433 2472 558 2511 habere
575 2475 674 2511 nobis
692 2480 793 2524 turpe
810 2476 870 2515 sit,
891 2474 1019 2523 quaeris
1031 2474 1053 2510 P
1079 2473 1180 2510 nihil.

317 2528 392 2564 Aut
410 2528 505 2564 dives
524 2533 603 2576 opto
621 2528 749 2570 vivere,
769 2533 831 2564 aut
841 2539 980 2577 pauper
997 2526 1099 2564 mori.

317 2580 414 2617 Bene
431 2581 591 2621 moritur,
612 2581 682 2629 qui,
702 2581 781 2616 dum
798 2580 960 2621 moritur,
980 2579 1115 2616 lucrum
1121 2577 1234 2627 facit.

318 2633 474 2670 Pecunia
492 2634 613 2681 inqens
629 2634 768 2681 qeneris
786 2633 927 2669 humani
945 2633 1078 2677 bonum,

323 2685 388 2721 Cui
405 2698 471 2722 non
488 2685 649 2734 voluptas
667 2686 795 2722 matris·
812 2691 872 2721 aut
891 2685 1017 2721 blanda
1027 2689 1149 2734 potest

299 2777 301 2779 ,
322 2738 402 2775 Par
418 2750 493 2774 esse
504 2738 633 2786 prolis,
653 2751 720 2774 non
738 2751 839 2774 sacer
856 2738 994 2774 meritis
1005 2750 1152 2787 parens.

325 2790 409 2827 Tam
428 2791 525 2827 dulce
541 2792 574 2827 si
593 2791 676 2840 quid
697 2791 843 2827 Veneris
860 2791 896 2827 in
913 2791 1012 2827 vultu
1029 2791 1148 2832 micat,

323 2843 458 2879 Merito
471 2844 533 2879 illa
545 2855 682 2880 amores
688 2844 835 2880 coelitum
848 2850 950 2892 atque
961 2843 1133 2879 hominum
1139 2848 1263 2880 movet.

222 2897 336 2938 Quum
355 2896 391 2931 hi
408 2896 588 2932 novissimi
600 2909 722 2932 versus
740 2897 775 2932 in
790 2897 959 2944 traqoedia
977 2896 1167 2945 Euripidis
1177 2908 1265 2944 pro-

219 2949 370 2986 nuntiati
383 2954 507 2990 essent,
521 2954 614 2984 totus
620 2949 773 2997 populus
786 2950 833 2984 ad
849 2950 1051 2996 ejiciendum
1065 2954 1098 2985 et
1113 2954 1266 2985 actorem

221 3007 255 3038 et
283 3014 421 3038 carmen
448 3002 666 3037 consurrexit
694 3014 759 3037 uno
789 3002 929 3050 impetu,
950 3002 1056 3038 donec
1077 3001 1268 3050 Euripides

220 3055 257 3091 in
275 3054 420 3090 medium
434 3054 508 3102 ipse
519 3054 701 3102 prosiluit,
714 3059 850 3102 petens,
866 3059 905 3090 ut
918 3059 1158 3103 eoespectarent
1171 3054 1265 3090 vide-

221 3112 364 3155 rentque
381 3118 478 3157 quem
497 3106 690 3142 admirator
708 3107 787 3142 auri
804 3107 932 3143 eoeitum
939 3107 1097 3154 faceret.
1145 3106 1269 3143 Dabat

222 3160 258 3196 in
278 3159 341 3195 illa
359 3158 490 3207 fabula
513 3170 635 3206 poenas
656 3159 1025 3207 Bellerophontes,
1046 3159 1186 3208 quasin
1203 3170 1267 3195 sua

223 3212 365 3262 quisque
379 3212 439 3247 dat
451 3226 462 3246 .·
482 3211 578 3246 nulla
589 3211 682 3246 enim
697 3211 849 3246 avaritia
867 3213 942 3247 sine
952 3224 1055 3260 poena
1070 3217 1134 3253 est,
1148 3223 1266 3260 quam-

221 3265 277 3300 vis
294 3265 384 3300 satis
401 3264 450 3300 sit
473 3263 550 3312 ipsa
574 3264 999 3312 poenarum:—Extremi
1027 3276 1155 3301 versus
1182 3276 1267 3312 pas-

224 3318 293 3354 sim
319 3316 431 3353 tacito
458 3315 590 3352 fabulae
617 3315 764 3351 nomine
791 3316 901 3351 etiam
922 3316 1063 3358 Graece,
1082 3316 1182 3352 velut
1209 3329 1268 3364 ap.

225 3370 365 3406 Athen.
395 3368 463 3410 IV,
494 3381 531 3417 p.
556 3369 627 3404 159
657 3368 701 3409 B,
722 3367 891 3404 Stobaeus
918 3369 1025 3411 XCI,
1055 3371 1091 3410 4,
1112 3368 1268 3406 Maxim.

225 3421 401 3460 Monach.
429 3421 467 3457 in
497 3420 611 3457 Gesn.
638 3419 708 3457 Ed.
750 3418 892 3460 Stobaei
927 3433 960 3458 a.
990 3423 1100 3468 1609,
1121 3435 1157 3471 p.
1180 3423 1268 3467 221,

227 3476 289 3518 20,
308 3473 360 3513 eie
377 3472 702 3512 circumferuntur:

1227 2752 1266 2774 10

1058 306 1060 311 ·
1117 265 1450 335 Erplnmor

1396 388 1441 425 'Q
1459 391 1580 437 χρυσέ,
1601 390 1746 435 δεξίωμα
1765 390 1949 436 κάλλιστον
1965 390 2112 442 βροτοῖς,

1403 445 1448 480 ὣς
1466 446 1541 478 οὔτε
1558 443 1665 490 μήτηρ
1684 443 1805 488 ἡδονὰς
1823 444 1953 480 τοιάσδ’
1971 445 2052 490 ἔχει,

1404 498 1443 532 οὐ
1461 498 1578 533 παῖδες
1595 497 1833 544 ἀνθρώποισιν,
1853 498 1892 534 οὗ
1911 494 2015 544 φίλος
2031 497 2152 549 πατὴρ,

1403 549 1474 587 οἵας
1493 551 1538 586 σὺ
1555 550 1613 596 χοί
1632 551 1674 586 σὲ
1694 551 1846 597 δώμασιν
1864 550 2065 596 κεκτημένοι.

1403 604 1432 638 εἶ
1450 603 1479 638 δ’
1499 603 1518 648 ἡ
1539 603 1668 650 Κύπρις
1685 606 1837 640 τοιοῦτον
1855 603 2046 651 ὀφθαλμοῖς
2064 605 2136 651 ὁρᾷ,

1403 658 1441 691 οὐ
1461 657 1570 703 θαῦμ’,
1592 659 1716 704 ἔρωτας
1733 658 1871 705 μυρίους
1889 658 1992 703 αὐτὴν
2009 657 2161 707 τρέφειν.

1296 712 1539 756 praeterquam
1566 708 1665 757 quod
1691 708 1830 754 Stobaei
1859 709 1939 746 cod.
1962 708 2080 746 Paris.
2100 709 2146 744 A.
2167 712 2205 744 et
2223 706 2344 758 Μαξί-

1296 773 1378 796 mus
1395 760 1422 796 1.
1443 773 1475 798 e.
1497 773 1518 797 e
1535 761 1666 798 Danae
1684 774 1747 798 eos
1766 761 1891 798 citant.

1348 820 1523 869 Excerpt.
1553 821 1675 859 Vatic.
1707 822 1818 858 Diod.
1848 822 1922 860 Sic.
1947 822 2041 860 Exe.
2069 821 2134 858 lib.
2155 821 2344 859 XXXVII

1294 872 1435 910 ——XL.
1483 886 1515 911 c.
1564 876 1623 911 11.
1673 873 1727 924 (in
1780 875 1881 925 Aug.
1928 874 2022 912 Maii
2072 875 2159 912 Vet.
2212 873 2318 924 Scrip
2319 879 2347 911 t.

1294 938 1379 962 nov.
1409 926 1552 964 collect.
1580 926 1624 964 T.
1657 926 1707 996 ΙΙ,
1735 940 1773 976 p.
1799 926 1903 978 122.)
1932 928 1991 965 ed.
2015 923 2149 969 Dindf.
2179 940 2216 976 p.
2253 929 2346 964 135:

1295 995 1462 1026 τοσαυτην
1480 983 1499 1016 ὁ
1515 983 1648 1029 χρυσὸς
1665 984 1737 1029 ἕχει
1756 982 1929 1029 δύναμιν’
1911 984 1967 1019 επὶ
1995 985 2082 1033 κακῷ
2099 984 2347 1030 προτιμώμενος

1294 1036 1453 1102 ἀφρόνως
1469 1037 1561 1087 παρὰ
1578 1036 1774 1084 ἀνθρώποις,
1795 1035 1914 1074 οἵτινες
1932 1036 1987 1072 διὰ
2004 1037 2063 1082 τὴν
2081 1036 2274 1100 ὕπερβολην
2291 1051 2351 1100 της

1294 1090 1377 1135 πρὸς
1395 1090 1514 1124 τοῦτον
1533 1089 1707 1136 ἐπιθυμίας
1724 1089 1803 1137 παρ’
1823 1090 1948 1126 ἕκαστα
1965 1090 2195 1138 προφέρονται
2211 1088 2349 1139 τούτους

1293 1143 1371 1179 τοὺς
1389 1142 1530 1188 στίχους
1547 1147 1613 1178 τῶν
1630 1148 1786 1189 ποιητῶν,
2352 1151 2354 1154 '

1391 1192 1438 1230 Ὠ
1455 1210 1576 1243 χρυσε,
1597 1197 1742 1244 δεξίωμα
1760 1198 1864 1234 κ.τ.λ.

1294 1250 1346 1284 καὶ
1364 1249 1466 1285 πάλιν

1391 1302 1459 1338 ''Ea
1476 1317 1518 1348 με
1536 1304 1748 1351 κερδαίνοντα
1766 1304 1947 1350 κεκλῆσθαι
1966 1307 2077 1341 κακόν.

1296 1353 1369 1390 Hic
1380 1353 1494 1390 habes
1505 1355 1664 1403 primum
1671 1355 1866 1403 duodecim
1877 1356 2022 1394 1llorum
2029 1369 2083 1394 vs
2075 1382 2098 1400 .‚
2106 1369 2197 1405 quos
2208 1356 2350 1402 Seneca

1295 1406 1425 1443 Latine
1445 1409 1638 1456 expressit,
1658 1422 1704 1446 ne
1732 1422 1788 1446 ue
1796 1399 1962 1458 Euripidi
1980 1422 2063 1452 eum
2083 1404 2346 1459 assignandum

1296 1472 1376 1496 esse
1395 1460 1560 1508 negabis.
1616 1462 1700 1498 Eun
1727 1475 1786 1499 em
1799 1463 1878 1510 jam
1899 1462 2072 1499 Grotius,¹
2064 1475 2101 1498 m
2117 1462 2348 1500 Carminibus

1297 1512 1470 1561 Gregorii
1497 1513 1674 1552 Nazianz.
1699 1514 1757 1565 (T.
1779 1515 1831 1556 II,
1851 1528 1888 1565 p.
1911 1517 1986 1552 210
2006 1515 2050 1552 Β.
2056 1514 2071 1564 )
2091 1528 2174 1551 cum
2203 1516 2347 1552 duobus

1296 1565 1375 1602 aliis
1407 1566 1645 1614 conjunctum
1672 1568 1767 1605 inter
1794 1573 1960 1604 veterum
1988 1568 2086 1605 dicta
2110 1571 2151 1606 τὰ
2179 1571 2223 1618 μὴ
2249 1573 2346 1614 καλὰ,

1295 1619 1509 1656 invenerat:

1401 1676 1575 1721 Κρεῖσσον
1591 1676 1669 1724 γὰρ,
1689 1675 1708 1722 ἢ
1728 1676 1875 1719 σέβοντα
1892 1676 1970 1713 τοὺς
1989 1676 2073 1722 θεῶν
2091 1679 2212 1724 νόμους

1402 1728 1527 1773 πένητα
1545 1730 1658 1772 ναίειν,
1679 1730 1782 1774 δόξαν
1799 1729 2028 1776 ἠμποληκότα.

1350 1785 1476 1837 (289.)
1497 1794 1529 1825 6.
1560 1788 1731 1826 Stobaeus
1750 1789 1979 1832 XXXVIII,
2004 1791 2063 1827 13.

1403 1843 1591 1879 Φθονοῦσιν
1608 1845 1703 1880 αὐτοὶ
1719 1845 1870 1892 χείρονες
1887 1846 2087 1894 πεφυκότες·

1402 1897 1449 1933 εἷς
1466 1897 1640 1944 τᾶπίσημα
1658 1898 1687 1934 δ’
1708 1901 1727 1934 ὁ
1745 1899 1874 1945 φθόνος
1890 1899 2000 1944 πηδᾶν
2017 1901 2125 1947 φιλεῖ.

1351 1954 1476 2006 (290.)
1499 1971 1529 2004 7.
1560 1957 1732 1995 Stobaeus
1749 1958 1975 2001 XXXVIII,
1999 1961 2059 1997 19.

1394 2010 1488 2058 ”Ηδη
1507 2014 1573 2061 γὰρ
1592 2011 1681 2049 εἶδον
1700 2014 1753 2049 καὶ
1772 2014 1864 2059 δίκης
1881 2016 2098 2061 παραστάτας

1403 2067 1550 2103 ἐσθλοὺς
1567 2069 1700 2116 πονηρῷ
1717 2069 1764 2116 τῷ
1783 2068 1901 2116 φθόνῳ
1920 2061 2116 2114 νικωμένους

1350 2123 1477 2176 (291.)
1497 2133 1529 2164 8.
1560 2125 1730 2164 Stobaeus
1749 2126 1851 2169 LIV,
1875 2129 1936 2164 19.

1404 2182 1505 2227 Νείκη
1523 2181 1589 2228 γὰρ
1607 2182 1737 2229 ἀνδρῶν
1754 2184 1859 2229 φόνια
1876 2183 1929 2217 καὶ
1947 2183 2058 2230 μάχας
2075 2188 2185 2232 χερῶν

1402 2235 1538 2270 δόλοισι
1557 2235 1721 2271 κλέπτειν·
1751 2238 1810 2281 τῆς
1829 2235 1858 2271 δ’
1877 2236 2034 2281 ἀληθείας
2051 2238 2129 2274 ὁδὸς

1403 2287 1518 2335 φαύλη
1538 2289 1587 2325 τίς
1606 2289 1693 2330 ἐστι,
1713 2289 1882 2336 ψεύδεσιν
1899 2290 1928 2325 δ’
1941 2289 2049 2337 ’Άρης
2066 2291 2184 2338 φίλος.

1349 2346 1475 2398 (292.)
1497 2364 1529 2396 9.
1561 2346 1732 2385 Stobaeus
1750 2348 1852 2391 LIV,
1876 2349 1911 2387 7.

1399 2402 1470 2439 Ἀεὶ
1487 2404 1553 2450 γὰρ
1572 2403 1677 2451 ἄνδρα
1697 2405 1816 2439 σκαιὸν
1835 2404 1980 2453 ἶσχυρὸν
1997 2403 2104 2452 φύσει

1401 2456 1515 2502 ἧσσον
1533 2456 1668 2492 δέδοικα
1684 2458 1870 2495 τᾶσθενοΰς
1887 2473 1924 2493 τε
1943 2459 1996 2493 καὶ
2014 2461 2130 2506 σοφοῦ

1348 2514 1473 2567 (293.)
1498 2532 1548 2554 ιο.
1576 2516 1713 2554 Justin.
1737 2517 1895 2567 Martyr.
1917 2519 1963 2555 de
1987 2518 2176 2557 monarch.
2196 2532 2235 2570 p.
2259 2522 2331 2558 108

1297 2569 1340 2606 C.
1368 2570 1442 2616 (ed.
1464 2569 1596 2607 Colon.
1631 2568 1759 2619 1686).
1780 2583 1817 2619 p.
1841 2573 1885 2608 41
1923 2571 1969 2609 B.
1992 2570 2066 2620 (ed.
2087 2572 2188 2622 Hag.
2209 2573 2345 2612 Comit-

1300 2624 1432 2669 1742.)

1402 2678 1510 2723 Φησίν
1527 2693 1578 2715 τις
1596 2675 1677 2713 εἶναι
1696 2675 1766 2723 δῆτ’
1786 2679 1822 2714 ε’ν
1839 2679 1968 2728 οὐρανῷ
1987 2679 2105 2722 &emis-3

1402 2732 1462 2766 οὐκ
1481 2732 1579 2775 εἰσὶν,
1600 2732 1660 2766 οὐκ
1678 2731 1756 2767 εἵσ’.
1789 2731 1885 2770 εἴτις
1902 2733 2086 2780 ἀνθρώπων
2102 2735 2207 2782 λέγει,

1402 2785 1447 2830 μὴ
1466 2787 1512 2834 τῷ
1530 2787 1663 2834 παλαιῷ
1681 2786 1793 2833 μωρὸς
1807 2786 1853 2821 ὢν
1869 2786 2011 2834 χρήσθω
2029 2789 2134 2837 λόγῳ.

1404 2838 1587 2885 σκεψασθε
1606 2839 1635 2873 δ’
1655 2840 1748 2881 αὐτὰ,
1768 2839 1812 2884 μὴ
1830 2839 1878 2875 ’πι
1897 2842 1963 2877 τοῖς
1984 2841 2074 2886 ε’μοις
2091 2843 2209 2889 λόγοις

1405 2946 1541 2981 κτείνειν
1558 2960 1594 2980 τε
1611 2946 1794 2982 πλείστους
1812 2948 1984 2992 κτημάτων
2001 2947 2029 2982 τ’
2050 2948 2261 2995 ἀποστερεῖν,

1404 2998 1523 3045 ὅρκους
1540 3014 1578 3034 τε
1594 3000 1861 3046 παραβαίνοντας
1878 3000 2051 3047 ἐκπορθεῖν
2068 3004 2210 3040 πόλεις.Ι

1404 3053 1458 3086 καὶ
1475 3054 1579 3087 ταῦτα
1597 3053 1740 3099 δρῶντες
1756 3055 1889 3098 μᾶλλόν
1907 3052 1972 3089 εἶσ’
1993 3051 2182 3101 εὐδαίμονες

1404 3109 1470 3140 τῶν
1488 3105 1718 3157 εὐσεβούντων
1735 3105 1847 3152 ἡσυχῆ
1866 3106 1941 3142 καθ’
1960 3107 2098 3154 ἡμέραν·

1402 3159 1520 3195 πόλεις
1537 3173 1574 3194 τε
1590 3160 1709 3205 μικρὰς
1726 3157 1800 3195 οἶδα
1817 3161 1967 3205 τιμώσας
1985 3161 2092 3202 θεοὺς,

1405 3209 1439 3246 αἳ
1456 3213 1615 3257 μειζόνων
1632 3211 1774 3248 κλύουσι
1792 3213 2085 3261 δυσσεβεστέρων,

1406 3266 1535 3311 λόγχης
1553 3265 1682 3314 ἀριθμῷ
1699 3266 1855 3303 πλείονος
1873 3266 2101 3314 κρατούμεναι.

1406 3315 1497 3363 οἶμαι
1516 3317 1545 3353 δ’
1566 3319 1605 3352 ἂν
1623 3319 1717 3363 ὑμᾶς,
1737 3318 1834 3356 εἴτις
1851 3319 1955 3366 ἀργὸς
1972 3321 2017 3355 ὢν
2035 3321 2124 3358 θεοῖς

1406 3373 1538 3417 εὔχοιτο
1557 3372 1611 3406 καὶ
1627 3371 1672 3416 μὴ
1690 3372 1779 3419 χειρὶ
1797 3373 1961 3420 συλλέγοι
1977 3374 2066 3416 βίον,

2307 3174 2347 3198 10

1406 3476 1447 3513 τὰ
1465 3476 1537 3513 θεῖα
1554 3477 1734 3525 πυργοῦσ’,
1754 3479 1788 3514 αἶ
1806 3479 1901 3516 κακαί
1917 3493 1954 3516 τε
1971 3480 2158 3530 συμφοραί.
