2488 3860
225 278 308 318 584

1082 281 1548 323 ΑΡΙΣΤΟΦΑΝΟΎΣ

328 385 405 418 οὔτε
435 383 555 430 τέχνην
587 383 627 418 ἂν
655 386 721 419 τῶν
749 383 932 431 ἀνθρώπων
964 384 1032 419 οὔτ’
1063 385 1103 420 ἂν
1140 386 1272 432 σοφίαν

378 435 529 485 μελετῴη

328 488 448 524 οὐδείς·
496 489 625 535 ἀμφοῖν
660 488 689 523 δ’
726 488 803 534 ὑμῖν
837 488 970 525 τούτοιν
1005 490 1269 537 ἀφανισθέντοιν

381 539 538 586 ἐθελήσει

328 593 378 630 τίς
408 592 587 639 χαλκεύειν

378 648 487 682 ποιεῖν

375 701 594 744 σκυτοτομεῖν
619 698 640 744 ἢ
666 699 903 747 πλινθουργεῖν
926 700 946 746 ἢ
971 699 1109 737 πλύνειν
1135 701 1155 746 ἢ
1185 716 1266 737 σκυ-

378 752 545 799 λοδεψεῖν

327 803 347 849 ἢ
383 805 445 851 γῆς
481 804 636 852 ἀρότροις
670 803 774 852 ῥήξας
814 805 959 841 δάπεδον
994 807 1120 853 καρπὸν
1161 809 1269 851 Δηοῦς

380 856 594 904 θερίσασθαι,
1209 872 1224 903 5
1233 874 1243 894 1
1251 872 1267 904 5

326 908 366 954 ἢν
384 909 443 955 ἐξῇ
461 910 520 954 ζῆν
537 909 654 957 ἀργοῖς
671 910 747 955 ὑμῖν
764 909 891 945 τούτων
908 912 1040 946 πάντων
1058 911 1267 956 ἀμελοῦσιν;

619 592 633 606 d

615 609 636 639 η
669 595 846 642 ναυπηγεῖν
876 594 896 640 ἢ
926 595 1065 642 ῥάπτειν
1095 596 1114 642 ἢ
1146 611 1269 643 τροχο-

329 697 344 713 4

326 715 346 744 η

224 968 291 999 ΧΡ.
320 964 427 1009 λῆρον
452 963 577 1009 ληρεῖς.
606 964 710 997 ταῦτα
735 963 801 1010 γὰρ
828 963 905 1008 ἡμῖν
931 963 1032 998 πάνθ’
1052 963 1119 998 ὅσα
1146 967 1203 999 νῦν
1230 965 1270 1009 δὴ

224 1126 285 1155 ΠΕ

224 1231 298 1261 ΠΕ.

225 1335 291 1366 ΧΡ.

225 1494 299 1524 ΠΕ.

227 1969 294 2000 ΧΡ.

227 2022 300 2052 ΠΕ.

235 2858 303 2889 ΧΡ.

224 1178 291 1208 ΧΡ.
322 1171 508 1218 ὠνησόμεθ’
529 1173 689 1220 ἀργυρίου

380 1014 565 1058 κατέλεξας

327 1068 359 1102 οἱ
377 1067 577 1115 θεράποντες
594 1066 846 1114 μοχθήσουσιν.

711 1120 816 1156 πόθεν
833 1119 891 1155 οὖν
910 1120 995 1165 ἔξεις
1014 1120 1240 1168 θεράποντας;

708 1172 827 1217 δήπου.

666 1225 717 1261 τίς
735 1225 762 1260 δ’
783 1226 879 1260 ἔσται
897 1229 1031 1272 πρῶτον
1049 1228 1067 1260 ὁ
1084 1228 1220 1267 πωλῶν,

328 1277 407 1313 ὅταν
425 1276 584 1326 ἀργύριον
602 1278 749 1314 κάκεῖνος
767 1279 850 1324 ἔχῃς
1210 1293 1271 1323 520

745 1330 926 1377 κερδαίνειν
942 1332 1152 1376 βουλόμενός
1169 1347 1220 1368 τις

327 1384 473 1430 ἔμπορος
500 1383 587 1428 ἥκων
618 1383 654 1418 ἐκ
684 1383 868 1419 Θετταλίας
895 1384 986 1430 παρὰ
1012 1384 1185 1419 πλείστων
1211 1385 1268 1420 ἀν·

387 1436 632 1483 δραποδιστῶν.

328 1488 405 1523 ἀλλ’
443 1488 516 1524 οὐδ’
559 1489 655 1523 ἔσται
690 1491 824 1535 πρῶτον
868 1489 1022 1523 ἁπάντων
1057 1489 1165 1526 οὐδεὶς
1199 1490 1268 1526 οὐδ’

380 1541 648 1588 ἀνδραποδιστὴς

328 1594 410 1628 κατὰ
445 1595 503 1629 τὸν
537 1595 644 1637 λόγον
679 1592 718 1628 ὃν
753 1592 798 1627 σὺ
831 1592 944 1640 λέγεις
976 1593 1094 1639 δήπου.
1122 1595 1173 1631 τίς
1203 1596 1269 1642 γὰρ

378 1648 535 1682 πλουτῶν
553 1645 710 1691 ἐθελήσει

330 1698 523 1734 κινδυνεύων
565 1699 642 1746 περὶ
686 1700 745 1744 τῆς
780 1698 898 1745 ψυχῆς
933 1701 991 1744 τῆς
1027 1700 1129 1735 αὑτοῦ
1169 1702 1268 1736 τοῦτο

379 1753 519 1797 ποιῆσαι
534 1765 544 1793 ;

328 1801 410 1839 ὥστ’
446 1805 545 1841 αὐτὸς
579 1804 682 1851 ἀροῦν
717 1804 980 1850 ἐπαναγκασθεὶς
1017 1805 1071 1840 καὶ
1107 1806 1269 1842 σκάπτειν

379 1857 490 1892 τᾶλλα
507 1872 545 1892 τε
561 1856 701 1903 μοχθεῖν
1209 1873 1246 1904 52
1251 1874 1268 1905 5

329 1910 567 1959 ὀδυνηρότερον
583 1910 719 1958 τρίψεις
733 1910 853 1954 βίοτον
869 1910 958 1946 πολὺ
975 1913 1036 1946 τοῦ
1055 1913 1124 1948 νῦν.

923 1963 958 1999 ἐς
975 1963 1128 2008 κεφαλὴν
1146 1964 1216 2000 σοί.

330 2017 379 2051 ἔτι
399 2016 426 2051 δ’
447 2017 511 2062 οὐχ
529 2015 615 2061 ἕξεις
633 2015 701 2052 οὔτ’
722 2016 757 2052 ἐν
775 2016 869 2061 κλίνῃ
889 2016 1114 2064 καταδαρθεῖν·
1147 2018 1186 2052 οὐ
1203 2020 1268 2064 γὰρ

382 2069 531 2104 ἔσονται·

330 2121 398 2156 οὔτ’
419 2122 454 2157 ἐν
481 2122 632 2157 δάπισιν·
662 2121 712 2158 τίς
734 2122 800 2169 γὰρ
827 2121 979 2168 ὑφαίνειν
1006 2120 1163 2167 ἐθελήσει
1184 2136 1268 2169 χρυ-

385 2174 462 2209 σίου
480 2173 596 2214 ὅντος;

333 2228 410 2261 οὔτε
435 2225 594 2272 μύροισιν
620 2227 761 2273 μυρίσαι
789 2228 959 2267 στακτοῖς,
988 2228 1112 2262 ὁπόταν
1138 2225 1271 2272 νύμφην

384 2279 591 2325 ἀγάγησθον·

333 2330 407 2365 οὔθ’
442 2332 578 2375 ἱματίων
607 2333 747 2374 βαπτῶν
775 2332 933 2367 δαπάναις
965 2332 1135 2376 κοσμῆσαι
1161 2345 1269 2366 ποικι-

383 2385 581 2429 λομόρφων.
1211 2398 1272 2428 530

336 2436 439 2469 καίτοι
467 2436 501 2470 τί
531 2436 638 2471 πλέον
667 2438 827 2470 πλουτεῖν
856 2437 950 2471 ἐστιν
984 2437 1116 2471 πάντων
1146 2435 1272 2472 τούτων

387 2488 597 2534 ἀποροῦντα;

336 2540 411 2585 παρ’
441 2540 521 2585 ἐμοῦ
550 2539 579 2575 δ’
609 2541 703 2576 ἔστιν
729 2541 819 2575 ταῦτ’
848 2543 972 2587 εὔπορα
999 2540 1099 2576 πάνθ’
1126 2541 1201 2586 ὑμῖν
1228 2542 1273 2576 ὧν

386 2593 534 2628 δεῖσθον·
565 2593 629 2640 ε’γὼ
647 2594 712 2640 γὰρ

337 2645 393 2678 τὸν
422 2645 637 2691 χειροτέχνην
666 2646 782 2692 ὥσπερ
814 2645 961 2681 δέσποιν’
1000 2646 1272 2693 ἐπαναγκάζουσα

388 2697 528 2742 κάθημαι

337 2748 390 2782 διὰ
408 2749 467 2793 τὴν
492 2750 609 2797 χρείαν
631 2751 683 2785 καὶ
702 2751 761 2795 τὴν
782 2751 896 2786 πενίαν
925 2752 1031 2794 ζητεῖν
1057 2750 1179 2786 ὁπόθεν
1194 2749 1273 2793 βίον

389 2799 468 2844 ἕξει.

342 2851 387 2886 σὺ
404 2854 469 2899 γὰρ
487 2854 527 2888 ἂν
547 2854 688 2901 πορίσαι
706 2856 740 2890 τί
757 2852 859 2890 δύναι’
877 2855 1013 2902 ἀγαθὸν,
1038 2855 1128 2900 πλὴν
1149 2854 1272 2903 φῴδων

389 2905 424 2939 ἐκ
441 2907 623 2948 βαλανείου
1210 2920 1268 2951 535

339 2957 391 2990 καὶ
425 2958 608 3004 παιδαρίων
643 2959 895 2995 ὑποπεινώντων
931 2961 983 2995 καὶ
1021 2960 1179 3006 γραῒδίων
1213 2974 1269 2995 κο·

389 3011 560 3056 λοσυρτόν
574 3024 583 3051 ;

338 3061 487 3108 φθειρῶν
514 3061 542 3096 τ’
578 3063 717 3109 ἀριθμὸν
753 3065 805 3098 καὶ
839 3065 1003 3099 κωνώπων
1039 3065 1091 3099 καὶ
1126 3065 1274 3111 ψυλλῶν

391 3114 469 3149 οὐδὲ
486 3114 576 3158 λέγω
596 3129 653 3149 σοι

340 3169 404 3203 ὑπὸ
423 3168 483 3200 τοῦ
499 3165 662 3211 πλήθους,
682 3165 715 3201 αἲ
732 3169 927 3213 βομβοῦσαι
946 3170 1022 3215 περὶ
1041 3169 1099 3214 τὴν
1123 3169 1274 3215 κεφαλὴν

389 3220 538 3257 ἀνιῶσιν,

341 3271 573 3318 ἐπεγείρουσαι
591 3271 644 3305 καὶ
667 3272 870 3318 φράζουσαι,
890 3272 1069 3317 πεινήσεις,
1095 3273 1174 3309 ἀλλ’
1193 3274 1272 3309 ε’πα-

391 3325 509 3359 νίστω.

338 3377 423 3423 πρὸς
441 3376 478 3410 δέ
493 3390 534 3421 γε
556 3373 686 3411 τούτοις
714 3375 787 3410 ἀνθ’
813 3377 941 3420 ἱματίου
964 3379 1023 3422 μὲν
1045 3379 1135 3424 ἔχειν
1160 3378 1271 3425 ῥάκος·

391 3428 463 3462 ἀντὶ
481 3428 517 3462 δὲ
537 3427 649 3471 κλίνης
1214 3426 1275 3476 546

341 3480 488 3522 στιβάδα
511 3479 658 3525 σχοίνων
681 3481 803 3525 κόρεων
824 3481 962 3525 μεστὴν,
983 3481 1001 3515 ἷι
1021 3483 1097 3518 τοὺς
1121 3481 1275 3519 εὕδοντας

390 3532 521 3578 ἐγείρει·
961 3531 1273 3582 [προσκεφαλαίου.

339 3584 391 3619 καὶ
419 3585 554 3630 φορμὸν
579 3584 668 3629 ἔχειν
695 3583 767 3618 ἀντὶ
796 3585 941 3628 τάπητος
969 3589 1109 3631 σαπρόν·
1139 3587 1211 3622 ἀντὶ
1239 3588 1274 3621 δὲ

1309 915 1383 944 ΠΕ.

1309 1020 1375 1050 XP.

1291 1088 1384 1189 ῃ...

1311 1651 1377 1681 ΧΡ.

1313 1862 1387 1893 ΠΕ.

1315 2332 1382 2362 ΧΡ.

1316 2437 1388 2467 ΠΕ.

1315 2647 1380 2678 ΧΡ.

1415 387 1514 422 λίθον
1533 385 1692 432 εὐμεγέθη
1710 386 1795 432 πρὸς
1812 388 1854 430 τῇ
1864 386 2015 432 ,κεφαλῇ’
2047 384 2217 420 σιτεῖσθαι
2231 382 2260 420 δ’
2278 384 2350 420 ἀντὶ

1463 440 1524 483 μὲν
1541 439 1650 484 ι’ίρτων

1409 492 1564 536 μαλάχης
1587 490 1766 536 πτόρθους,
1785 490 1858 525 ἀντὶ
1877 490 1913 525 δὲ
1930 490 2032 535 μάζης
2057 488 2201 536 φυλλεῖ’
2222 489 2350 534 ἰσχνῶν

1462 543 1667 589 ῥαφανίδων,

1411 596 1482 630 ἀντὶ
1502 596 1537 630 δέ
1557 594 1679 641 θρόνου
1697 594 1846 640 στάμνου
1865 593 2016 639 κεφαλὴν
2035 595 2246 639 κατεαγότος,
2271 593 2344 629 ἀντὶ

1464 648 1500 682 δέ
1517 648 1664 693 μάκτρας
2288 658 2346 689 545

1409 700 1571 746 φιδάκνης
1595 698 1745 745 πλευρὰν
1772 698 1955 745 ἐρρωγυῖαν
1982 698 2035 732 καὶ
2059 697 2193 742 ταύτην.
2223 696 2288 745 ἆρά
2309 711 2350 746 γε

1462 753 1603 786 πολλῶν

1412 803 1544 850 ἀγαθῶν
1561 805 1667 839 πᾶσιν
1688 805 1758 839 τοῖς
1781 802 1968 850 ἀνθρώποις
1990 802 2168 849 ἀποφαίνω
2187 802 2221 838 σ’
2244 800 2352 840 αἴτιον

1465 855 1591 895 οὖσανς
1777 882 1784 890 ,

1414 909 1459 944 σὺ
1477 909 1537 954 μὲν
1555 909 1594 943 οὗ
1613 909 1670 943 τὸν
1693 908 1772 954 ἐμὸν
1789 907 1867 951 βίον
1884 905 2025 955 εἴρηκας,
2045 909 2104 943 τὸν
2121 911 2186 943 τῶν
2202 911 2347 956 πτωχῶν

1466 962 1495 996 δ’
1514 959 1725 1006 ὑπεκρούσω.

1409 1015 1528 1049 οὐκοῦν
1559 1013 1666 1058 δήπου
1694 1015 1754 1059 τῆς
1783 1013 1951 1059 πτωχείας
1979 1013 2094 1049 πενίαν
2122 1014 2234 1060 φαμὲν
2264 1010 2346 1050 εἶναι

1464 1066 1629 1112 ἀδελφήν.

1414 1120 1504 1165 ὑμεῖς
1530 1119 1562 1166 γ’
1591 1117 1686 1166 οἵπερ
1713 1119 1767 1154 καὶ
1794 1116 2031 1167 θρασυβοῦλῳ
2059 1117 2239 1155 Διονύσιον
2269 1116 2352 1155 εἶναι

1465 1172 1591 1216 ὅμοιον.
2291 1186 2308 1217 5
2313 1186 2354 1218 5ο

1413 1223 1492 1260 ἀλλ’
1510 1225 1575 1270 οὐχ
1604 1225 1705 1268 οὑμὸς
1733 1225 1833 1259 τοῦτο
1859 1223 2025 1260 πέπονθεν
2054 1224 2131 1266 βίος
2149 1224 2189 1259 οὗ
2205 1225 2252 1270 μὰ
2278 1225 2351 1266 Δί’,

1466 1278 1545 1312 οὐδέ
1560 1292 1600 1324 γε
1617 1277 1754 1321 μέλλει.

1413 1332 1551 1375 πτωχοῦ
1581 1330 1642 1374 μὲν
1671 1330 1737 1376 γὰρ
1762 1329 1851 1372 βίος,
1884 1327 1924 1364 ὃν
1950 1329 1995 1364 σὺ
2021 1329 2143 1376 λέγεις,
2174 1330 2232 1375 ζῆν
2260 1330 2354 1366 ἐστιν

1465 1383 1567 1426 μηδὲν
1584 1383 1717 1427 ἔχοντα·

1413 1437 1473 1469 τοῦ
1502 1435 1538 1469 δὲ
1565 1434 1705 1479 πένητος
1734 1435 1793 1479 ζῆν
1820 1434 2020 1480 φειδόμενον
2054 1435 2108 1469 καὶ
2138 1436 2208 1471 τοῖς
2243 1435 2354 1483 ἔργοις

1465 1487 1691 1534 προσέχοντα,

1414 1539 1667 1587 περιγίγνεσθαι
1704 1539 1732 1574 δ’
1769 1539 1858 1587 αὐτῷ
1892 1540 2005 1584 μηδὲν,
2041 1539 2086 1585 μὴ
2126 1540 2239 1585 μέντοι
2273 1540 2353 1585 μηδ’

1466 1592 1661 1628 ἐπιλείπειν.

1413 1646 1456 1681 ὡς
1482 1645 1674 1692 μακαρίτην,
1704 1644 1730 1679 ὦ
1758 1645 1924 1691 Δάματερ,
1949 1645 2007 1679 τὸν
2032 1644 2111 1686 βίον
2128 1645 2230 1680 αὐτοῦ
2257 1648 2353 1682 κατέ-

1465 1698 1580 1742 λεξας,
2293 1713 2354 1746 555

1415 1750 1444 1786 εἶ
1480 1747 1685 1796 φεισάμενος
1720 1751 1773 1785 καὶ
1808 1748 1985 1795 μοχθήσας
2028 1751 2227 1798 καταλείψει
2270 1753 2354 1799 μηδὲ

1467 1804 1625 1849 ταφῆναι.

1417 1858 1584 1892 σκώπτειν
1617 1859 1716 1903 πειρᾷ
1752 1856 1805 1890 καὶ
1841 1856 2009 1903 κωμῳδεῖν
2046 1857 2107 1890 τοῦ
2152 1857 2355 1901 σπουδάζειν

1468 1907 1652 1954 ἀμελήσας,
2217 1905 2358 1959 [ἄνδρας

1417 1963 1456 1998 οὗ
1473 1963 1671 2009 γιγνώσκων
1690 1961 1741 1996 ὅτι
1759 1964 1820 1997 τοῦ
1843 1959 2001 1996 Πλούτου
2018 1960 2156 2007 παρέχω
2178 1962 2356 2004 βελτίονας

1396 2036 1398 2038 -
1417 2014 1471 2049 καὶ
1488 2014 1548 2059 τὴν
1573 2016 1706 2061 γνώμην
1724 2016 1778 2050 καὶ
1804 2014 1864 2060 τὴν
1891 2014 1990 2049 ἰδέαν.
2019 2015 2110 2061 παρὰ
2133 2017 2180 2063 τῷ
2206 2017 2269 2061 μὲν
2292 2018 2360 2065 γὰρ

1470 2067 1702 2114 ποδαγρῶντες

1419 2120 1471 2154 καὶ
1497 2119 1705 2166 γαστρώδεις
1733 2120 1786 2154 καὶ
1812 2117 2021 2165 παχύκνημοι
2055 2120 2107 2154 καὶ
2133 2120 2245 2157 πίονές
2272 2120 2359 2156 εἶσιν

1469 2172 1636 2218 ἀσελγῶς,
2297 2178 2360 2218 569

1417 2223 1494 2270 παρ’
1541 2224 1613 2268 ἐμοὶ
1657 2223 1686 2258 δ’
1723 2223 1837 2269 ἷσχνοὶ
1882 2225 1935 2258 καὶ
1972 2225 2163 2271 σφηκώδεις
2199 2225 2252 2260 καὶ
2286 2228 2358 2263 τοῖς

1470 2276 1604 2322 ἐχθροῖς
1622 2276 1762 2322 ἀνιαροί.

1417 2328 1482 2363 ἀπὸ
1501 2331 1560 2363 τοῦ
1578 2330 1680 2373 λιμοῦ
1707 2329 1772 2376 γὰρ
1798 2326 1883 2365 ἴσως
1910 2329 2022 2365 αὐτοῖς
2049 2330 2087 2364 τὸ
2116 2330 2295 2376 σφηκῶδες
2313 2331 2358 2366 σὺ

1470 2381 1627 2427 πορίζεις.

1418 2434 1494 2479 περὶ
1522 2432 1750 2480 σωφροσύνης
1776 2435 1838 2479 ἤδη
1865 2434 1976 2469 τοίνυν
2002 2438 2132 2481 περανῶ
2169 2435 2271 2484 σφῷν
2297 2436 2356 2472 κᾶ-

1471 2486 1634 2529 ναδιδάξω

1419 2537 1470 2572 ὅτι
1506 2540 1686 2583 κοσμιότης
1721 2538 1805 2574 οἶκεῖ
1828 2538 1899 2584 μετ’
1927 2539 2019 2584 ἐμοῦ,
2049 2542 2109 2574 τοῦ
2143 2539 2302 2576 Πλοῦτον
2328 2541 2356 2576 δ’

1472 2591 1566 2626 ἐστὶν
1584 2591 1744 2637 ὑβρίζειν.

1414 2644 1500 2678 πάνυ
1526 2646 1609 2690 γοῦν
1635 2645 1790 2679 κλέπτειν
1816 2646 1956 2690 κόσμιόν
1983 2644 2077 2679 ἐστιν
2103 2646 2157 2680 καὶ
2183 2644 2262 2683 τοὺς
2285 2647 2357 2682 τοί-

1468 2711 1552 2742 χους
1570 2696 1765 2742 διορύττειν.
2297 2705 2356 2744 565

1465 2749 1472 2760 ἲ
1522 2750 1529 2762 ἱ
1607 2749 1627 2762 l‘
1669 2750 1677 2761 Ἴ
1733 2752 1747 2759 ‘⁸
1850 2750 1864 2758 ἢ
1930 2750 1939 2762 ’
1969 2751 1977 2764 ἲ
2065 2753 2080 2762 Α
2150 2750 2159 2762 ,
2189 2751 2197 2762 ἱ
2330 2754 2339 2765 Ι

1317 2743 1404 2795 [BA.
1439 2763 1477 2793 νη
1497 2764 1554 2783 τον
1572 2754 1613 2784 Δι
1649 2764 1676 2784 ει
1696 2750 1744 2785 δει
1765 2749 1881 2784 λαθειν
1902 2764 2012 2791 αυτον,
2032 2765 2102 2787 πως
2123 2765 2201 2796 ουχι
2218 2752 2357 2797 κόσμιον

1317 2859 1390 2889 ΠΕ.

1316 3277 1382 3307 ΧΡ.

1472 2799 1605 2846 ἐστιν;]

1420 2854 1548 2900 σκέψαι
1573 2854 1683 2889 τοίνυν
1708 2855 1742 2889 ἐν
1765 2857 1837 2892 ταῖς
1860 2857 2006 2890 πόλεσιν
2029 2855 2108 2892 τοὺς
2133 2854 2288 2903 ῥήτορας,
2313 2858 2358 2894 ὣς

1470 2908 1594 2941 ὁπόταν
1611 2907 1671 2952 μὲν

1418 2958 1483 2993 ὦσι
1509 2960 1656 3003 πένητες,
1682 2961 1759 3007 περὶ
1785 2960 1843 2995 τὸν
1869 2960 1974 3006 δῆμον
1998 2961 2051 2997 καὶ
2077 2960 2138 3006 τὴν
2163 2963 2263 2998 πόλιν
2289 2961 2358 2998 εἶσὶ

1470 3011 1601 3052 δίκαιοι,

1417 3063 1670 3108 πλουτήσαντες
1688 3064 1716 3100 δ’
1736 3065 1802 3101 ἀπὸ
1824 3068 1890 3100 τῶν
1907 3069 2025 3101 κοινῶν
2040 3065 2231 3114 παραχρῆμ’
2250 3067 2356 3103 ἄδικοι

1468 3117 1672 3163 γεγένηνται,

1418 3167 1682 3210 ἐπιβουλεύουσί
1704 3184 1740 3205 τε
1765 3172 1810 3219 τῷ
1837 3169 1959 3215 πλήθει
1984 3171 2037 3206 καὶ
2060 3173 2106 3220 τῷ
2134 3169 2227 3220 δήμῳ
2252 3174 2356 3208 πολε-

1467 3223 1602 3265 μοῦσιν.
2297 3238 2360 3270 57ο

1414 3272 1492 3307 ἀλλ’
1518 3274 1557 3307 οὐ
1583 3273 1706 3320 ψεύδει
1731 3273 1857 3309 τούτων
1882 3273 1914 3322 γ’
1942 3275 2049 3315 οὐδὲν,
2075 3275 2192 3323 καίπερ
2219 3277 2358 3325 σφόδρα

1468 3326 1639 3366 βάσκανος
1657 3325 1756 3361 οὖσα.

1417 3376 1500 3422 ἀτὰρ
1524 3378 1588 3423 οὐχ
1611 3377 1709 3422 ἧττόν
1726 3378 1758 3426 γ’
1782 3379 1877 3414 οὐδὲν
1901 3378 2054 3420 κλαύσει,
2072 3381 2175 3426 μηδὲν
2197 3379 2300 3427 ταύτῃ
2316 3397 2357 3429 γε

1469 3428 1631 3473 κομήσῃς»

1418 3481 1489 3524 ὁτιὴ
1531 3482 1636 3523 ζητεῖς
1679 3483 1768 3517 τοῦτ’
1809 3484 2000 3522 ἀναπείθειν
2042 3484 2138 3531 ἡμᾶς,
2179 3485 2223 3521 ὡς
2261 3486 2356 3522 ἔστιν

1469 3532 1610 3577 ἀμείνων

1417 3585 1513 3619 πενία
1529 3584 1692 3621 πλούτου.
