<?xml version="1.0" encoding="UTF-8"?>
<!DOCTYPE html PUBLIC "-//W3C//DTD XHTML 1.0 Transitional//EN"
    "http://www.w3.org/TR/xhtml1/DTD/xhtml1-transitional.dtd">
<html xmlns="http://www.w3.org/1999/xhtml" xml:lang="en" lang="en">
 <head>
  <title>
</title>
<meta http-equiv="Content-Type" content="text/html;charset=utf-8" />
  <meta name='ocr-system' content='tesseract 3.04.00' />
  <meta name='ocr-capabilities' content='ocr_page ocr_carea ocr_par ocr_line ocrx_word'/>
</head>
<body>
  <div class='ocr_page' id='page_1' title='image "./poetarumscenicor00dinduoft_0628.png"; bbox 0 0 2488 3860; ppageno 0'>
   <div class='ocr_carea' id='block_1_1' title="bbox 162 321 1436 364">
    <p class='ocr_par' dir='ltr' id='par_1_1' title="bbox 162 321 1436 364">
     <span class='ocr_line' id='line_1_1' title="bbox 162 321 1436 364; baseline 0.001 -1"><span class='ocrx_word' id='word_1_1' title='bbox 162 322 244 363; x_wconf 83' lang='lat'>620</span> <span class='ocrx_word' id='word_1_2' title='bbox 1035 321 1436 364; x_wconf 74' lang='grc' dir='ltr'>ΣΟΦΟΚΛΕΟΥΣ</span> 
     </span>
    </p>
   </div>
   <div class='ocr_carea' id='block_1_2' title="bbox 213 427 793 471">
    <p class='ocr_par' dir='ltr' id='par_1_2' title="bbox 213 427 793 471">
     <span class='ocr_line' id='line_1_2' title="bbox 213 427 793 471; baseline -0.003 -3"><span class='ocrx_word' id='word_1_3' title='bbox 213 431 301 468; x_wconf 84' lang='grc'>108.</span> <span class='ocrx_word' id='word_1_4' title='bbox 331 427 504 467; x_wconf 84' lang='lat' dir='ltr'><strong>Stobaeus</strong></span> <span class='ocrx_word' id='word_1_5' title='bbox 524 428 735 471; x_wconf 86' lang='lat' dir='ltr'>LXXVII,</span> <span class='ocrx_word' id='word_1_6' title='bbox 757 430 793 466; x_wconf 87' lang='lat'>9.</span> 
     </span>
    </p>
   </div>
   <div class='ocr_carea' id='block_1_3' title="bbox 158 483 1213 1448">
    <p class='ocr_par' dir='ltr' id='par_1_3' title="bbox 262 483 981 534">
     <span class='ocr_line' id='line_1_3' title="bbox 262 483 981 534; baseline 0.001 -14"><span class='ocrx_word' id='word_1_7' title='bbox 262 484 303 520; x_wconf 84' lang='lat' dir='ltr'>‘O</span> <span class='ocrx_word' id='word_1_8' title='bbox 322 486 363 531; x_wconf 86' lang='grc' dir='ltr'>δὴ</span> <span class='ocrx_word' id='word_1_9' title='bbox 383 485 481 522; x_wconf 87' lang='grc' dir='ltr'>νόθος</span> <span class='ocrx_word' id='word_1_10' title='bbox 499 487 570 522; x_wconf 82' lang='grc' dir='ltr'>τοῖς</span> <span class='ocrx_word' id='word_1_11' title='bbox 587 485 742 534; x_wconf 84' lang='grc' dir='ltr'>γνησίοις</span> <span class='ocrx_word' id='word_1_12' title='bbox 759 483 838 521; x_wconf 80' lang='grc' dir='ltr'>ἴσον</span> <span class='ocrx_word' id='word_1_13' title='bbox 856 484 981 522; x_wconf 74' lang='grc' dir='ltr'>σθένει.</span> 
     </span>
    </p>

    <p class='ocr_par' dir='ltr' id='par_1_4' title="bbox 159 539 1211 693">
     <span class='ocr_line' id='line_1_4' title="bbox 263 539 973 587; baseline -0.001 -12"><span class='ocrx_word' id='word_1_14' title='bbox 263 539 353 575; x_wconf 79' lang='grc' dir='ltr'>ἅπαν</span> <span class='ocrx_word' id='word_1_15' title='bbox 370 541 410 576; x_wconf 88' lang='grc' dir='ltr'>τὸ</span> <span class='ocrx_word' id='word_1_16' title='bbox 428 541 582 587; x_wconf 89' lang='grc' dir='ltr'>χρηστὸν</span> <span class='ocrx_word' id='word_1_17' title='bbox 599 539 744 587; x_wconf 81' lang='grc' dir='ltr'>γνησίαν</span> <span class='ocrx_word' id='word_1_18' title='bbox 762 540 833 586; x_wconf 80' lang='grc' dir='ltr'>ἔχει</span> <span class='ocrx_word' id='word_1_19' title='bbox 851 539 973 586; x_wconf 77' lang='grc' dir='ltr'>φύσιν.</span> 
     </span>
     <span class='ocr_line' id='line_1_5' title="bbox 159 590 1211 641; baseline 0 -13"><span class='ocrx_word' id='word_1_20' title='bbox 159 597 182 612; x_wconf 88' lang='lat'><strong>“</strong></span> <span class='ocrx_word' id='word_1_21' title='bbox 195 590 359 628; x_wconf 87' lang='lat' dir='ltr'>Versum</span> <span class='ocrx_word' id='word_1_22' title='bbox 384 591 541 628; x_wconf 80' lang='lat' dir='ltr'><strong>alterum</strong></span> <span class='ocrx_word' id='word_1_23' title='bbox 565 591 707 640; x_wconf 88' lang='lat' dir='ltr'>profert</span> <span class='ocrx_word' id='word_1_24' title='bbox 727 590 901 628; x_wconf 86' lang='lat' dir='ltr'><strong>Clemens</strong></span> <span class='ocrx_word' id='word_1_25' title='bbox 922 591 1061 629; x_wconf 86' lang='lat' dir='ltr'><strong>Strom.</strong></span> <span class='ocrx_word' id='word_1_26' title='bbox 1081 590 1153 629; x_wconf 93' lang='lat' dir='ltr'>VI.</span> <span class='ocrx_word' id='word_1_27' title='bbox 1173 604 1211 641; x_wconf 93' lang='lat' dir='ltr'>p.</span> 
     </span>
     <span class='ocr_line' id='line_1_6' title="bbox 159 644 870 693; baseline -0.001 -10"><span class='ocrx_word' id='word_1_28' title='bbox 159 647 249 683; x_wconf 89' lang='lat'><strong>741.</strong></span> <span class='ocrx_word' id='word_1_29' title='bbox 270 645 335 681; x_wconf 91' lang='lat' dir='ltr'>sed</span> <span class='ocrx_word' id='word_1_30' title='bbox 354 644 657 693; x_wconf 85' lang='lat' dir='ltr'><strong>interpolatum.&#39;’</strong></span> <span class='ocrx_word' id='word_1_31' title='bbox 686 644 870 682; x_wconf 69' lang='lat' dir='ltr'>Bauncx.</span> 
     </span>
    </p>

    <p class='ocr_par' dir='ltr' id='par_1_5' title="bbox 215 697 1212 746">
     <span class='ocr_line' id='line_1_7' title="bbox 215 697 1212 746; baseline 0 -12"><span class='ocrx_word' id='word_1_32' title='bbox 215 699 300 735; x_wconf 90' lang='lat'>109.</span> <span class='ocrx_word' id='word_1_33' title='bbox 331 697 503 734; x_wconf 82' lang='lat' dir='ltr'><strong>Stobaeus</strong></span> <span class='ocrx_word' id='word_1_34' title='bbox 527 697 634 741; x_wconf 91' lang='lat' dir='ltr'>XCI,</span> <span class='ocrx_word' id='word_1_35' title='bbox 660 698 723 736; x_wconf 90' lang='lat'>27.</span> <span class='ocrx_word' id='word_1_36' title='bbox 745 703 782 735; x_wconf 86' lang='lat' dir='ltr'>et</span> <span class='ocrx_word' id='word_1_37' title='bbox 810 698 860 745; x_wconf 89' lang='lat' dir='ltr'>(v.</span> <span class='ocrx_word' id='word_1_38' title='bbox 882 699 1045 746; x_wconf 85' lang='lat'>6—12.)</span> <span class='ocrx_word' id='word_1_39' title='bbox 1066 699 1212 736; x_wconf 86' lang='lat' dir='ltr'><strong>Plutar-</strong></span> 
     </span>
    </p>

    <p class='ocr_par' dir='ltr' id='par_1_6' title="bbox 158 750 553 799">
     <span class='ocr_line' id='line_1_8' title="bbox 158 750 553 799; baseline 0 -11"><span class='ocrx_word' id='word_1_40' title='bbox 158 751 251 789; x_wconf 85' lang='lat' dir='ltr'><strong>chus</strong></span> <span class='ocrx_word' id='word_1_41' title='bbox 270 750 407 787; x_wconf 89' lang='lat' dir='ltr'>Moral.</span> <span class='ocrx_word' id='word_1_42' title='bbox 428 764 465 799; x_wconf 92' lang='lat' dir='ltr'>p.</span> <span class='ocrx_word' id='word_1_43' title='bbox 491 753 553 788; x_wconf 91' lang='lat'>21.</span> 
     </span>
    </p>

    <p class='ocr_par' dir='ltr' id='par_1_7' title="bbox 263 805 1047 854">
     <span class='ocr_line' id='line_1_9' title="bbox 263 805 1047 854; baseline 0.004 -13"><span class='ocrx_word' id='word_1_44' title='bbox 263 807 313 842; x_wconf 86' lang='grc' dir='ltr'>Τὰ</span> <span class='ocrx_word' id='word_1_45' title='bbox 331 805 473 854; x_wconf 81' lang='grc' dir='ltr'>χρήματ’</span> <span class='ocrx_word' id='word_1_46' title='bbox 493 806 724 854; x_wconf 82' lang='grc' dir='ltr'>ἀνθρώποισιν</span> <span class='ocrx_word' id='word_1_47' title='bbox 742 807 891 854; x_wconf 80' lang='grc' dir='ltr'>εὑρίσκει</span> <span class='ocrx_word' id='word_1_48' title='bbox 910 808 1047 854; x_wconf 80' lang='grc' dir='ltr'>φίλους,</span> 
     </span>
    </p>

    <p class='ocr_par' dir='ltr' id='par_1_8' title="bbox 264 858 916 909">
     <span class='ocr_line' id='line_1_10' title="bbox 264 858 916 909; baseline 0.005 -14"><span class='ocrx_word' id='word_1_49' title='bbox 264 859 360 897; x_wconf 78' lang='grc' dir='ltr'>αὖθις</span> <span class='ocrx_word' id='word_1_50' title='bbox 379 861 416 896; x_wconf 79' lang='grc' dir='ltr'>δὲ</span> <span class='ocrx_word' id='word_1_51' title='bbox 434 861 543 906; x_wconf 82' lang='grc' dir='ltr'>τιμὰς,</span> <span class='ocrx_word' id='word_1_52' title='bbox 564 858 636 896; x_wconf 79' lang='grc' dir='ltr'>εἶτα</span> <span class='ocrx_word' id='word_1_53' title='bbox 653 862 712 906; x_wconf 87' lang='grc' dir='ltr'>τῆς</span> <span class='ocrx_word' id='word_1_54' title='bbox 730 861 916 909; x_wconf 86' lang='grc' dir='ltr'>ὑπερτάτης</span> 
     </span>
    </p>

    <p class='ocr_par' dir='ltr' id='par_1_9' title="bbox 266 915 977 962">
     <span class='ocr_line' id='line_1_11' title="bbox 266 915 977 962; baseline 0.001 -13"><span class='ocrx_word' id='word_1_55' title='bbox 266 915 460 962; x_wconf 81' lang='grc' dir='ltr'>τυραννίδος</span> <span class='ocrx_word' id='word_1_56' title='bbox 479 915 641 950; x_wconf 82' lang='grc' dir='ltr'>θακοῦσιν</span> <span class='ocrx_word' id='word_1_57' title='bbox 659 915 846 961; x_wconf 78' lang='grc' dir='ltr'>αἰσχίστην</span> <span class='ocrx_word' id='word_1_58' title='bbox 864 916 977 962; x_wconf 87' lang='grc' dir='ltr'>ἕδραν.</span> 
     </span>
    </p>

    <p class='ocr_par' dir='ltr' id='par_1_10' title="bbox 266 967 938 1016">
     <span class='ocr_line' id='line_1_12' title="bbox 266 967 938 1016; baseline -0.001 -12"><span class='ocrx_word' id='word_1_59' title='bbox 266 970 382 1004; x_wconf 71' lang='grc' dir='ltr'>ἔπειτα</span> <span class='ocrx_word' id='word_1_60' title='bbox 399 968 429 1004; x_wconf 85' lang='grc' dir='ltr'>δ’</span> <span class='ocrx_word' id='word_1_61' title='bbox 449 969 560 1005; x_wconf 78' lang='grc' dir='ltr'>οὐδεὶς</span> <span class='ocrx_word' id='word_1_62' title='bbox 578 967 700 1016; x_wconf 79' lang='grc' dir='ltr'>ἐχθρὸς</span> <span class='ocrx_word' id='word_1_63' title='bbox 719 972 796 1005; x_wconf 82' lang='grc' dir='ltr'>οὕτε</span> <span class='ocrx_word' id='word_1_64' title='bbox 814 968 938 1016; x_wconf 78' lang='grc' dir='ltr'>φύεται</span> 
     </span>
    </p>

    <p class='ocr_par' dir='ltr' id='par_1_11' title="bbox 263 1021 1131 1070">
     <span class='ocr_line' id='line_1_13' title="bbox 263 1021 1131 1070; baseline 0 -13"><span class='ocrx_word' id='word_1_65' title='bbox 263 1023 350 1069; x_wconf 86' lang='grc' dir='ltr'>πρὸς</span> <span class='ocrx_word' id='word_1_66' title='bbox 367 1021 516 1070; x_wconf 81' lang='grc' dir='ltr'>χρήμαθ’</span> <span class='ocrx_word' id='word_1_67' title='bbox 537 1021 571 1058; x_wconf 82' lang='grc' dir='ltr'>οἵ</span> <span class='ocrx_word' id='word_1_68' title='bbox 586 1038 623 1059; x_wconf 89' lang='grc' dir='ltr'>τε</span> <span class='ocrx_word' id='word_1_69' title='bbox 641 1022 766 1069; x_wconf 82' lang='grc' dir='ltr'>φύντες</span> <span class='ocrx_word' id='word_1_70' title='bbox 784 1023 961 1070; x_wconf 84' lang='grc' dir='ltr'>ἀρνοῦνται</span> <span class='ocrx_word' id='word_1_71' title='bbox 980 1023 1131 1070; x_wconf 81' lang='grc' dir='ltr'>στυγεῖν.</span> 
     </span>
    </p>

    <p class='ocr_par' dir='ltr' id='par_1_12' title="bbox 266 1077 1010 1123">
     <span class='ocr_line' id='line_1_14' title="bbox 266 1077 1010 1123; baseline 0 -12"><span class='ocrx_word' id='word_1_72' title='bbox 266 1077 375 1113; x_wconf 85' lang='grc' dir='ltr'>δεινὸς</span> <span class='ocrx_word' id='word_1_73' title='bbox 391 1077 457 1123; x_wconf 85' lang='grc' dir='ltr'>γὰρ</span> <span class='ocrx_word' id='word_1_74' title='bbox 476 1077 589 1123; x_wconf 85' lang='grc' dir='ltr'>ἕρπειν</span> <span class='ocrx_word' id='word_1_75' title='bbox 606 1078 754 1113; x_wconf 83' lang='grc' dir='ltr'>πλοῦτος</span> <span class='ocrx_word' id='word_1_76' title='bbox 772 1078 806 1114; x_wconf 82' lang='grc' dir='ltr'>ἕς</span> <span class='ocrx_word' id='word_1_77' title='bbox 824 1092 860 1112; x_wconf 91' lang='grc' dir='ltr'>τε</span> <span class='ocrx_word' id='word_1_78' title='bbox 878 1077 1010 1119; x_wconf 74' lang='grc' dir='ltr'>τᾶβατα</span> 
     </span>
    </p>

    <p class='ocr_par' dir='ltr' id='par_1_13' title="bbox 266 1129 983 1178">
     <span class='ocr_line' id='line_1_15' title="bbox 266 1129 983 1178; baseline -0.007 -11"><span class='ocrx_word' id='word_1_79' title='bbox 266 1132 320 1167; x_wconf 80' lang='grc' dir='ltr'>καὶ</span> <span class='ocrx_word' id='word_1_80' title='bbox 337 1132 423 1178; x_wconf 84' lang='grc' dir='ltr'>πρὸς</span> <span class='ocrx_word' id='word_1_81' title='bbox 439 1130 585 1174; x_wconf 79' lang='grc' dir='ltr'>Βέβηλα,</span> <span class='ocrx_word' id='word_1_82' title='bbox 603 1131 761 1176; x_wconf 87' lang='grc' dir='ltr'>χώπόθεν</span> <span class='ocrx_word' id='word_1_83' title='bbox 778 1129 882 1174; x_wconf 84' lang='grc' dir='ltr'>πένης</span> <span class='ocrx_word' id='word_1_84' title='bbox 901 1129 983 1175; x_wconf 81' lang='grc' dir='ltr'>ἀνὴρ</span> 
     </span>
    </p>

    <p class='ocr_par' dir='ltr' id='par_1_14' title="bbox 266 1183 996 1230">
     <span class='ocr_line' id='line_1_16' title="bbox 266 1183 996 1230; baseline -0.003 -11"><span class='ocrx_word' id='word_1_85' title='bbox 266 1184 341 1230; x_wconf 85' lang='grc' dir='ltr'>μηδ’</span> <span class='ocrx_word' id='word_1_86' title='bbox 362 1185 510 1230; x_wconf 83' lang='grc' dir='ltr'>ἐντυχὼν</span> <span class='ocrx_word' id='word_1_87' title='bbox 528 1183 651 1219; x_wconf 79' lang='grc' dir='ltr'>δύναιτ’</span> <span class='ocrx_word' id='word_1_88' title='bbox 671 1185 712 1218; x_wconf 88' lang='grc' dir='ltr'>ἂν</span> <span class='ocrx_word' id='word_1_89' title='bbox 730 1184 775 1218; x_wconf 76' lang='grc' dir='ltr'>ὧν</span> <span class='ocrx_word' id='word_1_90' title='bbox 793 1184 852 1229; x_wconf 83' lang='grc' dir='ltr'>ε’ρᾷ</span> <span class='ocrx_word' id='word_1_91' title='bbox 870 1186 996 1229; x_wconf 83' lang='grc' dir='ltr'>τυχεῖν.</span> 
     </span>
    </p>

    <p class='ocr_par' dir='ltr' id='par_1_15' title="bbox 268 1238 997 1285">
     <span class='ocr_line' id='line_1_17' title="bbox 268 1238 997 1285; baseline -0.003 -11"><span class='ocrx_word' id='word_1_92' title='bbox 268 1239 321 1274; x_wconf 81' lang='grc' dir='ltr'>καὶ</span> <span class='ocrx_word' id='word_1_93' title='bbox 339 1239 405 1285; x_wconf 85' lang='grc' dir='ltr'>γὰρ</span> <span class='ocrx_word' id='word_1_94' title='bbox 425 1239 579 1274; x_wconf 78' lang='grc' dir='ltr'>δυσειδὲς</span> <span class='ocrx_word' id='word_1_95' title='bbox 598 1241 698 1283; x_wconf 82' lang='grc' dir='ltr'>σῶμα</span> <span class='ocrx_word' id='word_1_96' title='bbox 714 1238 768 1272; x_wconf 87' lang='grc' dir='ltr'>καὶ</span> <span class='ocrx_word' id='word_1_97' title='bbox 786 1238 997 1283; x_wconf 88' lang='grc' dir='ltr'>δυσώνυμον,</span> 
     </span>
    </p>

    <p class='ocr_par' dir='ltr' id='par_1_16' title="bbox 265 1289 1213 1339">
     <span class='ocr_line' id='line_1_18' title="bbox 265 1289 1213 1339; baseline -0.005 -11"><span class='ocrx_word' id='word_1_98' title='bbox 265 1294 413 1339; x_wconf 88' lang='grc' dir='ltr'>γλώσσῃ</span> <span class='ocrx_word' id='word_1_99' title='bbox 434 1293 550 1338; x_wconf 90' lang='grc' dir='ltr'>σοφὸν</span> <span class='ocrx_word' id='word_1_100' title='bbox 567 1292 702 1336; x_wconf 89' lang='grc' dir='ltr'>τίθησιν</span> <span class='ocrx_word' id='word_1_101' title='bbox 721 1292 895 1338; x_wconf 75' lang='grc' dir='ltr'>εὔμορφόν</span> <span class='ocrx_word' id='word_1_102' title='bbox 913 1291 942 1326; x_wconf 85' lang='grc' dir='ltr'>τ’</span> <span class='ocrx_word' id='word_1_103' title='bbox 962 1292 1053 1327; x_wconf 78' lang='grc' dir='ltr'>ἰδεῖν.</span> <span class='ocrx_word' id='word_1_104' title='bbox 1167 1289 1213 1324; x_wconf 86' lang='grc'>10</span> 
     </span>
    </p>

    <p class='ocr_par' dir='ltr' id='par_1_17' title="bbox 266 1344 926 1395">
     <span class='ocr_line' id='line_1_19' title="bbox 266 1344 926 1395; baseline -0.005 -13"><span class='ocrx_word' id='word_1_105' title='bbox 266 1348 358 1395; x_wconf 89' lang='grc' dir='ltr'>μόνῳ</span> <span class='ocrx_word' id='word_1_106' title='bbox 377 1347 414 1382; x_wconf 83' lang='grc' dir='ltr'>δέ</span> <span class='ocrx_word' id='word_1_107' title='bbox 431 1346 563 1393; x_wconf 89' lang='grc' dir='ltr'>χαίρειν</span> <span class='ocrx_word' id='word_1_108' title='bbox 581 1346 634 1381; x_wconf 84' lang='grc' dir='ltr'>καὶ</span> <span class='ocrx_word' id='word_1_109' title='bbox 653 1347 768 1381; x_wconf 81' lang='grc' dir='ltr'>νοσεῖν</span> <span class='ocrx_word' id='word_1_110' title='bbox 785 1344 926 1389; x_wconf 81' lang='grc' dir='ltr'>ἐξουσία</span> 
     </span>
    </p>

    <p class='ocr_par' dir='ltr' id='par_1_18' title="bbox 266 1399 951 1448">
     <span class='ocr_line' id='line_1_20' title="bbox 266 1399 951 1448; baseline -0.004 -13"><span class='ocrx_word' id='word_1_111' title='bbox 266 1401 432 1448; x_wconf 88' lang='grc' dir='ltr'>πάρεστιν</span> <span class='ocrx_word' id='word_1_112' title='bbox 450 1400 539 1448; x_wconf 80' lang='grc' dir='ltr'>αὐτῷ</span> <span class='ocrx_word' id='word_1_113' title='bbox 558 1399 839 1446; x_wconf 77' lang='grc' dir='ltr'>κᾶπικρύψασθαι</span> <span class='ocrx_word' id='word_1_114' title='bbox 858 1399 951 1433; x_wconf 90' lang='grc' dir='ltr'>κακά.</span> 
     </span>
    </p>
   </div>
   <div class='ocr_carea' id='block_1_4' title="bbox 218 1450 1214 1499">
    <p class='ocr_par' dir='ltr' id='par_1_19' title="bbox 218 1450 1214 1499">
     <span class='ocr_line' id='line_1_21' title="bbox 218 1450 1214 1499; baseline -0.001 -12"><span class='ocrx_word' id='word_1_115' title='bbox 218 1452 303 1488; x_wconf 82' lang='grc'>110.</span> <span class='ocrx_word' id='word_1_116' title='bbox 327 1451 501 1488; x_wconf 82' lang='lat' dir='ltr'><strong>AElianus</strong></span> <span class='ocrx_word' id='word_1_117' title='bbox 520 1451 572 1488; x_wconf 90' lang='lat' dir='ltr'>N.</span> <span class='ocrx_word' id='word_1_118' title='bbox 594 1452 644 1488; x_wconf 93' lang='lat' dir='ltr'>A.</span> <span class='ocrx_word' id='word_1_119' title='bbox 665 1451 756 1493; x_wconf 87' lang='lat' dir='ltr'>VII,</span> <span class='ocrx_word' id='word_1_120' title='bbox 779 1452 839 1487; x_wconf 87' lang='lat'>39.</span> <span class='ocrx_word' id='word_1_121' title='bbox 863 1451 969 1488; x_wconf 81' lang='grc' dir='ltr'>’Ὅσοι</span> <span class='ocrx_word' id='word_1_122' title='bbox 993 1451 1138 1499; x_wconf 83' lang='grc' dir='ltr'>λέγουσι</span> <span class='ocrx_word' id='word_1_123' title='bbox 1157 1450 1214 1495; x_wconf 87' lang='grc' dir='ltr'>θῆ-</span> 
     </span>
    </p>
   </div>
   <div class='ocr_carea' id='block_1_5' title="bbox 161 1505 1217 1554">
    <p class='ocr_par' dir='ltr' id='par_1_20' title="bbox 161 1505 1217 1554">
     <span class='ocr_line' id='line_1_22' title="bbox 161 1505 1217 1554; baseline -0.003 -12"><span class='ocrx_word' id='word_1_124' title='bbox 161 1508 224 1542; x_wconf 89' lang='grc' dir='ltr'>λυν</span> <span class='ocrx_word' id='word_1_125' title='bbox 240 1506 376 1554; x_wconf 79' lang='grc' dir='ltr'>ἔλαφον</span> <span class='ocrx_word' id='word_1_126' title='bbox 393 1508 434 1542; x_wconf 90' lang='grc' dir='ltr'>τὰ</span> <span class='ocrx_word' id='word_1_127' title='bbox 452 1508 574 1554; x_wconf 86' lang='grc' dir='ltr'>κέρατα</span> <span class='ocrx_word' id='word_1_128' title='bbox 592 1507 631 1542; x_wconf 83' lang='grc' dir='ltr'>οὐ</span> <span class='ocrx_word' id='word_1_129' title='bbox 650 1505 762 1553; x_wconf 82' lang='grc' dir='ltr'>φύειν,</span> <span class='ocrx_word' id='word_1_130' title='bbox 782 1506 842 1541; x_wconf 80' lang='grc' dir='ltr'>οὐκ</span> <span class='ocrx_word' id='word_1_131' title='bbox 867 1506 1038 1542; x_wconf 81' lang='grc' dir='ltr'>αἰδοῦνται</span> <span class='ocrx_word' id='word_1_132' title='bbox 1059 1506 1139 1542; x_wconf 80' lang='grc' dir='ltr'>τοὺς</span> <span class='ocrx_word' id='word_1_133' title='bbox 1156 1506 1217 1540; x_wconf 90' lang='grc' dir='ltr'>τοῦ</span> 
     </span>
    </p>
   </div>
   <div class='ocr_carea' id='block_1_6' title="bbox 161 1560 1139 2040">
    <p class='ocr_par' dir='ltr' id='par_1_21' title="bbox 161 1560 1139 2040">
     <span class='ocr_line' id='line_1_23' title="bbox 161 1560 965 1608; baseline -0.001 -12"><span class='ocrx_word' id='word_1_134' title='bbox 161 1561 312 1596; x_wconf 81' lang='grc' dir='ltr'>ἐναντίου</span> <span class='ocrx_word' id='word_1_135' title='bbox 328 1562 510 1608; x_wconf 90' lang='grc' dir='ltr'>μάρτυρας·</span> <span class='ocrx_word' id='word_1_136' title='bbox 542 1561 721 1608; x_wconf 86' lang='grc' dir='ltr'>Σοφοκλέα</span> <span class='ocrx_word' id='word_1_137' title='bbox 738 1560 800 1606; x_wconf 77' lang='grc' dir='ltr'>μὲν</span> <span class='ocrx_word' id='word_1_138' title='bbox 818 1560 965 1601; x_wconf 84' lang='grc' dir='ltr'>εἷπόντα,</span> 
     </span>
     <span class='ocr_line' id='line_1_24' title="bbox 268 1613 1039 1663; baseline -0.001 -12"><span class='ocrx_word' id='word_1_139' title='bbox 268 1616 385 1662; x_wconf 85' lang='grc' dir='ltr'>Νομὰς</span> <span class='ocrx_word' id='word_1_140' title='bbox 403 1615 442 1650; x_wconf 87' lang='grc' dir='ltr'>δέ</span> <span class='ocrx_word' id='word_1_141' title='bbox 458 1630 509 1652; x_wconf 90' lang='grc' dir='ltr'>τις</span> <span class='ocrx_word' id='word_1_142' title='bbox 527 1614 687 1663; x_wconf 85' lang='grc' dir='ltr'>κεροῦσσ’</span> <span class='ocrx_word' id='word_1_143' title='bbox 706 1613 761 1650; x_wconf 82' lang='grc' dir='ltr'>ἀπ’</span> <span class='ocrx_word' id='word_1_144' title='bbox 781 1614 905 1662; x_wconf 85' lang='grc' dir='ltr'>ὀρθίων</span> <span class='ocrx_word' id='word_1_145' title='bbox 921 1614 1039 1661; x_wconf 83' lang='grc' dir='ltr'>πάγων</span> 
     </span>
     <span class='ocr_line' id='line_1_25' title="bbox 268 1669 608 1717; baseline 0 -13"><span class='ocrx_word' id='word_1_146' title='bbox 268 1669 445 1717; x_wconf 83' lang='grc' dir='ltr'>καθεῖρπεν</span> <span class='ocrx_word' id='word_1_147' title='bbox 462 1670 608 1716; x_wconf 80' lang='grc' dir='ltr'>ἔλαφος.</span> 
     </span>
     <span class='ocr_line' id='line_1_26' title="bbox 163 1723 336 1760; baseline 0 -2"><span class='ocrx_word' id='word_1_148' title='bbox 163 1723 215 1759; x_wconf 78' lang='grc' dir='ltr'>καὶ</span> <span class='ocrx_word' id='word_1_149' title='bbox 233 1724 336 1760; x_wconf 86' lang='grc' dir='ltr'>πάλιν</span> 
     </span>
     <span class='ocr_line' id='line_1_27' title="bbox 260 1775 936 1825; baseline 0 -12"><span class='ocrx_word' id='word_1_150' title='bbox 260 1777 399 1825; x_wconf 82' lang='grc' dir='ltr'>Ἀράσα</span> <span class='ocrx_word' id='word_1_151' title='bbox 415 1776 523 1824; x_wconf 77' lang='grc' dir='ltr'>μῦξας</span> <span class='ocrx_word' id='word_1_152' title='bbox 540 1775 563 1798; x_wconf 60' lang='lat'>³*</span> <span class='ocrx_word' id='word_1_153' title='bbox 583 1776 605 1798; x_wconf 61' lang='lat'>²¹⁶</span> <span class='ocrx_word' id='word_1_154' title='bbox 625 1778 678 1813; x_wconf 81' lang='grc' dir='ltr'>καὶ</span> <span class='ocrx_word' id='word_1_155' title='bbox 697 1777 936 1824; x_wconf 86' lang='grc' dir='ltr'>κερασφόρους</span> 
     </span>
     <span class='ocr_line' id='line_1_28' title="bbox 269 1830 746 1879; baseline -0.002 -12"><span class='ocrx_word' id='word_1_156' title='bbox 269 1832 485 1879; x_wconf 87' lang='grc' dir='ltr'>στόρθυγγας</span> <span class='ocrx_word' id='word_1_157' title='bbox 502 1830 593 1879; x_wconf 79' lang='grc' dir='ltr'>εῗρφ’</span> <span class='ocrx_word' id='word_1_158' title='bbox 614 1831 746 1877; x_wconf 82' lang='grc' dir='ltr'>ἕκηλος.</span> 
     </span>
     <span class='ocr_line' id='line_1_29' title="bbox 163 1884 1064 1932; baseline -0.003 -12"><span class='ocrx_word' id='word_1_159' title='bbox 163 1885 215 1920; x_wconf 77' lang='grc' dir='ltr'>καὶ</span> <span class='ocrx_word' id='word_1_160' title='bbox 233 1889 337 1922; x_wconf 87' lang='grc' dir='ltr'>ταῦτα</span> <span class='ocrx_word' id='word_1_161' title='bbox 355 1887 416 1930; x_wconf 81' lang='grc' dir='ltr'>μὲν</span> <span class='ocrx_word' id='word_1_162' title='bbox 434 1888 453 1920; x_wconf 90' lang='grc' dir='ltr'>ὁ</span> <span class='ocrx_word' id='word_1_163' title='bbox 471 1889 532 1921; x_wconf 90' lang='grc' dir='ltr'>τοῦ</span> <span class='ocrx_word' id='word_1_164' title='bbox 550 1886 705 1932; x_wconf 90' lang='grc' dir='ltr'>Σοφίλου</span> <span class='ocrx_word' id='word_1_165' title='bbox 724 1886 760 1920; x_wconf 83' lang='grc' dir='ltr'>ἐν</span> <span class='ocrx_word' id='word_1_166' title='bbox 776 1886 846 1921; x_wconf 82' lang='grc' dir='ltr'>τοῖς</span> <span class='ocrx_word' id='word_1_167' title='bbox 863 1884 1064 1920; x_wconf 80' lang='grc' dir='ltr'>Ἀλῳάδαις.</span> 
     </span>
     <span class='ocr_line' id='line_1_30' title="bbox 218 1935 1139 1987; baseline -0.003 -13"><span class='ocrx_word' id='word_1_168' title='bbox 218 1940 304 1975; x_wconf 84' lang='lat'>111.</span> <span class='ocrx_word' id='word_1_169' title='bbox 336 1937 561 1986; x_wconf 81' lang='lat' dir='ltr'>Hesychius,</span> <span class='ocrx_word' id='word_1_170' title='bbox 581 1938 824 1987; x_wconf 74' lang='grc' dir='ltr'>Ἐφυμνεῖςε</span> <span class='ocrx_word' id='word_1_171' title='bbox 855 1937 1000 1984; x_wconf 80' lang='grc' dir='ltr'>ἐπᾴδεις.</span> <span class='ocrx_word' id='word_1_172' title='bbox 1031 1943 1068 1972; x_wconf 91' lang='grc' dir='ltr'>Σ.</span> <span class='ocrx_word' id='word_1_173' title='bbox 1085 1935 1139 1972; x_wconf 87' lang='grc' dir='ltr'>Ἀ.</span> 
     </span>
     <span class='ocr_line' id='line_1_31' title="bbox 219 1991 904 2040; baseline -0.001 -12"><span class='ocrx_word' id='word_1_174' title='bbox 219 1993 304 2028; x_wconf 85' lang='grc'>112.</span> <span class='ocrx_word' id='word_1_175' title='bbox 335 1995 525 2040; x_wconf 74' lang='grc' dir='ltr'>Φρονεῖνε</span> <span class='ocrx_word' id='word_1_176' title='bbox 554 1991 639 2028; x_wconf 78' lang='lat' dir='ltr'><strong>vide</strong></span> <span class='ocrx_word' id='word_1_177' title='bbox 657 1991 791 2040; x_wconf 84' lang='lat' dir='ltr'>fragm.</span> <span class='ocrx_word' id='word_1_178' title='bbox 815 1993 904 2027; x_wconf 91' lang='lat'>121.</span> 
     </span>
    </p>
   </div>
   <div class='ocr_carea' id='block_1_7' title="bbox 579 2085 800 2115">
    <p class='ocr_par' dir='ltr' id='par_1_22' title="bbox 579 2085 800 2115">
     <span class='ocr_line' id='line_1_32' title="bbox 579 2085 800 2115; baseline -0.005 0"><span class='ocrx_word' id='word_1_179' title='bbox 579 2085 800 2115; x_wconf 87' lang='grc' dir='ltr'>ΑΜΥΚΟΣ.</span> 
     </span>
    </p>
   </div>
   <div class='ocr_carea' id='block_1_8' title="bbox 219 2127 1219 2197">
    <p class='ocr_par' dir='ltr' id='par_1_23' title="bbox 219 2127 1219 2197">
     <span class='ocr_line' id='line_1_33' title="bbox 219 2127 1219 2197; baseline -0.005 -12"><span class='ocrx_word' id='word_1_180' title='bbox 219 2150 304 2185; x_wconf 88' lang='lat'>113.</span> <span class='ocrx_word' id='word_1_181' title='bbox 334 2127 541 2185; x_wconf 55' lang='lat' dir='ltr'><strong>Athen‘aeus</strong></span> <span class='ocrx_word' id='word_1_182' title='bbox 569 2147 640 2185; x_wconf 82' lang='lat' dir='ltr'>IX.</span> <span class='ocrx_word' id='word_1_183' title='bbox 662 2161 699 2197; x_wconf 89' lang='lat' dir='ltr'>p.</span> <span class='ocrx_word' id='word_1_184' title='bbox 720 2150 799 2185; x_wconf 87' lang='lat'>400</span> <span class='ocrx_word' id='word_1_185' title='bbox 817 2147 855 2184; x_wconf 91' lang='lat' dir='ltr'>b.</span> <span class='ocrx_word' id='word_1_186' title='bbox 884 2150 931 2193; x_wconf 78' lang='grc' dir='ltr'>Τῇ</span> <span class='ocrx_word' id='word_1_187' title='bbox 961 2147 997 2183; x_wconf 65' lang='grc' dir='ltr'>δὲ</span> <span class='ocrx_word' id='word_1_188' title='bbox 1024 2147 1084 2182; x_wconf 69' lang='grc' dir='ltr'>τὸν</span> <span class='ocrx_word' id='word_1_189' title='bbox 1109 2143 1219 2194; x_wconf 64' lang='grc' dir='ltr'>λαγὸν</span> 
     </span>
    </p>
   </div>
   <div class='ocr_carea' id='block_1_9' title="bbox 162 2200 1219 2250">
    <p class='ocr_par' dir='ltr' id='par_1_24' title="bbox 162 2200 1219 2250">
     <span class='ocr_line' id='line_1_34' title="bbox 162 2200 1219 2250; baseline -0.004 -12"><span class='ocrx_word' id='word_1_190' title='bbox 162 2205 249 2249; x_wconf 79' lang='grc' dir='ltr'>ἑνικῇ</span> <span class='ocrx_word' id='word_1_191' title='bbox 281 2204 442 2249; x_wconf 81' lang='grc' dir='ltr'>αἰτιατικῇ</span> <span class='ocrx_word' id='word_1_192' title='bbox 471 2204 659 2240; x_wconf 84' lang='grc' dir='ltr'>ἀκόλουθός</span> <span class='ocrx_word' id='word_1_193' title='bbox 690 2204 785 2239; x_wconf 86' lang='grc' dir='ltr'>ἐστιν</span> <span class='ocrx_word' id='word_1_194' title='bbox 811 2202 831 2247; x_wconf 87' lang='grc' dir='ltr'>ἡ</span> <span class='ocrx_word' id='word_1_195' title='bbox 858 2202 950 2250; x_wconf 83' lang='grc' dir='ltr'>παρὰ</span> <span class='ocrx_word' id='word_1_196' title='bbox 982 2202 1153 2247; x_wconf 87' lang='grc' dir='ltr'>Σοφοκλεῖ</span> <span class='ocrx_word' id='word_1_197' title='bbox 1184 2200 1219 2235; x_wconf 84' lang='grc' dir='ltr'>ἐν</span> 
     </span>
    </p>
   </div>
   <div class='ocr_carea' id='block_1_10' title="bbox 161 2256 1055 2359">
    <p class='ocr_par' dir='ltr' id='par_1_25' title="bbox 161 2256 1055 2359">
     <span class='ocr_line' id='line_1_35' title="bbox 161 2256 933 2306; baseline -0.004 -13"><span class='ocrx_word' id='word_1_198' title='bbox 161 2257 295 2306; x_wconf 80' lang='grc' dir='ltr'>Ἀμῦκῷ</span> <span class='ocrx_word' id='word_1_199' title='bbox 315 2260 485 2306; x_wconf 77' lang='grc' dir='ltr'>σατυρικῷ</span> <span class='ocrx_word' id='word_1_200' title='bbox 502 2258 708 2303; x_wconf 89' lang='grc' dir='ltr'>πληθυντικὴ</span> <span class='ocrx_word' id='word_1_201' title='bbox 728 2256 933 2302; x_wconf 85' lang='grc' dir='ltr'>ὀνομαστικὴ</span> 
     </span>
     <span class='ocr_line' id='line_1_36' title="bbox 268 2308 1055 2359; baseline -0.005 -12"><span class='ocrx_word' id='word_1_202' title='bbox 268 2311 419 2359; x_wconf 72' lang='grc' dir='ltr'>Γέρανοι,</span> <span class='ocrx_word' id='word_1_203' title='bbox 438 2314 596 2358; x_wconf 85' lang='grc' dir='ltr'>χελῶναι,</span> <span class='ocrx_word' id='word_1_204' title='bbox 616 2314 772 2358; x_wconf 83' lang='grc' dir='ltr'>γλαῦκες,</span> <span class='ocrx_word' id='word_1_205' title='bbox 793 2311 922 2352; x_wconf 86' lang='grc' dir='ltr'>ἷκτῖνοι,</span> <span class='ocrx_word' id='word_1_206' title='bbox 942 2308 1055 2356; x_wconf 90' lang='grc' dir='ltr'>λαγοί.</span> 
     </span>
    </p>
   </div>
   <div class='ocr_carea' id='block_1_11' title="bbox 162 2359 1218 2572">
    <p class='ocr_par' dir='ltr' id='par_1_26' title="bbox 162 2359 1218 2572">
     <span class='ocr_line' id='line_1_37' title="bbox 163 2359 1216 2412; baseline -0.005 -12"><span class='ocrx_word' id='word_1_207' title='bbox 163 2365 280 2401; x_wconf 87' lang='grc' dir='ltr'>ἷκτῖνοι</span> <span class='ocrx_word' id='word_1_208' title='bbox 305 2363 488 2412; x_wconf 80' lang='lat' dir='ltr'>epitome:</span> <span class='ocrx_word' id='word_1_209' title='bbox 530 2364 617 2400; x_wconf 87' lang='lat' dir='ltr'><strong>edit.</strong></span> <span class='ocrx_word' id='word_1_210' title='bbox 645 2363 737 2400; x_wconf 88' lang='lat' dir='ltr'>Ald.</span> <span class='ocrx_word' id='word_1_211' title='bbox 775 2363 905 2400; x_wconf 72' lang='grc' dir='ltr'>ἰ’κτινοι.</span> <span class='ocrx_word' id='word_1_212' title='bbox 937 2363 1056 2399; x_wconf 80' lang='grc' dir='ltr'>ἰκτῖνες</span> <span class='ocrx_word' id='word_1_213' title='bbox 1082 2359 1216 2396; x_wconf 76' lang='lat' dir='ltr'><strong>Eusta-</strong></span> 
     </span>
     <span class='ocr_line' id='line_1_38' title="bbox 162 2413 1215 2465; baseline -0.005 -12"><span class='ocrx_word' id='word_1_214' title='bbox 162 2417 263 2454; x_wconf 88' lang='lat' dir='ltr'><strong>thius</strong></span> <span class='ocrx_word' id='word_1_215' title='bbox 289 2429 326 2465; x_wconf 92' lang='lat' dir='ltr'>p.</span> <span class='ocrx_word' id='word_1_216' title='bbox 360 2418 472 2458; x_wconf 87' lang='lat'>1534,</span> <span class='ocrx_word' id='word_1_217' title='bbox 504 2419 566 2454; x_wconf 91' lang='lat'>15.</span> <span class='ocrx_word' id='word_1_218' title='bbox 597 2419 713 2454; x_wconf 81' lang='grc' dir='ltr'>ἰκτῖνοι</span> <span class='ocrx_word' id='word_1_219' title='bbox 741 2419 794 2453; x_wconf 85' lang='grc' dir='ltr'>καὶ</span> <span class='ocrx_word' id='word_1_220' title='bbox 825 2414 1090 2465; x_wconf 87' lang='lat' dir='ltr'><strong>grammaticus</strong></span> <span class='ocrx_word' id='word_1_221' title='bbox 1118 2413 1215 2449; x_wconf 86' lang='lat' dir='ltr'><strong>Her-</strong></span> 
     </span>
     <span class='ocr_line' id='line_1_39' title="bbox 162 2466 1218 2519; baseline -0.004 -13"><span class='ocrx_word' id='word_1_222' title='bbox 162 2470 289 2507; x_wconf 83' lang='lat' dir='ltr'><strong>manni</strong></span> <span class='ocrx_word' id='word_1_223' title='bbox 320 2483 356 2518; x_wconf 88' lang='lat' dir='ltr'>p.</span> <span class='ocrx_word' id='word_1_224' title='bbox 387 2472 477 2506; x_wconf 89' lang='lat'>320.</span> <span class='ocrx_word' id='word_1_225' title='bbox 507 2472 590 2508; x_wconf 80' lang='grc' dir='ltr'>ἷκτὶς</span> <span class='ocrx_word' id='word_1_226' title='bbox 617 2472 670 2507; x_wconf 84' lang='grc' dir='ltr'>καὶ</span> <span class='ocrx_word' id='word_1_227' title='bbox 702 2468 966 2519; x_wconf 87' lang='lat' dir='ltr'><strong>grammaticus</strong></span> <span class='ocrx_word' id='word_1_228' title='bbox 999 2466 1087 2504; x_wconf 82' lang='lat' dir='ltr'>MS.</span> <span class='ocrx_word' id='word_1_229' title='bbox 1118 2466 1218 2515; x_wconf 91' lang='lat' dir='ltr'><strong>apud</strong></span> 
     </span>
     <span class='ocr_line' id='line_1_40' title="bbox 162 2522 1217 2572; baseline -0.002 -13"><span class='ocrx_word' id='word_1_230' title='bbox 162 2522 404 2560; x_wconf 90' lang='lat' dir='ltr'><strong>Brunckium.</strong></span> <span class='ocrx_word' id='word_1_231' title='bbox 447 2523 651 2560; x_wconf 89' lang='lat' dir='ltr'><strong>Athenaeus</strong></span> <span class='ocrx_word' id='word_1_232' title='bbox 674 2522 788 2572; x_wconf 89' lang='lat' dir='ltr'><strong>paulo</strong></span> <span class='ocrx_word' id='word_1_233' title='bbox 811 2527 907 2571; x_wconf 90' lang='lat' dir='ltr'><strong>post,</strong></span> <span class='ocrx_word' id='word_1_234' title='bbox 926 2523 1070 2571; x_wconf 81' lang='grc' dir='ltr'>λέγουσι</span> <span class='ocrx_word' id='word_1_235' title='bbox 1098 2522 1136 2557; x_wconf 81' lang='grc' dir='ltr'>δὲ</span> <span class='ocrx_word' id='word_1_236' title='bbox 1163 2522 1217 2557; x_wconf 84' lang='grc' dir='ltr'>καὶ</span> 
     </span>
    </p>
   </div>
   <div class='ocr_carea' id='block_1_12' title="bbox 162 2577 899 2680">
    <p class='ocr_par' dir='ltr' id='par_1_27' title="bbox 162 2577 899 2680">
     <span class='ocr_line' id='line_1_41' title="bbox 162 2577 743 2626; baseline -0.002 -12"><span class='ocrx_word' id='word_1_237' title='bbox 162 2577 308 2614; x_wconf 82' lang='grc' dir='ltr'>Ἀττικοὶ</span> <span class='ocrx_word' id='word_1_238' title='bbox 326 2579 443 2626; x_wconf 88' lang='grc' dir='ltr'>λαγὸς,</span> <span class='ocrx_word' id='word_1_239' title='bbox 463 2579 508 2615; x_wconf 84' lang='grc' dir='ltr'>ὣς</span> <span class='ocrx_word' id='word_1_240' title='bbox 526 2581 545 2613; x_wconf 83' lang='grc' dir='ltr'>ὁ</span> <span class='ocrx_word' id='word_1_241' title='bbox 564 2580 743 2626; x_wconf 84' lang='grc' dir='ltr'>Σοφοκλῆς</span> 
     </span>
     <span class='ocr_line' id='line_1_42' title="bbox 269 2632 899 2680; baseline -0.005 -12"><span class='ocrx_word' id='word_1_242' title='bbox 269 2633 417 2679; x_wconf 82' lang='grc' dir='ltr'>Γέρανοι,</span> <span class='ocrx_word' id='word_1_243' title='bbox 438 2637 591 2680; x_wconf 81' lang='grc' dir='ltr'>κορῶναι,</span> <span class='ocrx_word' id='word_1_244' title='bbox 611 2635 766 2680; x_wconf 86' lang='grc' dir='ltr'>γλαῦκες,</span> <span class='ocrx_word' id='word_1_245' title='bbox 786 2632 899 2679; x_wconf 88' lang='grc' dir='ltr'>λαγοί.</span> 
     </span>
    </p>
   </div>
   <div class='ocr_carea' id='block_1_13' title="bbox 1227 1088 1234 1176">
    <p class='ocr_par' dir='ltr' id='par_1_28' title="bbox 1227 1088 1234 1176">
     <span class='ocr_line' id='line_1_43' title="bbox 1227 1088 1234 1176; baseline 0 2684"><span class='ocrx_word' id='word_1_246' title='bbox 1227 1088 1234 1176; x_wconf 95' lang='lat' dir='ltr'> </span> 
     </span>
    </p>
   </div>
   <div class='ocr_carea' id='block_1_14' title="bbox 1228 1178 1233 1310">
    <p class='ocr_par' dir='ltr' id='par_1_29' title="bbox 1228 1178 1233 1310">
     <span class='ocr_line' id='line_1_44' title="bbox 1228 1178 1233 1310; baseline 0 0"><span class='ocrx_word' id='word_1_247' title='bbox 1228 1178 1233 1310; x_wconf 95' lang='lat' dir='ltr'> </span> 
     </span>
    </p>
   </div>
   <div class='ocr_carea' id='block_1_15' title="bbox 1229 1343 1235 1581">
    <p class='ocr_par' dir='ltr' id='par_1_30' title="bbox 1229 1343 1235 1581">
     <span class='ocr_line' id='line_1_45' title="bbox 1229 1343 1235 1581; baseline 0 2279"><span class='ocrx_word' id='word_1_248' title='bbox 1229 1343 1235 1581; x_wconf 95' lang='lat' dir='ltr'> </span> 
     </span>
    </p>
   </div>
   <div class='ocr_carea' id='block_1_16' title="bbox 1229 1588 1236 1792">
    <p class='ocr_par' dir='ltr' id='par_1_31' title="bbox 1229 1588 1236 1792">
     <span class='ocr_line' id='line_1_46' title="bbox 1229 1588 1236 1792; baseline 0 2068"><span class='ocrx_word' id='word_1_249' title='bbox 1229 1588 1236 1792; x_wconf 95' lang='lat' dir='ltr'> </span> 
     </span>
    </p>
   </div>
   <div class='ocr_carea' id='block_1_17' title="bbox 1233 1849 1236 1970">
    <p class='ocr_par' dir='ltr' id='par_1_32' title="bbox 1233 1849 1236 1970">
     <span class='ocr_line' id='line_1_47' title="bbox 1233 1849 1236 1970; baseline 0 1890"><span class='ocrx_word' id='word_1_250' title='bbox 1233 1849 1236 1970; x_wconf 95' lang='lat' dir='ltr'> </span> 
     </span>
    </p>
   </div>
   <div class='ocr_carea' id='block_1_18' title="bbox 1232 2224 1238 2486">
    <p class='ocr_par' dir='ltr' id='par_1_33' title="bbox 1232 2224 1238 2486">
     <span class='ocr_line' id='line_1_48' title="bbox 1232 2224 1238 2486; baseline 0 1374"><span class='ocrx_word' id='word_1_251' title='bbox 1232 2224 1238 2486; x_wconf 95' lang='lat' dir='ltr'> </span> 
     </span>
    </p>
   </div>
   <div class='ocr_carea' id='block_1_19' title="bbox 1227 414 2299 476">
    <p class='ocr_par' dir='ltr' id='par_1_34' title="bbox 1227 414 2299 476">
     <span class='ocr_line' id='line_1_49' title="bbox 1227 414 2299 476; baseline -0.001 -10"><span class='ocrx_word' id='word_1_252' title='bbox 1227 442 1328 466; x_wconf 76' lang='lat' dir='ltr'><strong>&#39;rum</strong></span> <span class='ocrx_word' id='word_1_253' title='bbox 1347 429 1486 466; x_wconf 84' lang='lat' dir='ltr'><strong>formas</strong></span> <span class='ocrx_word' id='word_1_254' title='bbox 1513 439 1589 463; x_wconf 89' lang='lat' dir='ltr'><strong>non</strong></span> <span class='ocrx_word' id='word_1_255' title='bbox 1615 425 1750 468; x_wconf 83' lang='lat' dir='ltr'><strong>verbis,</strong></span> <span class='ocrx_word' id='word_1_256' title='bbox 1771 425 1838 462; x_wconf 89' lang='lat' dir='ltr'>sed</span> <span class='ocrx_word' id='word_1_257' title='bbox 1861 425 2111 464; x_wconf 80' lang='lat' dir='ltr'><strong>schematibus</strong></span> <span class='ocrx_word' id='word_1_258' title='bbox 2135 430 2173 464; x_wconf 88' lang='lat' dir='ltr'>et</span> <span class='ocrx_word' id='word_1_259' title='bbox 2191 414 2299 476; x_wconf 79' lang='lat' dir='ltr'><strong>gestu</strong></span> 
     </span>
    </p>
   </div>
   <div class='ocr_carea' id='block_1_20' title="bbox 1243 479 2301 1015">
    <p class='ocr_par' dir='ltr' id='par_1_35' title="bbox 1243 479 2299 639">
     <span class='ocr_line' id='line_1_50' title="bbox 1245 479 2299 532; baseline -0.001 -13"><span class='ocrx_word' id='word_1_260' title='bbox 1245 482 1415 519; x_wconf 83' lang='lat' dir='ltr'><strong>saltando</strong></span> <span class='ocrx_word' id='word_1_261' title='bbox 1434 480 1680 529; x_wconf 83' lang='lat' dir='ltr'><strong>exprimeret:</strong></span> <span class='ocrx_word' id='word_1_262' title='bbox 1711 481 1775 516; x_wconf 82' lang='grc' dir='ltr'>Καὶ</span> <span class='ocrx_word' id='word_1_263' title='bbox 1801 483 1979 529; x_wconf 83' lang='grc' dir='ltr'>Σοφοκλῆς</span> <span class='ocrx_word' id='word_1_264' title='bbox 2003 482 2040 518; x_wconf 86' lang='grc' dir='ltr'>δὲ</span> <span class='ocrx_word' id='word_1_265' title='bbox 2065 479 2173 532; x_wconf 78' lang='grc' dir='ltr'>τούτῳ</span> <span class='ocrx_word' id='word_1_266' title='bbox 2190 497 2299 530; x_wconf 87' lang='grc' dir='ltr'>παρα-</span> 
     </span>
     <span class='ocr_line' id='line_1_51' title="bbox 1243 534 2299 585; baseline -0.001 -11"><span class='ocrx_word' id='word_1_267' title='bbox 1243 537 1395 584; x_wconf 88' lang='grc' dir='ltr'>πλήσιον</span> <span class='ocrx_word' id='word_1_268' title='bbox 1414 537 1573 582; x_wconf 79' lang='grc' dir='ltr'>ἐποίησεν</span> <span class='ocrx_word' id='word_1_269' title='bbox 1591 536 1627 571; x_wconf 84' lang='grc' dir='ltr'>ἐν</span> <span class='ocrx_word' id='word_1_270' title='bbox 1644 534 1845 584; x_wconf 80' lang='grc' dir='ltr'>Ἀμφιαράῳ</span> <span class='ocrx_word' id='word_1_271' title='bbox 1868 538 2037 585; x_wconf 78' lang='grc' dir='ltr'>σατυρικῷ</span> <span class='ocrx_word' id='word_1_272' title='bbox 2055 536 2098 571; x_wconf 87' lang='grc' dir='ltr'>τὰ</span> <span class='ocrx_word' id='word_1_273' title='bbox 2119 536 2299 584; x_wconf 83' lang='grc' dir='ltr'>γράμματα</span> 
     </span>
     <span class='ocr_line' id='line_1_52' title="bbox 1244 586 1886 639; baseline -0.003 -12"><span class='ocrx_word' id='word_1_274' title='bbox 1244 593 1406 639; x_wconf 85' lang='grc' dir='ltr'>παράγων</span> <span class='ocrx_word' id='word_1_275' title='bbox 1424 586 1672 638; x_wconf 80' lang='grc' dir='ltr'>ὀρχούμενον.”</span> <span class='ocrx_word' id='word_1_276' title='bbox 1702 587 1886 625; x_wconf 84' lang='lat' dir='ltr'>BRUNCK.</span> 
     </span>
    </p>

    <p class='ocr_par' dir='ltr' id='par_1_36' title="bbox 1243 639 2301 852">
     <span class='ocr_line' id='line_1_53' title="bbox 1304 639 2300 691; baseline -0.001 -12"><span class='ocrx_word' id='word_1_277' title='bbox 1304 645 1387 680; x_wconf 88' lang='lat'>118.</span> <span class='ocrx_word' id='word_1_278' title='bbox 1419 642 1627 679; x_wconf 85' lang='lat' dir='ltr'><strong>Scholiasta</strong></span> <span class='ocrx_word' id='word_1_279' title='bbox 1659 639 1823 677; x_wconf 84' lang='lat' dir='ltr'><strong>Platonis</strong></span> <span class='ocrx_word' id='word_1_280' title='bbox 1853 653 1890 689; x_wconf 90' lang='lat' dir='ltr'>p.</span> <span class='ocrx_word' id='word_1_281' title='bbox 1923 641 2012 679; x_wconf 87' lang='lat'>378.</span> <span class='ocrx_word' id='word_1_282' title='bbox 2044 642 2216 691; x_wconf 81' lang='grc' dir='ltr'>Παροιμία</span> <span class='ocrx_word' id='word_1_283' title='bbox 2244 643 2300 678; x_wconf 86' lang='grc' dir='ltr'>“ὁ</span> 
     </span>
     <span class='ocr_line' id='line_1_54' title="bbox 1244 693 2301 745; baseline 0 -13"><span class='ocrx_word' id='word_1_284' title='bbox 1244 697 1358 735; x_wconf 82' lang='grc' dir='ltr'>ἁλιεὺς</span> <span class='ocrx_word' id='word_1_285' title='bbox 1375 698 1518 745; x_wconf 85' lang='grc' dir='ltr'>πληγεὶς</span> <span class='ocrx_word' id='word_1_286' title='bbox 1543 699 1621 732; x_wconf 88' lang='grc' dir='ltr'>νοῦν</span> <span class='ocrx_word' id='word_1_287' title='bbox 1645 693 1850 742; x_wconf 79' lang='grc' dir='ltr'>φύσει”-.</span> <span class='ocrx_word' id='word_1_288' title='bbox 1879 696 2037 744; x_wconf 85' lang='grc' dir='ltr'>κέχρηται</span> <span class='ocrx_word' id='word_1_289' title='bbox 2062 698 2239 744; x_wconf 85' lang='grc' dir='ltr'>Σοφοκλῆς</span> <span class='ocrx_word' id='word_1_290' title='bbox 2264 697 2301 732; x_wconf 80' lang='grc' dir='ltr'>ἐν</span> 
     </span>
     <span class='ocr_line' id='line_1_55' title="bbox 1244 749 2301 800; baseline 0 -13"><span class='ocrx_word' id='word_1_291' title='bbox 1244 751 1448 800; x_wconf 83' lang='grc' dir='ltr'>Ἀμφιαράῳ</span> <span class='ocrx_word' id='word_1_292' title='bbox 1467 753 1637 800; x_wconf 79' lang='grc' dir='ltr'>σατυρικῷ</span> <span class='ocrx_word' id='word_1_293' title='bbox 1661 749 1774 797; x_wconf 85' lang='grc' dir='ltr'>λέγων</span> <span class='ocrx_word' id='word_1_294' title='bbox 1800 752 1823 769; x_wconf 87' lang='grc'><strong>“</strong></span> <span class='ocrx_word' id='word_1_295' title='bbox 1835 749 1881 784; x_wconf 78' lang='grc' dir='ltr'>ἔτ’</span> <span class='ocrx_word' id='word_1_296' title='bbox 1901 749 1943 785; x_wconf 78' lang='grc' dir='ltr'>αὖ</span> <span class='ocrx_word' id='word_1_297' title='bbox 1961 749 1983 771; x_wconf 64' lang='grc'>*</span> <span class='ocrx_word' id='word_1_298' title='bbox 2001 749 2024 771; x_wconf 70' lang='grc'>”*“</span> <span class='ocrx_word' id='word_1_299' title='bbox 2044 751 2165 799; x_wconf 84' lang='grc' dir='ltr'>ὥσπερ</span> <span class='ocrx_word' id='word_1_300' title='bbox 2186 751 2301 788; x_wconf 77' lang='grc' dir='ltr'>ἁλιεὺς</span> 
     </span>
     <span class='ocr_line' id='line_1_56' title="bbox 1243 801 2301 852; baseline 0 -12"><span class='ocrx_word' id='word_1_301' title='bbox 1243 806 1386 852; x_wconf 83' lang='grc' dir='ltr'>πληγεὶς</span> <span class='ocrx_word' id='word_1_302' title='bbox 1417 804 1439 827; x_wconf 60' lang='lat'>³⁸⁶</span> <span class='ocrx_word' id='word_1_303' title='bbox 1473 803 1495 827; x_wconf 71' lang='lat'>&#39;¹‘</span> <span class='ocrx_word' id='word_1_304' title='bbox 1528 820 1610 841; x_wconf 87' lang='grc' dir='ltr'>ενων</span> <span class='ocrx_word' id='word_1_305' title='bbox 1641 801 1888 841; x_wconf 81' lang='grc' dir='ltr'>διδάσκαλος.”</span> <span class='ocrx_word' id='word_1_306' title='bbox 1946 802 2055 840; x_wconf 87' lang='lat' dir='ltr'>Conf.</span> <span class='ocrx_word' id='word_1_307' title='bbox 2093 802 2301 840; x_wconf 79' lang='lat' dir='ltr'><strong>zenobium</strong></span> 
     </span>
    </p>

    <p class='ocr_par' dir='ltr' id='par_1_37' title="bbox 1248 909 2301 1015">
     <span class='ocr_line' id='line_1_57' title="bbox 1303 909 2301 959; baseline 0 -12"><span class='ocrx_word' id='word_1_308' title='bbox 1303 912 1387 947; x_wconf 89' lang='lat'>119.</span> <span class='ocrx_word' id='word_1_309' title='bbox 1420 909 1645 959; x_wconf 83' lang='lat' dir='ltr'><strong>Hesychius,</strong></span> <span class='ocrx_word' id='word_1_310' title='bbox 1670 910 1878 958; x_wconf 73' lang='lat' dir='ltr'><strong>‘Ayvi&#39;o-at:</strong></span> <span class='ocrx_word' id='word_1_311' title='bbox 1908 910 2092 948; x_wconf 82' lang='grc' dir='ltr'>ἀποθῦσαι.</span> <span class='ocrx_word' id='word_1_312' title='bbox 2124 911 2301 956; x_wconf 87' lang='grc' dir='ltr'>Βουσίριδι</span> 
     </span>
     <span class='ocr_line' id='line_1_58' title="bbox 1248 963 2297 1015; baseline 0.002 -16"><span class='ocrx_word' id='word_1_313' title='bbox 1248 963 1453 1012; x_wconf 80' lang='lat' dir='ltr'><strong>(Euripidis</strong></span> <span class='ocrx_word' id='word_1_314' title='bbox 1467 963 1501 1012; x_wconf 82' lang='lat'>?)</span> <span class='ocrx_word' id='word_1_315' title='bbox 1535 966 1589 1001; x_wconf 85' lang='grc' dir='ltr'>καὶ</span> <span class='ocrx_word' id='word_1_316' title='bbox 1621 965 1827 1013; x_wconf 84' lang='grc' dir='ltr'>διαφθεῖραι.</span> <span class='ocrx_word' id='word_1_317' title='bbox 1876 966 2055 1012; x_wconf 87' lang='grc' dir='ltr'>Σοφοκλῆς</span> <span class='ocrx_word' id='word_1_318' title='bbox 2081 965 2297 1015; x_wconf 81' lang='grc' dir='ltr'>Ἀμφιαράῳ.</span> 
     </span>
    </p>
   </div>
   <div class='ocr_carea' id='block_1_21' title="bbox 1228 1016 2298 1067">
    <p class='ocr_par' dir='ltr' id='par_1_38' title="bbox 1228 1016 2298 1067">
     <span class='ocr_line' id='line_1_59' title="bbox 1228 1016 2298 1067; baseline 0.003 -15"><span class='ocrx_word' id='word_1_319' title='bbox 1228 1016 1403 1059; x_wconf 63' lang='lat' dir='ltr'>²Bekkeri</span> <span class='ocrx_word' id='word_1_320' title='bbox 1436 1017 1575 1054; x_wconf 88' lang='lat' dir='ltr'><strong>Anecd.</strong></span> <span class='ocrx_word' id='word_1_321' title='bbox 1604 1030 1642 1066; x_wconf 93' lang='lat' dir='ltr'>p.</span> <span class='ocrx_word' id='word_1_322' title='bbox 1674 1019 1763 1059; x_wconf 85' lang='lat'><strong>339,</strong></span> <span class='ocrx_word' id='word_1_323' title='bbox 1793 1019 1830 1054; x_wconf 87' lang='grc'>8.</span> <span class='ocrx_word' id='word_1_324' title='bbox 1864 1018 2073 1067; x_wconf 66' lang='grc' dir='ltr'>Ἀγνίσαιὶ</span> <span class='ocrx_word' id='word_1_325' title='bbox 2116 1020 2156 1055; x_wconf 86' lang='grc' dir='ltr'>τὸ</span> <span class='ocrx_word' id='word_1_326' title='bbox 2183 1019 2298 1055; x_wconf 85' lang='grc' dir='ltr'>θῦσαι.</span> 
     </span>
    </p>
   </div>
   <div class='ocr_carea' id='block_1_22' title="bbox 1242 1072 2306 1976">
    <p class='ocr_par' dir='ltr' id='par_1_39' title="bbox 1245 1072 2096 1121">
     <span class='ocr_line' id='line_1_60' title="bbox 1245 1072 2096 1121; baseline 0.002 -15"><span class='ocrx_word' id='word_1_327' title='bbox 1245 1072 1439 1119; x_wconf 80' lang='grc' dir='ltr'>διαφθεῖραι</span> <span class='ocrx_word' id='word_1_328' title='bbox 1459 1073 1528 1109; x_wconf 84' lang='grc' dir='ltr'>κατ’</span> <span class='ocrx_word' id='word_1_329' title='bbox 1549 1073 1768 1120; x_wconf 86' lang='grc' dir='ltr'>ἀντίφρασιν.</span> <span class='ocrx_word' id='word_1_330' title='bbox 1799 1072 1887 1109; x_wconf 76' lang='grc' dir='ltr'>οὕτω</span> <span class='ocrx_word' id='word_1_331' title='bbox 1906 1075 2096 1121; x_wconf 88' lang='grc' dir='ltr'>Σοφοκλῆς.</span> 
     </span>
    </p>

    <p class='ocr_par' dir='ltr' id='par_1_40' title="bbox 1242 1124 2299 1225">
     <span class='ocr_line' id='line_1_61' title="bbox 1300 1124 2299 1176; baseline 0.004 -16"><span class='ocrx_word' id='word_1_332' title='bbox 1300 1126 1387 1161; x_wconf 88' lang='grc'>120.</span> <span class='ocrx_word' id='word_1_333' title='bbox 1419 1124 1641 1174; x_wconf 80' lang='lat' dir='ltr'><strong>Hesychius,</strong></span> <span class='ocrx_word' id='word_1_334' title='bbox 1683 1127 1987 1176; x_wconf 71' lang='grc' dir='ltr'>Ἀλεξαίθριονε</span> <span class='ocrx_word' id='word_1_335' title='bbox 2048 1127 2174 1175; x_wconf 86' lang='grc' dir='ltr'>θερμὸν</span> <span class='ocrx_word' id='word_1_336' title='bbox 2217 1130 2299 1164; x_wconf 70' lang='grc' dir='ltr'>σκέ-</span> 
     </span>
     <span class='ocr_line' id='line_1_62' title="bbox 1242 1179 1512 1225; baseline 0.004 -11"><span class='ocrx_word' id='word_1_337' title='bbox 1242 1194 1373 1225; x_wconf 86' lang='grc' dir='ltr'>πασμα.</span> <span class='ocrx_word' id='word_1_338' title='bbox 1402 1185 1438 1215; x_wconf 85' lang='grc' dir='ltr'>Σ.</span> <span class='ocrx_word' id='word_1_339' title='bbox 1459 1179 1512 1215; x_wconf 88' lang='grc' dir='ltr'>Ἀ.</span> 
     </span>
    </p>

    <p class='ocr_par' dir='ltr' id='par_1_41' title="bbox 1243 1231 2300 1445">
     <span class='ocr_line' id='line_1_63' title="bbox 1300 1231 2299 1289; baseline 0.005 -21"><span class='ocrx_word' id='word_1_340' title='bbox 1300 1234 1386 1268; x_wconf 85' lang='grc'>121.</span> <span class='ocrx_word' id='word_1_341' title='bbox 1417 1231 1618 1270; x_wconf 88' lang='lat' dir='ltr'><strong>Erotianus</strong></span> <span class='ocrx_word' id='word_1_342' title='bbox 1644 1245 1680 1282; x_wconf 94' lang='lat' dir='ltr'>p.</span> <span class='ocrx_word' id='word_1_343' title='bbox 1711 1235 1801 1270; x_wconf 92' lang='lat'>210.</span> <span class='ocrx_word' id='word_1_344' title='bbox 1831 1238 1998 1289; x_wconf 84' lang='grc' dir='ltr'>Φρονεῗν</span> <span class='ocrx_word' id='word_1_345' title='bbox 2024 1237 2150 1284; x_wconf 80' lang='grc' dir='ltr'>ἔλεγον</span> <span class='ocrx_word' id='word_1_346' title='bbox 2175 1236 2208 1272; x_wconf 80' lang='grc' dir='ltr'>οἳ</span> <span class='ocrx_word' id='word_1_347' title='bbox 2232 1251 2299 1274; x_wconf 81' lang='grc' dir='ltr'>πα-</span> 
     </span>
     <span class='ocr_line' id='line_1_64' title="bbox 1243 1286 2300 1337; baseline 0.006 -16"><span class='ocrx_word' id='word_1_348' title='bbox 1243 1288 1334 1322; x_wconf 85' lang='grc' dir='ltr'>λαιοὶ</span> <span class='ocrx_word' id='word_1_349' title='bbox 1352 1286 1391 1322; x_wconf 85' lang='grc' dir='ltr'>τὸ</span> <span class='ocrx_word' id='word_1_350' title='bbox 1411 1288 1729 1335; x_wconf 82' lang='grc' dir='ltr'>νοεῖν.-μέμνηται</span> <span class='ocrx_word' id='word_1_351' title='bbox 1748 1290 1802 1324; x_wconf 86' lang='grc' dir='ltr'>καὶ</span> <span class='ocrx_word' id='word_1_352' title='bbox 1821 1291 2001 1337; x_wconf 85' lang='grc' dir='ltr'>Σοφοκλῆς</span> <span class='ocrx_word' id='word_1_353' title='bbox 2018 1290 2054 1326; x_wconf 85' lang='grc' dir='ltr'>ἐν</span> <span class='ocrx_word' id='word_1_354' title='bbox 2070 1289 2228 1337; x_wconf 85' lang='grc' dir='ltr'>Ἀχαιάδι</span> <span class='ocrx_word' id='word_1_355' title='bbox 2244 1291 2300 1327; x_wconf 79' lang='grc' dir='ltr'>καὶ</span> 
     </span>
     <span class='ocr_line' id='line_1_65' title="bbox 1244 1341 2297 1390; baseline 0.005 -14"><span class='ocrx_word' id='word_1_356' title='bbox 1244 1341 1279 1376; x_wconf 88' lang='grc' dir='ltr'>ἐν</span> <span class='ocrx_word' id='word_1_357' title='bbox 1296 1341 1512 1390; x_wconf 85' lang='grc' dir='ltr'>Ἀμφιαράῳ.</span> <span class='ocrx_word' id='word_1_358' title='bbox 1541 1341 1698 1389; x_wconf 87' lang='grc' dir='ltr'>Ἀχαιάδι</span> <span class='ocrx_word' id='word_1_359' title='bbox 1723 1341 1932 1378; x_wconf 83' lang='lat' dir='ltr'><strong>Brunckius</strong></span> <span class='ocrx_word' id='word_1_360' title='bbox 1954 1342 1993 1379; x_wconf 85' lang='lat' dir='ltr'>in</span> <span class='ocrx_word' id='word_1_361' title='bbox 2010 1343 2199 1382; x_wconf 82' lang='grc' dir='ltr'>Ἀλῳάδαις</span> <span class='ocrx_word' id='word_1_362' title='bbox 2214 1355 2297 1381; x_wconf 86' lang='lat' dir='ltr'>mu-</span> 
     </span>
     <span class='ocr_line' id='line_1_66' title="bbox 1243 1393 2049 1445; baseline 0.006 -16"><span class='ocrx_word' id='word_1_363' title='bbox 1243 1393 1359 1430; x_wconf 88' lang='lat' dir='ltr'><strong>tabat.</strong></span> <span class='ocrx_word' id='word_1_364' title='bbox 1417 1393 1541 1442; x_wconf 87' lang='lat' dir='ltr'><strong>Igitur</strong></span> <span class='ocrx_word' id='word_1_365' title='bbox 1559 1407 1606 1431; x_wconf 85' lang='lat' dir='ltr'>ex</span> <span class='ocrx_word' id='word_1_366' title='bbox 1623 1396 1801 1434; x_wconf 75' lang='grc' dir='ltr'>Ἀλεάδαις</span> <span class='ocrx_word' id='word_1_367' title='bbox 1820 1403 2049 1445; x_wconf 89' lang='lat' dir='ltr'><strong>corruptum.</strong></span> 
     </span>
    </p>

    <p class='ocr_par' dir='ltr' id='par_1_42' title="bbox 1242 1446 2299 1750">
     <span class='ocr_line' id='line_1_67' title="bbox 1301 1446 2299 1498; baseline 0.008 -16"><span class='ocrx_word' id='word_1_368' title='bbox 1301 1448 1388 1483; x_wconf 90' lang='lat'>122.</span> <span class='ocrx_word' id='word_1_369' title='bbox 1417 1446 1616 1484; x_wconf 80' lang='lat' dir='ltr'><strong>El&#39;otianus</strong></span> <span class='ocrx_word' id='word_1_370' title='bbox 1630 1461 1667 1497; x_wconf 91' lang='lat' dir='ltr'>p.</span> <span class='ocrx_word' id='word_1_371' title='bbox 1686 1450 1773 1486; x_wconf 88' lang='grc'>306.</span> <span class='ocrx_word' id='word_1_372' title='bbox 1803 1451 1961 1487; x_wconf 73' lang='grc' dir='ltr'>Πέλονι</span> <span class='ocrx_word' id='word_1_373' title='bbox 1990 1452 2227 1498; x_wconf 80' lang='grc' dir='ltr'>ὖπόφαιον-.</span> <span class='ocrx_word' id='word_1_374' title='bbox 2254 1453 2299 1491; x_wconf 82' lang='grc' dir='ltr'>ὣς</span> 
     </span>
     <span class='ocr_line' id='line_1_68' title="bbox 1244 1501 2298 1555; baseline 0.008 -19"><span class='ocrx_word' id='word_1_375' title='bbox 1244 1501 1298 1537; x_wconf 89' lang='grc' dir='ltr'>καὶ</span> <span class='ocrx_word' id='word_1_376' title='bbox 1317 1503 1495 1549; x_wconf 85' lang='grc' dir='ltr'>Σοφοκλῆς</span> <span class='ocrx_word' id='word_1_377' title='bbox 1514 1502 1549 1538; x_wconf 84' lang='grc' dir='ltr'>ἐν</span> <span class='ocrx_word' id='word_1_378' title='bbox 1563 1503 1712 1550; x_wconf 81' lang='grc' dir='ltr'>Ποιμέσι</span> <span class='ocrx_word' id='word_1_379' title='bbox 1737 1505 1791 1539; x_wconf 83' lang='grc' dir='ltr'>καὶ</span> <span class='ocrx_word' id='word_1_380' title='bbox 1810 1505 1846 1539; x_wconf 81' lang='grc' dir='ltr'>ἐν</span> <span class='ocrx_word' id='word_1_381' title='bbox 1863 1504 2065 1555; x_wconf 82' lang='grc' dir='ltr'>Ἀμφιαράῳ</span> <span class='ocrx_word' id='word_1_382' title='bbox 2083 1507 2174 1554; x_wconf 83' lang='grc' dir='ltr'>φησὶ</span> <span class='ocrx_word' id='word_1_383' title='bbox 2194 1508 2218 1527; x_wconf 86' lang='grc'><strong>“</strong></span> <span class='ocrx_word' id='word_1_384' title='bbox 2229 1513 2298 1544; x_wconf 86' lang='grc' dir='ltr'>Κυ·</span> 
     </span>
     <span class='ocr_line' id='line_1_69' title="bbox 1245 1556 2297 1607; baseline 0.005 -16"><span class='ocrx_word' id='word_1_385' title='bbox 1245 1556 1301 1592; x_wconf 83' lang='grc' dir='ltr'>νὸς</span> <span class='ocrx_word' id='word_1_386' title='bbox 1326 1556 1432 1601; x_wconf 83' lang='grc' dir='ltr'>πέλης</span> <span class='ocrx_word' id='word_1_387' title='bbox 1458 1571 1496 1591; x_wconf 91' lang='grc' dir='ltr'>τε</span> <span class='ocrx_word' id='word_1_388' title='bbox 1523 1558 1670 1602; x_wconf 87' lang='grc' dir='ltr'>μηκάδος</span> <span class='ocrx_word' id='word_1_389' title='bbox 1695 1557 1779 1601; x_wconf 77' lang='grc' dir='ltr'>βοὸς</span> <span class='ocrx_word' id='word_1_390' title='bbox 1805 1556 1937 1605; x_wconf 82' lang='grc' dir='ltr'>ῥινόν.”</span> <span class='ocrx_word' id='word_1_391' title='bbox 1967 1558 2070 1595; x_wconf 82' lang='lat' dir='ltr'><strong>Libri</strong></span> <span class='ocrx_word' id='word_1_392' title='bbox 2095 1559 2215 1607; x_wconf 79' lang='grc' dir='ltr'>ῥινέων</span> <span class='ocrx_word' id='word_1_393' title='bbox 2239 1559 2297 1596; x_wconf 81' lang='lat' dir='ltr'><strong>vel</strong></span> 
     </span>
     <span class='ocr_line' id='line_1_70' title="bbox 1242 1608 2299 1657; baseline 0.005 -12"><span class='ocrx_word' id='word_1_394' title='bbox 1242 1608 1379 1655; x_wconf 86' lang='grc' dir='ltr'>ῥηνέων.</span> <span class='ocrx_word' id='word_1_395' title='bbox 1411 1608 1621 1645; x_wconf 87' lang='lat' dir='ltr'><strong>Brunckius</strong></span> <span class='ocrx_word' id='word_1_396' title='bbox 1634 1611 1727 1657; x_wconf 79' lang='grc' dir='ltr'>ῥινὸν</span> <span class='ocrx_word' id='word_1_397' title='bbox 1744 1614 1839 1655; x_wconf 81' lang='grc' dir='ltr'>βοός,</span> <span class='ocrx_word' id='word_1_398' title='bbox 1854 1616 1966 1652; x_wconf 91' lang='lat' dir='ltr'><strong>recte,</strong></span> <span class='ocrx_word' id='word_1_399' title='bbox 1985 1611 2055 1648; x_wconf 89' lang='lat' dir='ltr'><strong>nisi</strong></span> <span class='ocrx_word' id='word_1_400' title='bbox 2071 1615 2156 1656; x_wconf 81' lang='grc' dir='ltr'>βοὸς</span> <span class='ocrx_word' id='word_1_401' title='bbox 2169 1613 2207 1649; x_wconf 87' lang='lat' dir='ltr'>in</span> <span class='ocrx_word' id='word_1_402' title='bbox 2225 1613 2299 1650; x_wconf 87' lang='lat' dir='ltr'>fine</span> 
     </span>
     <span class='ocr_line' id='line_1_71' title="bbox 1246 1658 2298 1708; baseline 0.006 -12"><span class='ocrx_word' id='word_1_403' title='bbox 1246 1671 1374 1696; x_wconf 87' lang='lat' dir='ltr'><strong>versus</strong></span> <span class='ocrx_word' id='word_1_404' title='bbox 1395 1658 1558 1708; x_wconf 78' lang='lat' dir='ltr'><strong>positum</strong></span> <span class='ocrx_word' id='word_1_405' title='bbox 1575 1659 1656 1698; x_wconf 89' lang='lat' dir='ltr'><strong>fuit.</strong></span> <span class='ocrx_word' id='word_1_406' title='bbox 1691 1661 1800 1699; x_wconf 84' lang='lat' dir='ltr'>Conf.</span> <span class='ocrx_word' id='word_1_407' title='bbox 1823 1664 1989 1702; x_wconf 87' lang='lat' dir='ltr'><strong>Crameri</strong></span> <span class='ocrx_word' id='word_1_408' title='bbox 2008 1666 2152 1704; x_wconf 88' lang='lat' dir='ltr'><strong>Anecd.</strong></span> <span class='ocrx_word' id='word_1_409' title='bbox 2171 1666 2298 1704; x_wconf 81' lang='lat' dir='ltr'>Oxou.</span> 
     </span>
     <span class='ocr_line' id='line_1_72' title="bbox 1246 1712 1533 1750; baseline -0.007 0"><span class='ocrx_word' id='word_1_410' title='bbox 1246 1712 1319 1750; x_wconf 92' lang='lat' dir='ltr'>vol.</span> <span class='ocrx_word' id='word_1_411' title='bbox 1339 1713 1364 1749; x_wconf 89' lang='lat' dir='ltr'>i.</span> <span class='ocrx_word' id='word_1_412' title='bbox 1411 1739 1422 1750; x_wconf 87' lang='lat'>.</span> <span class='ocrx_word' id='word_1_413' title='bbox 1444 1713 1533 1749; x_wconf 83' lang='lat'>344.</span> 
     </span>
    </p>

    <p class='ocr_par' dir='ltr' id='par_1_43' title="bbox 1250 1725 2306 1976">
     <span class='ocr_line' id='line_1_73' title="bbox 1308 1725 2306 1813; baseline 0.001 -13"><span class='ocrx_word' id='word_1_414' title='bbox 1308 1725 1408 1800; x_wconf 51' lang='lat'>1231)</span> <span class='ocrx_word' id='word_1_415' title='bbox 1426 1762 1635 1800; x_wconf 85' lang='lat' dir='ltr'><strong>Scholiasta</strong></span> <span class='ocrx_word' id='word_1_416' title='bbox 1657 1763 1797 1800; x_wconf 91' lang='lat' dir='ltr'><strong>AEliani</strong></span> <span class='ocrx_word' id='word_1_417' title='bbox 1824 1762 1878 1800; x_wconf 94' lang='lat' dir='ltr'>N.</span> <span class='ocrx_word' id='word_1_418' title='bbox 1904 1763 1954 1800; x_wconf 92' lang='lat' dir='ltr'>A.</span> <span class='ocrx_word' id='word_1_419' title='bbox 1982 1761 2055 1805; x_wconf 91' lang='lat' dir='ltr'>III,</span> <span class='ocrx_word' id='word_1_420' title='bbox 2086 1765 2146 1800; x_wconf 95' lang='lat'>10.</span> <span class='ocrx_word' id='word_1_421' title='bbox 2174 1764 2306 1813; x_wconf 78' lang='grc' dir='ltr'>Τρασιὰ</span> 
     </span>
     <span class='ocr_line' id='line_1_74' title="bbox 1250 1818 2305 1867; baseline 0 -13"><span class='ocrx_word' id='word_1_422' title='bbox 1250 1819 1386 1866; x_wconf 83' lang='grc' dir='ltr'>λέγεται</span> <span class='ocrx_word' id='word_1_423' title='bbox 1406 1819 1423 1853; x_wconf 90' lang='grc' dir='ltr'>ὁ</span> <span class='ocrx_word' id='word_1_424' title='bbox 1443 1820 1548 1855; x_wconf 88' lang='grc' dir='ltr'>τόπος</span> <span class='ocrx_word' id='word_1_425' title='bbox 1566 1819 1645 1854; x_wconf 83' lang='grc' dir='ltr'>ἔνθα</span> <span class='ocrx_word' id='word_1_426' title='bbox 1666 1820 1708 1855; x_wconf 86' lang='grc' dir='ltr'>τὰ</span> <span class='ocrx_word' id='word_1_427' title='bbox 1732 1822 1820 1855; x_wconf 86' lang='grc' dir='ltr'>σῦκα</span> <span class='ocrx_word' id='word_1_428' title='bbox 1844 1818 2044 1866; x_wconf 84' lang='grc' dir='ltr'>ξηραίνεται,</span> <span class='ocrx_word' id='word_1_429' title='bbox 2062 1819 2154 1866; x_wconf 84' lang='grc' dir='ltr'>παρὰ</span> <span class='ocrx_word' id='word_1_430' title='bbox 2171 1818 2211 1855; x_wconf 69' lang='grc' dir='ltr'>τὸ</span> <span class='ocrx_word' id='word_1_431' title='bbox 2229 1833 2305 1867; x_wconf 90' lang='grc' dir='ltr'>τερ-</span> 
     </span>
     <span class='ocr_line' id='line_1_75' title="bbox 1252 1870 2304 1921; baseline 0 -13"><span class='ocrx_word' id='word_1_432' title='bbox 1252 1874 1392 1909; x_wconf 91' lang='grc' dir='ltr'>σαίνειν.</span> <span class='ocrx_word' id='word_1_433' title='bbox 1424 1874 1442 1907; x_wconf 93' lang='grc' dir='ltr'><strong><em>ὁ</em></strong></span> <span class='ocrx_word' id='word_1_434' title='bbox 1462 1873 1498 1908; x_wconf 83' lang='grc' dir='ltr'>δέ</span> <span class='ocrx_word' id='word_1_435' title='bbox 1519 1874 1697 1920; x_wconf 88' lang='grc' dir='ltr'>Σοφοκλῆς</span> <span class='ocrx_word' id='word_1_436' title='bbox 1715 1873 1750 1908; x_wconf 79' lang='grc' dir='ltr'>ἐν</span> <span class='ocrx_word' id='word_1_437' title='bbox 1766 1871 1828 1921; x_wconf 80' lang='grc' dir='ltr'>(τῷ</span> <span class='ocrx_word' id='word_1_438' title='bbox 1845 1872 1948 1921; x_wconf 82' lang='grc' dir='ltr'>ἑτέρῳ</span> <span class='ocrx_word' id='word_1_439' title='bbox 1962 1870 2065 1907; x_wconf 82' lang='lat' dir='ltr'><strong>addit</strong></span> <span class='ocrx_word' id='word_1_440' title='bbox 2083 1870 2248 1908; x_wconf 75' lang='lat' dir='ltr'><strong>Zonaras</strong></span> <span class='ocrx_word' id='word_1_441' title='bbox 2265 1883 2304 1920; x_wconf 89' lang='lat' dir='ltr'>p.</span> 
     </span>
     <span class='ocr_line' id='line_1_76' title="bbox 1256 1925 2171 1976; baseline 0 -14"><span class='ocrx_word' id='word_1_442' title='bbox 1256 1926 1391 1973; x_wconf 85' lang='lat'>1742.)</span> <span class='ocrx_word' id='word_1_443' title='bbox 1412 1925 1615 1976; x_wconf 88' lang='grc' dir='ltr'>Ἀμφιαράῳ</span> <span class='ocrx_word' id='word_1_444' title='bbox 1635 1927 1691 1963; x_wconf 84' lang='grc' dir='ltr'>ἐπὶ</span> <span class='ocrx_word' id='word_1_445' title='bbox 1711 1929 1768 1973; x_wconf 87' lang='grc' dir='ltr'>τῆς</span> <span class='ocrx_word' id='word_1_446' title='bbox 1786 1927 1858 1962; x_wconf 82' lang='grc' dir='ltr'>ἅλω</span> <span class='ocrx_word' id='word_1_447' title='bbox 1877 1926 1969 1972; x_wconf 83' lang='grc' dir='ltr'>ἐτίθη</span> <span class='ocrx_word' id='word_1_448' title='bbox 1987 1925 2048 1972; x_wconf 87' lang='grc' dir='ltr'>τὴν</span> <span class='ocrx_word' id='word_1_449' title='bbox 2065 1926 2171 1971; x_wconf 79' lang='grc' dir='ltr'>λέξιν.</span> 
     </span>
    </p>
   </div>
   <div class='ocr_carea' id='block_1_23' title="bbox 1307 2019 2307 2132">
    <p class='ocr_par' dir='ltr' id='par_1_44' title="bbox 1307 2019 2307 2132">
     <span class='ocr_line' id='line_1_77' title="bbox 1647 2019 1919 2050; baseline 0 -1"><span class='ocrx_word' id='word_1_450' title='bbox 1647 2019 1919 2050; x_wconf 86' lang='grc' dir='ltr'>ΑΜΦΙΤΡΥΩΝ.</span> 
     </span>
     <span class='ocr_line' id='line_1_78' title="bbox 1307 2080 2307 2132; baseline 0.004 -15"><span class='ocrx_word' id='word_1_451' title='bbox 1307 2082 1394 2118; x_wconf 86' lang='grc'>124.</span> <span class='ocrx_word' id='word_1_452' title='bbox 1426 2080 1636 2118; x_wconf 83' lang='lat' dir='ltr'><strong>Scholiasta</strong></span> <span class='ocrx_word' id='word_1_453' title='bbox 1661 2081 1789 2131; x_wconf 87' lang='lat' dir='ltr'>OEdip.</span> <span class='ocrx_word' id='word_1_454' title='bbox 1817 2081 1898 2118; x_wconf 87' lang='lat' dir='ltr'>Col.</span> <span class='ocrx_word' id='word_1_455' title='bbox 1920 2082 2010 2118; x_wconf 88' lang='lat'>390.</span> <span class='ocrx_word' id='word_1_456' title='bbox 2039 2084 2190 2120; x_wconf 80' lang='grc' dir='ltr'>Εὔσοιάν</span> <span class='ocrx_word' id='word_1_457' title='bbox 2215 2084 2307 2132; x_wconf 76' lang='grc' dir='ltr'>φησι</span> 
     </span>
    </p>
   </div>
   <div class='ocr_carea' id='block_1_24' title="bbox 1277 2135 2128 2292">
    <p class='ocr_par' dir='ltr' id='par_1_45' title="bbox 1277 2135 2128 2292">
     <span class='ocr_line' id='line_1_79' title="bbox 1277 2135 2054 2184; baseline 0.001 -13"><span class='ocrx_word' id='word_1_458' title='bbox 1277 2136 1311 2171; x_wconf 70' lang='grc' dir='ltr'>’ν</span> <span class='ocrx_word' id='word_1_459' title='bbox 1328 2136 1507 2178; x_wconf 84' lang='grc' dir='ltr'>εὐθένειαν,</span> <span class='ocrx_word' id='word_1_460' title='bbox 1528 2138 1677 2184; x_wconf 88' lang='grc' dir='ltr'>καθάπερ</span> <span class='ocrx_word' id='word_1_461' title='bbox 1696 2138 1749 2172; x_wconf 88' lang='grc' dir='ltr'>καὶ</span> <span class='ocrx_word' id='word_1_462' title='bbox 1768 2138 1804 2173; x_wconf 83' lang='grc' dir='ltr'>ἐν</span> <span class='ocrx_word' id='word_1_463' title='bbox 1821 2135 2054 2184; x_wconf 80' lang='grc' dir='ltr'>Ἀμφιτρύωνι</span> 
     </span>
     <span class='ocr_line' id='line_1_80' title="bbox 1355 2189 2128 2239; baseline 0.003 -14"><span class='ocrx_word' id='word_1_464' title='bbox 1355 2189 1452 2226; x_wconf 78' lang='grc' dir='ltr'>Ἐπεὶ</span> <span class='ocrx_word' id='word_1_465' title='bbox 1471 2191 1508 2226; x_wconf 82' lang='grc' dir='ltr'>δὲ</span> <span class='ocrx_word' id='word_1_466' title='bbox 1526 2192 1688 2233; x_wconf 83' lang='grc' dir='ltr'>βλάστοι,</span> <span class='ocrx_word' id='word_1_467' title='bbox 1708 2195 1775 2227; x_wconf 82' lang='grc' dir='ltr'>τῶν</span> <span class='ocrx_word' id='word_1_468' title='bbox 1793 2194 1894 2239; x_wconf 86' lang='grc' dir='ltr'>τριῶν</span> <span class='ocrx_word' id='word_1_469' title='bbox 1910 2191 1990 2237; x_wconf 88' lang='grc' dir='ltr'>μίαν</span> <span class='ocrx_word' id='word_1_470' title='bbox 2006 2192 2128 2234; x_wconf 81' lang='grc' dir='ltr'>λαβεῖν</span> 
     </span>
     <span class='ocr_line' id='line_1_81' title="bbox 1358 2245 1619 2292; baseline 0.004 -13"><span class='ocrx_word' id='word_1_471' title='bbox 1358 2247 1496 2281; x_wconf 78' lang='grc' dir='ltr'>εὕσοιαν</span> <span class='ocrx_word' id='word_1_472' title='bbox 1514 2245 1619 2292; x_wconf 85' lang='grc' dir='ltr'>ἀρκεῖ.</span> 
     </span>
    </p>
   </div>
   <div class='ocr_carea' id='block_1_25' title="bbox 1310 2297 2327 2348">
    <p class='ocr_par' dir='ltr' id='par_1_46' title="bbox 1310 2297 2327 2348">
     <span class='ocr_line' id='line_1_82' title="bbox 1310 2297 2327 2348; baseline 0.006 -17"><span class='ocrx_word' id='word_1_473' title='bbox 1310 2297 1394 2334; x_wconf 88' lang='grc'>125.</span> <span class='ocrx_word' id='word_1_474' title='bbox 1426 2297 1650 2346; x_wconf 89' lang='lat' dir='ltr'><strong>Hesychius,</strong></span> <span class='ocrx_word' id='word_1_475' title='bbox 1692 2298 1732 2335; x_wconf 88' lang='lat' dir='ltr'>’A</span> <span class='ocrx_word' id='word_1_476' title='bbox 1738 2300 1798 2346; x_wconf 90' lang='grc' dir='ltr'>μφ</span> <span class='ocrx_word' id='word_1_477' title='bbox 1806 2298 1863 2334; x_wconf 88' lang='grc' dir='ltr'>ιτέ</span> <span class='ocrx_word' id='word_1_478' title='bbox 1867 2314 1889 2347; x_wconf 96' lang='grc' dir='ltr'>ρ</span> <span class='ocrx_word' id='word_1_479' title='bbox 1894 2314 1950 2346; x_wconf 89' lang='grc' dir='ltr'>μω</span> <span class='ocrx_word' id='word_1_480' title='bbox 1957 2314 1974 2336; x_wconf 90' lang='grc' dir='ltr'>ς</span> <span class='ocrx_word' id='word_1_481' title='bbox 1987 2312 1996 2335; x_wconf 78' lang='lat' dir='ltr'><strong><em>z</em></strong></span> <span class='ocrx_word' id='word_1_482' title='bbox 2042 2298 2305 2348; x_wconf 79' lang='grc' dir='ltr'>ἅποτετερματι·</span> <span class='ocrx_word' id='word_1_483' title='bbox 2322 2313 2327 2318; x_wconf 92' lang='grc'><em>·</em></span> 
     </span>
    </p>
   </div>
   <div class='ocr_carea' id='block_1_26' title="bbox 1250 2351 2305 2496">
    <p class='ocr_par' dir='ltr' id='par_1_47' title="bbox 1250 2351 2305 2496">
     <span class='ocr_line' id='line_1_83' title="bbox 1251 2351 1538 2388; baseline 0.007 -2"><span class='ocrx_word' id='word_1_484' title='bbox 1251 2365 1276 2386; x_wconf 91' lang='grc' dir='ltr'>σ</span> <span class='ocrx_word' id='word_1_485' title='bbox 1304 2351 1395 2388; x_wconf 82' lang='grc' dir='ltr'>ε’νως.</span> <span class='ocrx_word' id='word_1_486' title='bbox 1426 2358 1463 2387; x_wconf 90' lang='grc' dir='ltr'>Σ.</span> <span class='ocrx_word' id='word_1_487' title='bbox 1484 2351 1538 2388; x_wconf 89' lang='grc' dir='ltr'>Ἀ.</span> 
     </span>
     <span class='ocr_line' id='line_1_84' title="bbox 1277 2366 2305 2457; baseline 0.005 -17"><span class='ocrx_word' id='word_1_488' title='bbox 1277 2366 1395 2441; x_wconf 79' lang='grc' dir='ltr'>μ126.</span> <span class='ocrx_word' id='word_1_489' title='bbox 1425 2403 1652 2453; x_wconf 78' lang='lat' dir='ltr'><strong>Hesychius,</strong></span> <span class='ocrx_word' id='word_1_490' title='bbox 1664 2405 1891 2454; x_wconf 72' lang='grc' dir='ltr'>Ἀτμητονε</span> <span class='ocrx_word' id='word_1_491' title='bbox 1920 2407 2114 2455; x_wconf 83' lang='grc' dir='ltr'>ἀμέριστον,</span> <span class='ocrx_word' id='word_1_492' title='bbox 2134 2407 2305 2457; x_wconf 84' lang='grc' dir='ltr'>ἆτραυμά·</span> 
     </span>
     <span class='ocr_line' id='line_1_85' title="bbox 1250 2459 1523 2496; baseline 0.007 -2"><span class='ocrx_word' id='word_1_493' title='bbox 1250 2473 1381 2495; x_wconf 84' lang='grc' dir='ltr'>τιστον.</span> <span class='ocrx_word' id='word_1_494' title='bbox 1412 2465 1448 2495; x_wconf 90' lang='grc' dir='ltr'>Σ.</span> <span class='ocrx_word' id='word_1_495' title='bbox 1469 2459 1523 2496; x_wconf 91' lang='grc' dir='ltr'>Ἀ.</span> 
     </span>
    </p>
   </div>
   <div class='ocr_carea' id='block_1_27' title="bbox 1309 2539 2302 2669">
    <p class='ocr_par' dir='ltr' id='par_1_48' title="bbox 1309 2539 2302 2669">
     <span class='ocr_line' id='line_1_86' title="bbox 1571 2539 1924 2586; baseline 0.006 -2"><span class='ocrx_word' id='word_1_496' title='bbox 1571 2539 1574 2542; x_wconf 82' lang='grc'><strong>’</strong></span> <span class='ocrx_word' id='word_1_497' title='bbox 1627 2554 1924 2586; x_wconf 80' lang='grc' dir='ltr'>ΑΝΔΡΟΜΑΧΗ.</span> 
     </span>
     <span class='ocr_line' id='line_1_87' title="bbox 1309 2614 2302 2669; baseline 0.005 -17"><span class='ocrx_word' id='word_1_498' title='bbox 1309 2616 1395 2653; x_wconf 91' lang='grc'>127.</span> <span class='ocrx_word' id='word_1_499' title='bbox 1425 2614 1642 2666; x_wconf 86' lang='lat' dir='ltr'><strong>Etymolog.</strong></span> <span class='ocrx_word' id='word_1_500' title='bbox 1668 2616 1724 2653; x_wconf 94' lang='lat' dir='ltr'>M.</span> <span class='ocrx_word' id='word_1_501' title='bbox 1746 2630 1783 2667; x_wconf 93' lang='lat' dir='ltr'>p.</span> <span class='ocrx_word' id='word_1_502' title='bbox 1806 2619 1894 2664; x_wconf 88' lang='lat'>652,</span> <span class='ocrx_word' id='word_1_503' title='bbox 1920 2619 1980 2655; x_wconf 88' lang='lat'>12.</span> <span class='ocrx_word' id='word_1_504' title='bbox 2009 2620 2302 2669; x_wconf 71' lang='grc' dir='ltr'>Παρασάγγαιε</span> 
     </span>
    </p>
   </div>
   <div class='ocr_carea' id='block_1_28' title="bbox 221 2671 2303 2733">
    <p class='ocr_par' dir='ltr' id='par_1_49' title="bbox 221 2671 2303 2733">
     <span class='ocr_line' id='line_1_88' title="bbox 221 2671 2303 2733; baseline 0.001 -14"><span class='ocrx_word' id='word_1_505' title='bbox 221 2686 308 2720; x_wconf 82' lang='lat'>114.</span> <span class='ocrx_word' id='word_1_506' title='bbox 337 2684 543 2721; x_wconf 84' lang='lat' dir='ltr'><strong>Athenaeus</strong></span> <span class='ocrx_word' id='word_1_507' title='bbox 571 2684 644 2721; x_wconf 89' lang='lat' dir='ltr'>III.</span> <span class='ocrx_word' id='word_1_508' title='bbox 674 2697 712 2733; x_wconf 91' lang='lat' dir='ltr'>p.</span> <span class='ocrx_word' id='word_1_509' title='bbox 743 2685 792 2721; x_wconf 91' lang='lat'>94</span> <span class='ocrx_word' id='word_1_510' title='bbox 820 2696 853 2721; x_wconf 89' lang='lat' dir='ltr'>e.</span> <span class='ocrx_word' id='word_1_511' title='bbox 888 2684 1215 2732; x_wconf 84' lang='grc' dir='ltr'>Σιαγόνος--Σοφο-</span> <span class='ocrx_word' id='word_1_512' title='bbox 1251 2672 1396 2718; x_wconf 52' lang='grc' dir='ltr'>*παρὰ</span> <span class='ocrx_word' id='word_1_513' title='bbox 1414 2673 1586 2718; x_wconf 65' lang='grc' dir='ltr'>Σοφοκλεῖ</span> <span class='ocrx_word' id='word_1_514' title='bbox 1609 2673 1645 2708; x_wconf 66' lang='lat'>‘³¹‘</span> <span class='ocrx_word' id='word_1_515' title='bbox 1667 2672 1882 2721; x_wconf 68' lang='grc' dir='ltr'>Ἀνδρομάχῃ</span> <span class='ocrx_word' id='word_1_516' title='bbox 1904 2672 2122 2724; x_wconf 68' lang='grc' dir='ltr'>(ἆνδρομᾶχφ</span> <span class='ocrx_word' id='word_1_517' title='bbox 2140 2671 2303 2722; x_wconf 63' lang='lat' dir='ltr'>Etymd·</span> 
     </span>
    </p>
   </div>
   <div class='ocr_carea' id='block_1_29' title="bbox 166 2735 1091 2788">
    <p class='ocr_par' dir='ltr' id='par_1_50' title="bbox 166 2735 1091 2788">
     <span class='ocr_line' id='line_1_89' title="bbox 166 2735 1091 2788; baseline -0.001 -14"><span class='ocrx_word' id='word_1_518' title='bbox 166 2741 246 2784; x_wconf 90' lang='grc' dir='ltr'>κλῆς</span> <span class='ocrx_word' id='word_1_519' title='bbox 263 2738 397 2787; x_wconf 86' lang='grc' dir='ltr'>Ἀμύκῳ</span> <span class='ocrx_word' id='word_1_520' title='bbox 418 2741 440 2758; x_wconf 87' lang='grc'><strong>“</strong></span> <span class='ocrx_word' id='word_1_521' title='bbox 455 2741 617 2788; x_wconf 83' lang='grc' dir='ltr'>Σιαγόνας</span> <span class='ocrx_word' id='word_1_522' title='bbox 634 2755 671 2775; x_wconf 90' lang='grc' dir='ltr'>τε</span> <span class='ocrx_word' id='word_1_523' title='bbox 689 2740 730 2786; x_wconf 82' lang='grc' dir='ltr'>δὴ</span> <span class='ocrx_word' id='word_1_524' title='bbox 748 2739 922 2786; x_wconf 84' lang='grc' dir='ltr'>μαλθακὰς</span> <span class='ocrx_word' id='word_1_525' title='bbox 940 2735 1091 2785; x_wconf 82' lang='grc' dir='ltr'>τίθησι.”</span> 
     </span>
    </p>
   </div>
   <div class='ocr_carea' id='block_1_30' title="bbox 560 2876 825 2907">
    <p class='ocr_par' dir='ltr' id='par_1_51' title="bbox 560 2876 825 2907">
     <span class='ocr_line' id='line_1_90' title="bbox 560 2876 825 2907; baseline -0.004 -1"><span class='ocrx_word' id='word_1_526' title='bbox 560 2876 825 2907; x_wconf 85' lang='grc' dir='ltr'>ΑΜΦῙΑΡΕΩΣ.</span> 
     </span>
    </p>
   </div>
   <div class='ocr_carea' id='block_1_31' title="bbox 164 2953 1234 3107">
    <p class='ocr_par' dir='ltr' id='par_1_52' title="bbox 164 2953 1234 3107">
     <span class='ocr_line' id='line_1_91' title="bbox 220 2953 1221 3003; baseline -0.001 -13"><span class='ocrx_word' id='word_1_527' title='bbox 220 2956 307 2990; x_wconf 85' lang='grc'>115.</span> <span class='ocrx_word' id='word_1_528' title='bbox 338 2953 462 2990; x_wconf 84' lang='lat' dir='ltr'><strong>Schol.</strong></span> <span class='ocrx_word' id='word_1_529' title='bbox 480 2953 673 3003; x_wconf 85' lang='lat' dir='ltr'><strong>Aristoph.</strong></span> <span class='ocrx_word' id='word_1_530' title='bbox 691 2953 737 2989; x_wconf 87' lang='lat' dir='ltr'><strong>ad</strong></span> <span class='ocrx_word' id='word_1_531' title='bbox 751 2953 877 2989; x_wconf 76' lang='lat' dir='ltr'><strong>Ranas</strong></span> <span class='ocrx_word' id='word_1_532' title='bbox 893 2953 981 2989; x_wconf 87' lang='lat'>484.</span> <span class='ocrx_word' id='word_1_533' title='bbox 1019 2954 1221 3001; x_wconf 84' lang='grc' dir='ltr'>Ὣρακιᾶσαι</span> 
     </span>
     <span class='ocr_line' id='line_1_92' title="bbox 164 3007 1234 3056; baseline -0.001 -13"><span class='ocrx_word' id='word_1_534' title='bbox 164 3007 301 3056; x_wconf 70' lang='grc' dir='ltr'>λέγεται</span> <span class='ocrx_word' id='word_1_535' title='bbox 329 3010 368 3042; x_wconf 85' lang='grc' dir='ltr'>τὸ</span> <span class='ocrx_word' id='word_1_536' title='bbox 397 3008 462 3042; x_wconf 81' lang='grc' dir='ltr'>ὑπὸ</span> <span class='ocrx_word' id='word_1_537' title='bbox 494 3009 611 3052; x_wconf 79' lang='grc' dir='ltr'>φόβου</span> <span class='ocrx_word' id='word_1_538' title='bbox 644 3009 826 3054; x_wconf 81' lang='grc' dir='ltr'>ὠχριᾶσαι,</span> <span class='ocrx_word' id='word_1_539' title='bbox 857 3008 923 3042; x_wconf 84' lang='grc' dir='ltr'>ἀπὸ</span> <span class='ocrx_word' id='word_1_540' title='bbox 955 3010 1014 3042; x_wconf 90' lang='grc' dir='ltr'>τοῦ</span> <span class='ocrx_word' id='word_1_541' title='bbox 1043 3007 1104 3051; x_wconf 86' lang='grc' dir='ltr'>τὴν</span> <span class='ocrx_word' id='word_1_542' title='bbox 1132 3007 1234 3053; x_wconf 58' lang='grc' dir='ltr'>ὥρανξ</span> 
     </span>
     <span class='ocr_line' id='line_1_93' title="bbox 164 3058 1219 3107; baseline -0.002 -11"><span class='ocrx_word' id='word_1_543' title='bbox 164 3060 310 3105; x_wconf 81' lang='grc' dir='ltr'>αἶκίζειν.</span> <span class='ocrx_word' id='word_1_544' title='bbox 348 3063 448 3095; x_wconf 80' lang='grc' dir='ltr'>τοῦτο</span> <span class='ocrx_word' id='word_1_545' title='bbox 467 3060 503 3094; x_wconf 82' lang='grc' dir='ltr'>δέ</span> <span class='ocrx_word' id='word_1_546' title='bbox 531 3062 710 3106; x_wconf 90' lang='grc' dir='ltr'>Σοφοκλῆς</span> <span class='ocrx_word' id='word_1_547' title='bbox 729 3058 821 3096; x_wconf 77' lang='grc' dir='ltr'>εἶπεν</span> <span class='ocrx_word' id='word_1_548' title='bbox 840 3061 875 3095; x_wconf 82' lang='grc' dir='ltr'>ἐν</span> <span class='ocrx_word' id='word_1_549' title='bbox 894 3059 1096 3107; x_wconf 81' lang='grc' dir='ltr'>Ἀμφιαράῳ</span> <span class='ocrx_word' id='word_1_550' title='bbox 1117 3074 1219 3094; x_wconf 87' lang='grc' dir='ltr'>σατυ-</span> 
     </span>
    </p>
   </div>
   <div class='ocr_carea' id='block_1_32' title="bbox 164 3116 255 3160">
    <p class='ocr_par' dir='ltr' id='par_1_53' title="bbox 164 3116 255 3160">
     <span class='ocr_line' id='line_1_94' title="bbox 164 3116 255 3160; baseline -0.022 -11"><span class='ocrx_word' id='word_1_551' title='bbox 164 3116 255 3160; x_wconf 84' lang='grc' dir='ltr'>ρικῶ.</span> 
     </span>
    </p>
   </div>
   <div class='ocr_carea' id='block_1_33' title="bbox 222 3150 1218 3212">
    <p class='ocr_par' dir='ltr' id='par_1_54' title="bbox 222 3150 1218 3212">
     <span class='ocr_line' id='line_1_95' title="bbox 222 3150 1218 3212; baseline -0.001 -12"><span class='ocrx_word' id='word_1_552' title='bbox 222 3150 303 3201; x_wconf 88' lang='lat' dir='ltr'>i16.</span> <span class='ocrx_word' id='word_1_553' title='bbox 335 3163 461 3201; x_wconf 87' lang='lat' dir='ltr'>Schol.</span> <span class='ocrx_word' id='word_1_554' title='bbox 483 3163 529 3199; x_wconf 84' lang='lat' dir='ltr'><strong>ad</strong></span> <span class='ocrx_word' id='word_1_555' title='bbox 542 3163 685 3212; x_wconf 85' lang='lat' dir='ltr'><strong>Vespas</strong></span> <span class='ocrx_word' id='word_1_556' title='bbox 709 3165 818 3200; x_wconf 79' lang='lat'>1501.</span> <span class='ocrx_word' id='word_1_557' title='bbox 876 3166 1055 3211; x_wconf 78' lang='grc' dir='ltr'>Σοφοκλῆς</span> <span class='ocrx_word' id='word_1_558' title='bbox 1072 3165 1218 3211; x_wconf 81' lang='grc' dir='ltr'>Ἀμφια-</span> 
     </span>
    </p>
   </div>
   <div class='ocr_carea' id='block_1_34' title="bbox 164 3234 940 3317">
    <p class='ocr_par' dir='ltr' id='par_1_55' title="bbox 164 3234 940 3317">
     <span class='ocr_line' id='line_1_96' title="bbox 164 3234 233 3267; baseline 0.014 -1"><span class='ocrx_word' id='word_1_559' title='bbox 164 3234 233 3267; x_wconf 67' lang='lat' dir='ltr'>ime</span> 
     </span>
     <span class='ocr_line' id='line_1_97' title="bbox 266 3269 940 3317; baseline 0 -11"><span class='ocrx_word' id='word_1_560' title='bbox 266 3271 305 3306; x_wconf 86' lang='lat' dir='ltr'>‘O</span> <span class='ocrx_word' id='word_1_561' title='bbox 324 3269 521 3315; x_wconf 79' lang='grc' dir='ltr'>πιννοτήρης</span> <span class='ocrx_word' id='word_1_562' title='bbox 539 3270 636 3305; x_wconf 85' lang='grc' dir='ltr'>τοῦδε</span> <span class='ocrx_word' id='word_1_563' title='bbox 656 3271 804 3315; x_wconf 87' lang='grc' dir='ltr'>μάντεως</span> <span class='ocrx_word' id='word_1_564' title='bbox 822 3274 940 3317; x_wconf 82' lang='grc' dir='ltr'>χοροῦ.</span> 
     </span>
    </p>
   </div>
   <div class='ocr_carea' id='block_1_35' title="bbox 1252 2721 2305 2879">
    <p class='ocr_par' dir='ltr' id='par_1_56' title="bbox 1252 2721 2305 2879">
     <span class='ocr_line' id='line_1_98' title="bbox 1254 2721 2302 2776; baseline 0.005 -18"><span class='ocrx_word' id='word_1_565' title='bbox 1254 2721 1354 2759; x_wconf 89' lang='lat' dir='ltr'>Gud.</span> <span class='ocrx_word' id='word_1_566' title='bbox 1374 2736 1412 2772; x_wconf 94' lang='lat' dir='ltr'>p.</span> <span class='ocrx_word' id='word_1_567' title='bbox 1433 2724 1523 2764; x_wconf 87' lang='lat'>452,</span> <span class='ocrx_word' id='word_1_568' title='bbox 1546 2725 1627 2771; x_wconf 87' lang='lat'>31.)</span> <span class='ocrx_word' id='word_1_569' title='bbox 1648 2726 1705 2763; x_wconf 80' lang='grc' dir='ltr'>ἐπὶ</span> <span class='ocrx_word' id='word_1_570' title='bbox 1728 2729 1788 2763; x_wconf 85' lang='grc' dir='ltr'>τοῦ</span> <span class='ocrx_word' id='word_1_571' title='bbox 1813 2728 1967 2776; x_wconf 80' lang='grc' dir='ltr'>ἇγγὲλου</span> <span class='ocrx_word' id='word_1_572' title='bbox 1986 2727 2126 2775; x_wconf 83' lang='grc' dir='ltr'>εἴρηται.</span> <span class='ocrx_word' id='word_1_573' title='bbox 2155 2725 2302 2763; x_wconf 83' lang='lat' dir='ltr'><strong>Andro·</strong></span> 
     </span>
     <span class='ocr_line' id='line_1_99' title="bbox 1252 2776 2302 2829; baseline 0.004 -18"><span class='ocrx_word' id='word_1_574' title='bbox 1252 2776 1421 2812; x_wconf 88' lang='lat' dir='ltr'><strong>macham</strong></span> <span class='ocrx_word' id='word_1_575' title='bbox 1444 2777 1638 2826; x_wconf 89' lang='lat' dir='ltr'><strong>Sophoclis</strong></span> <span class='ocrx_word' id='word_1_576' title='bbox 1656 2791 1766 2815; x_wconf 89' lang='lat' dir='ltr'><strong>nemo</strong></span> <span class='ocrx_word' id='word_1_577' title='bbox 1787 2786 1923 2828; x_wconf 82' lang='lat' dir='ltr'><strong>praeter</strong></span> <span class='ocrx_word' id='word_1_578' title='bbox 1940 2779 2206 2829; x_wconf 87' lang='lat' dir='ltr'><strong>Etymologum</strong></span> <span class='ocrx_word' id='word_1_579' title='bbox 2225 2790 2302 2815; x_wconf 89' lang='lat' dir='ltr'>me-</span> 
     </span>
     <span class='ocr_line' id='line_1_100' title="bbox 1252 2830 2305 2879; baseline 0.004 -15"><span class='ocrx_word' id='word_1_580' title='bbox 1252 2835 1385 2871; x_wconf 86' lang='lat' dir='ltr'><strong>morat,</strong></span> <span class='ocrx_word' id='word_1_581' title='bbox 1418 2830 1527 2879; x_wconf 87' lang='lat' dir='ltr'><strong>cujus</strong></span> <span class='ocrx_word' id='word_1_582' title='bbox 1564 2832 1823 2869; x_wconf 79' lang='lat' dir='ltr'><strong>auctoritatem</strong></span> <span class='ocrx_word' id='word_1_583' title='bbox 1859 2832 1966 2869; x_wconf 82' lang='lat' dir='ltr'><strong>valde</strong></span> <span class='ocrx_word' id='word_1_584' title='bbox 1998 2832 2147 2870; x_wconf 84' lang='lat' dir='ltr'><strong>dubiam</strong></span> <span class='ocrx_word' id='word_1_585' title='bbox 2183 2831 2305 2869; x_wconf 89' lang='lat' dir='ltr'><strong>reddit</strong></span> 
     </span>
    </p>
   </div>
   <div class='ocr_carea' id='block_1_36' title="bbox 1231 2881 2302 2949">
    <p class='ocr_par' dir='ltr' id='par_1_57' title="bbox 1231 2881 2302 2949">
     <span class='ocr_line' id='line_1_101' title="bbox 1231 2881 2302 2949; baseline 0.006 -32"><span class='ocrx_word' id='word_1_586' title='bbox 1231 2881 1354 2949; x_wconf 70' lang='lat' dir='ltr'><strong>&#39;locus</strong></span> <span class='ocrx_word' id='word_1_587' title='bbox 1378 2883 1613 2931; x_wconf 84' lang='lat' dir='ltr'><strong>grammatici</strong></span> <span class='ocrx_word' id='word_1_588' title='bbox 1637 2884 1676 2921; x_wconf 89' lang='lat' dir='ltr'>in</span> <span class='ocrx_word' id='word_1_589' title='bbox 1701 2885 1902 2934; x_wconf 88' lang='lat' dir='ltr'><strong>appendice</strong></span> <span class='ocrx_word' id='word_1_590' title='bbox 1928 2885 2050 2922; x_wconf 88' lang='lat' dir='ltr'><strong>Photii</strong></span> <span class='ocrx_word' id='word_1_591' title='bbox 2067 2899 2105 2935; x_wconf 93' lang='lat' dir='ltr'>p.</span> <span class='ocrx_word' id='word_1_592' title='bbox 2127 2885 2217 2928; x_wconf 83' lang='lat'><strong>674,</strong></span> <span class='ocrx_word' id='word_1_593' title='bbox 2238 2887 2302 2923; x_wconf 89' lang='lat'>25.</span> 
     </span>
    </p>
   </div>
   <div class='ocr_carea' id='block_1_37' title="bbox 1250 2939 2305 3043">
    <p class='ocr_par' dir='ltr' id='par_1_58' title="bbox 1250 2939 2305 3043">
     <span class='ocr_line' id='line_1_102' title="bbox 1251 2939 2305 2988; baseline 0.005 -16"><span class='ocrx_word' id='word_1_594' title='bbox 1251 2939 1441 2984; x_wconf 87' lang='grc' dir='ltr'>σαγγάνδαι</span> <span class='ocrx_word' id='word_1_595' title='bbox 1468 2939 1506 2974; x_wconf 83' lang='grc' dir='ltr'>δέ</span> <span class='ocrx_word' id='word_1_596' title='bbox 1533 2940 1565 2974; x_wconf 84' lang='grc' dir='ltr'>οἱ</span> <span class='ocrx_word' id='word_1_597' title='bbox 1591 2940 1884 2986; x_wconf 84' lang='grc' dir='ltr'>ἀποστελλόμενοι</span> <span class='ocrx_word' id='word_1_598' title='bbox 1906 2942 2096 2977; x_wconf 88' lang='grc' dir='ltr'>καλοῦνται.</span> <span class='ocrx_word' id='word_1_599' title='bbox 2125 2941 2305 2988; x_wconf 80' lang='grc' dir='ltr'>Σοφοκλῆς</span> 
     </span>
     <span class='ocr_line' id='line_1_103' title="bbox 1250 2991 2304 3043; baseline 0.005 -18"><span class='ocrx_word' id='word_1_600' title='bbox 1250 2991 1286 3025; x_wconf 79' lang='grc' dir='ltr'>δὲ</span> <span class='ocrx_word' id='word_1_601' title='bbox 1306 2991 1342 3026; x_wconf 81' lang='grc' dir='ltr'>ἐν</span> <span class='ocrx_word' id='word_1_602' title='bbox 1355 2994 1426 3028; x_wconf 82' lang='grc' dir='ltr'>τοῖς</span> <span class='ocrx_word' id='word_1_603' title='bbox 1444 2993 1593 3038; x_wconf 87' lang='grc' dir='ltr'>Ποιμέσι</span> <span class='ocrx_word' id='word_1_604' title='bbox 1618 2995 1672 3029; x_wconf 87' lang='grc' dir='ltr'>καὶ</span> <span class='ocrx_word' id='word_1_605' title='bbox 1694 2995 1877 3042; x_wconf 80' lang='grc' dir='ltr'>Εὐριπίδης</span> <span class='ocrx_word' id='word_1_606' title='bbox 1895 2995 1930 3031; x_wconf 80' lang='grc' dir='ltr'>ἐν</span> <span class='ocrx_word' id='word_1_607' title='bbox 1948 2996 2101 3043; x_wconf 77' lang='grc' dir='ltr'>Σκυρίοις</span> <span class='ocrx_word' id='word_1_608' title='bbox 2123 2995 2304 3043; x_wconf 84' lang='grc' dir='ltr'>παρασάγ-</span> 
     </span>
    </p>
   </div>
   <div class='ocr_carea' id='block_1_38' title="bbox 1229 3046 1680 3117">
    <p class='ocr_par' dir='ltr' id='par_1_59' title="bbox 1229 3046 1680 3117">
     <span class='ocr_line' id='line_1_104' title="bbox 1229 3046 1680 3117; baseline 0.009 -38"><span class='ocrx_word' id='word_1_609' title='bbox 1229 3048 1310 3117; x_wconf 57' lang='lat' dir='ltr'><strong>{yos</strong></span> <span class='ocrx_word' id='word_1_610' title='bbox 1330 3046 1450 3083; x_wconf 79' lang='grc' dir='ltr'>αὐτοὺς</span> <span class='ocrx_word' id='word_1_611' title='bbox 1469 3047 1680 3093; x_wconf 86' lang='grc' dir='ltr'>κεκλήκασιν.</span> 
     </span>
    </p>
   </div>
   <div class='ocr_carea' id='block_1_39' title="bbox 1307 3152 2301 3263">
    <p class='ocr_par' dir='ltr' id='par_1_60' title="bbox 1307 3152 2301 3263">
     <span class='ocr_line' id='line_1_105' title="bbox 1629 3152 1918 3183; baseline 0.003 -1"><span class='ocrx_word' id='word_1_612' title='bbox 1629 3152 1918 3183; x_wconf 84' lang='grc' dir='ltr'>ΑΝΔΡΟΜΕΔΑ.</span> 
     </span>
     <span class='ocr_line' id='line_1_106' title="bbox 1307 3211 2301 3263; baseline 0.007 -16"><span class='ocrx_word' id='word_1_613' title='bbox 1307 3213 1393 3248; x_wconf 88' lang='grc'>128.</span> <span class='ocrx_word' id='word_1_614' title='bbox 1424 3211 1691 3251; x_wconf 83' lang='lat' dir='ltr'><strong>Eratosthenes</strong></span> <span class='ocrx_word' id='word_1_615' title='bbox 1705 3213 1959 3252; x_wconf 82' lang='lat' dir='ltr'><strong>Catasterism.</strong></span> <span class='ocrx_word' id='word_1_616' title='bbox 1981 3215 2040 3252; x_wconf 89' lang='lat'>16.</span> <span class='ocrx_word' id='word_1_617' title='bbox 2067 3217 2135 3263; x_wconf 84' lang='grc' dir='ltr'>Τὴν</span> <span class='ocrx_word' id='word_1_618' title='bbox 2148 3216 2301 3254; x_wconf 79' lang='grc' dir='ltr'>Κασσιέ-</span> 
     </span>
    </p>
   </div>
   <div class='ocr_carea' id='block_1_40' title="bbox 1232 3268 2304 3319">
    <p class='ocr_par' dir='ltr' id='par_1_61' title="bbox 1232 3268 2304 3319">
     <span class='ocr_line' id='line_1_107' title="bbox 1232 3268 2304 3319; baseline 0.003 -16"><span class='ocrx_word' id='word_1_619' title='bbox 1232 3281 1346 3303; x_wconf 79' lang='grc' dir='ltr'>ιπειαν</span> <span class='ocrx_word' id='word_1_620' title='bbox 1378 3268 1510 3315; x_wconf 81' lang='grc' dir='ltr'>ἱστορεῖ</span> <span class='ocrx_word' id='word_1_621' title='bbox 1539 3269 1718 3315; x_wconf 87' lang='grc' dir='ltr'>Σοφοκλῆς</span> <span class='ocrx_word' id='word_1_622' title='bbox 1745 3271 1764 3304; x_wconf 89' lang='grc' dir='ltr'><strong><em>ὁ</em></strong></span> <span class='ocrx_word' id='word_1_623' title='bbox 1791 3272 1850 3315; x_wconf 87' lang='grc' dir='ltr'>τῆς</span> <span class='ocrx_word' id='word_1_624' title='bbox 1879 3270 2068 3319; x_wconf 83' lang='grc' dir='ltr'>τραγῳδίας</span> <span class='ocrx_word' id='word_1_625' title='bbox 2098 3270 2237 3317; x_wconf 85' lang='grc' dir='ltr'>ποιητὴς</span> <span class='ocrx_word' id='word_1_626' title='bbox 2267 3270 2304 3306; x_wconf 79' lang='grc' dir='ltr'>ἐν</span> 
     </span>
    </p>
   </div>
   <div class='ocr_carea' id='block_1_41' title="bbox 218 3319 2302 3372">
    <p class='ocr_par' dir='ltr' id='par_1_62' title="bbox 218 3319 2302 3372">
     <span class='ocr_line' id='line_1_108' title="bbox 218 3319 2302 3372; baseline 0.001 -14"><span class='ocrx_word' id='word_1_627' title='bbox 218 3320 305 3359; x_wconf 83' lang='grc'>117.</span> <span class='ocrx_word' id='word_1_628' title='bbox 337 3328 360 3341; x_wconf 85' lang='grc'><strong><em>“</em></strong></span> <span class='ocrx_word' id='word_1_629' title='bbox 376 3322 581 3358; x_wconf 84' lang='lat' dir='ltr'><strong>Athenaeus</strong></span> <span class='ocrx_word' id='word_1_630' title='bbox 600 3320 649 3356; x_wconf 89' lang='lat' dir='ltr'>X.</span> <span class='ocrx_word' id='word_1_631' title='bbox 671 3334 709 3369; x_wconf 86' lang='lat' dir='ltr'>p.</span> <span class='ocrx_word' id='word_1_632' title='bbox 730 3322 809 3357; x_wconf 62' lang='lat'><strong>454⁴</strong></span> <span class='ocrx_word' id='word_1_633' title='bbox 826 3321 853 3358; x_wconf 91' lang='lat' dir='ltr'>f.</span> <span class='ocrx_word' id='word_1_634' title='bbox 881 3327 1077 3370; x_wconf 88' lang='lat' dir='ltr'><strong>postquam</strong></span> <span class='ocrx_word' id='word_1_635' title='bbox 1103 3321 1218 3371; x_wconf 77' lang='lat' dir='ltr'><strong>tragi-</strong></span> <span class='ocrx_word' id='word_1_636' title='bbox 1249 3319 1468 3367; x_wconf 81' lang='grc' dir='ltr'>Ἀνδρομέδᾳ,</span> <span class='ocrx_word' id='word_1_637' title='bbox 1484 3321 1651 3368; x_wconf 82' lang='grc' dir='ltr'>ἐρίσασαν</span> <span class='ocrx_word' id='word_1_638' title='bbox 1667 3324 1745 3370; x_wconf 84' lang='grc' dir='ltr'>περὶ</span> <span class='ocrx_word' id='word_1_639' title='bbox 1764 3325 1910 3361; x_wconf 85' lang='grc' dir='ltr'>κάλλους</span> <span class='ocrx_word' id='word_1_640' title='bbox 1921 3326 1994 3362; x_wconf 80' lang='grc' dir='ltr'>ταῖς</span> <span class='ocrx_word' id='word_1_641' title='bbox 2009 3325 2176 3372; x_wconf 83' lang='grc' dir='ltr'>Νηρηίσιν</span> <span class='ocrx_word' id='word_1_642' title='bbox 2189 3325 2302 3360; x_wconf 79' lang='grc' dir='ltr'>εἴσελ-</span> 
     </span>
    </p>
   </div>
   <div class='ocr_carea' id='block_1_42' title="bbox 2388 0 2488 1453">
    <p class='ocr_par' dir='ltr' id='par_1_63' title="bbox 2388 0 2488 1453">
     <span class='ocr_line' id='line_1_109' title="bbox 2388 0 2488 1453; baseline 0 0"><span class='ocrx_word' id='word_1_643' title='bbox 2388 0 2488 1453; x_wconf 95' lang='lat' dir='ltr'> </span> 
     </span>
    </p>
   </div>
   <div class='ocr_carea' id='block_1_43' title="bbox 164 3372 2304 3586">
    <p class='ocr_par' dir='ltr' id='par_1_64' title="bbox 164 3372 2304 3586">
     <span class='ocr_line' id='line_1_110' title="bbox 164 3372 2304 3425; baseline 0.001 -14"><span class='ocrx_word' id='word_1_644' title='bbox 164 3387 289 3412; x_wconf 77' lang='lat' dir='ltr'><strong>corum</strong></span> <span class='ocrx_word' id='word_1_645' title='bbox 320 3375 437 3421; x_wconf 81' lang='grc' dir='ltr'>ῥήσεις</span> <span class='ocrx_word' id='word_1_646' title='bbox 464 3372 603 3421; x_wconf 85' lang='lat' dir='ltr'><strong>aliquot</strong></span> <span class='ocrx_word' id='word_1_647' title='bbox 629 3374 794 3421; x_wconf 78' lang='lat' dir='ltr'><strong>protulit,</strong></span> <span class='ocrx_word' id='word_1_648' title='bbox 823 3374 859 3409; x_wconf 89' lang='lat' dir='ltr'>in</span> <span class='ocrx_word' id='word_1_649' title='bbox 889 3375 1023 3422; x_wconf 81' lang='lat' dir='ltr'><strong>quibus</strong></span> <span class='ocrx_word' id='word_1_650' title='bbox 1050 3374 1219 3412; x_wconf 81' lang='lat' dir='ltr'><strong>homines</strong></span> <span class='ocrx_word' id='word_1_651' title='bbox 1251 3373 1321 3409; x_wconf 85' lang='grc' dir='ltr'>θεῖν</span> <span class='ocrx_word' id='word_1_652' title='bbox 1351 3375 1398 3410; x_wconf 85' lang='grc' dir='ltr'>εἷς</span> <span class='ocrx_word' id='word_1_653' title='bbox 1424 3375 1463 3408; x_wconf 88' lang='grc' dir='ltr'>τὸ</span> <span class='ocrx_word' id='word_1_654' title='bbox 1491 3389 1682 3422; x_wconf 88' lang='grc' dir='ltr'>συμπτωμα</span> <span class='ocrx_word' id='word_1_655' title='bbox 1713 3378 1766 3412; x_wconf 80' lang='grc' dir='ltr'>καὶ</span> <span class='ocrx_word' id='word_1_656' title='bbox 1793 3378 1993 3414; x_wconf 82' lang='grc' dir='ltr'>Ποσειδῶνα</span> <span class='ocrx_word' id='word_1_657' title='bbox 2023 3378 2218 3425; x_wconf 87' lang='grc' dir='ltr'>διαφθεῖραι</span> <span class='ocrx_word' id='word_1_658' title='bbox 2242 3377 2304 3423; x_wconf 74' lang='grc' dir='ltr'>τὴν</span> 
     </span>
     <span class='ocr_line' id='line_1_111' title="bbox 164 3426 2304 3478; baseline 0.002 -14"><span class='ocrx_word' id='word_1_659' title='bbox 164 3427 290 3464; x_wconf 83' lang='lat' dir='ltr'><strong>rustici</strong></span> <span class='ocrx_word' id='word_1_660' title='bbox 316 3427 575 3473; x_wconf 88' lang='lat' dir='ltr'><strong>literarumque</strong></span> <span class='ocrx_word' id='word_1_661' title='bbox 603 3426 723 3472; x_wconf 77' lang='lat' dir='ltr'><strong>rudeS‚</strong></span> <span class='ocrx_word' id='word_1_662' title='bbox 750 3426 1002 3463; x_wconf 85' lang='lat' dir='ltr'><strong>describentes</strong></span> <span class='ocrx_word' id='word_1_663' title='bbox 1030 3427 1219 3464; x_wconf 85' lang='lat' dir='ltr'><strong>literarum</strong></span> <span class='ocrx_word' id='word_1_664' title='bbox 1251 3430 1375 3475; x_wconf 84' lang='grc' dir='ltr'>χώραν,</span> <span class='ocrx_word' id='word_1_665' title='bbox 1391 3428 1488 3471; x_wconf 82' lang='grc' dir='ltr'>κῆτος</span> <span class='ocrx_word' id='word_1_666' title='bbox 1506 3428 1923 3476; x_wconf 74' lang='grc' dir='ltr'>ἐπιπέμψαντα.-1ᾶεω</span> <span class='ocrx_word' id='word_1_667' title='bbox 1941 3431 2003 3467; x_wconf 88' lang='grc'>36.</span> <span class='ocrx_word' id='word_1_668' title='bbox 2031 3432 2304 3478; x_wconf 78' lang='grc' dir='ltr'>Τοῦτοτὸκῆτός</span> 
     </span>
     <span class='ocr_line' id='line_1_112' title="bbox 164 3478 2304 3530; baseline 0.002 -13"><span class='ocrx_word' id='word_1_669' title='bbox 164 3481 312 3529; x_wconf 84' lang='lat' dir='ltr'><strong>figuras,</strong></span> <span class='ocrx_word' id='word_1_670' title='bbox 333 3478 565 3529; x_wconf 77' lang='lat' dir='ltr'><strong>aenigmatice</strong></span> <span class='ocrx_word' id='word_1_671' title='bbox 583 3490 823 3526; x_wconf 82' lang='lat' dir='ltr'><strong>personarum</strong></span> <span class='ocrx_word' id='word_1_672' title='bbox 843 3479 993 3515; x_wconf 87' lang='lat' dir='ltr'><strong>nomina</strong></span> <span class='ocrx_word' id='word_1_673' title='bbox 1008 3479 1218 3529; x_wconf 87' lang='lat' dir='ltr'><strong>designant,</strong></span> <span class='ocrx_word' id='word_1_674' title='bbox 1251 3481 1346 3516; x_wconf 81' lang='grc' dir='ltr'>ἐστιν</span> <span class='ocrx_word' id='word_1_675' title='bbox 1370 3479 1388 3515; x_wconf 86' lang='grc' dir='ltr'><strong><em>ὃ</em></strong></span> <span class='ocrx_word' id='word_1_676' title='bbox 1413 3482 1591 3517; x_wconf 82' lang='grc' dir='ltr'>Ποσειδῶν</span> <span class='ocrx_word' id='word_1_677' title='bbox 1617 3484 1753 3530; x_wconf 74' lang='grc' dir='ltr'>ἔπεμψε</span> <span class='ocrx_word' id='word_1_678' title='bbox 1780 3485 1902 3530; x_wconf 83' lang='grc' dir='ltr'>Κηφεῖ,</span> <span class='ocrx_word' id='word_1_679' title='bbox 1923 3485 1978 3520; x_wconf 81' lang='grc' dir='ltr'>διὰ</span> <span class='ocrx_word' id='word_1_680' title='bbox 2003 3485 2044 3520; x_wconf 79' lang='grc' dir='ltr'>τὸ</span> <span class='ocrx_word' id='word_1_681' title='bbox 2072 3485 2304 3521; x_wconf 72' lang='grc' dir='ltr'>Κασσιέπειαν</span> 
     </span>
     <span class='ocr_line' id='line_1_113' title="bbox 165 3531 2297 3586; baseline 0.003 -16"><span class='ocrx_word' id='word_1_682' title='bbox 165 3531 360 3580; x_wconf 79' lang='lat' dir='ltr'><strong>Sophoclis</strong></span> <span class='ocrx_word' id='word_1_683' title='bbox 379 3531 548 3570; x_wconf 85' lang='lat' dir='ltr'><strong>meminit</strong></span> <span class='ocrx_word' id='word_1_684' title='bbox 566 3531 746 3567; x_wconf 80' lang='lat' dir='ltr'><strong>rusticum</strong></span> <span class='ocrx_word' id='word_1_685' title='bbox 774 3531 994 3578; x_wconf 82' lang='lat' dir='ltr'><strong>inducentis,</strong></span> <span class='ocrx_word' id='word_1_686' title='bbox 1014 3533 1076 3581; x_wconf 88' lang='lat' dir='ltr'>qui</span> <span class='ocrx_word' id='word_1_687' title='bbox 1094 3533 1217 3571; x_wconf 82' lang='lat' dir='ltr'><strong>litera·</strong></span> <span class='ocrx_word' id='word_1_688' title='bbox 1252 3534 1364 3582; x_wconf 83' lang='grc' dir='ltr'>ἐρίσαι</span> <span class='ocrx_word' id='word_1_689' title='bbox 1390 3534 1468 3580; x_wconf 81' lang='grc' dir='ltr'>περὶ</span> <span class='ocrx_word' id='word_1_690' title='bbox 1495 3535 1641 3573; x_wconf 86' lang='grc' dir='ltr'>κάλλους</span> <span class='ocrx_word' id='word_1_691' title='bbox 1671 3539 1745 3574; x_wconf 85' lang='grc' dir='ltr'>ταῖς</span> <span class='ocrx_word' id='word_1_692' title='bbox 1772 3538 1932 3584; x_wconf 82' lang='grc' dir='ltr'>Νηρηίσι·</span> <span class='ocrx_word' id='word_1_693' title='bbox 1979 3538 2135 3586; x_wconf 81' lang='grc' dir='ltr'>Περσεὺς</span> <span class='ocrx_word' id='word_1_694' title='bbox 2161 3536 2193 3575; x_wconf 80' lang='grc' dir='ltr'>δ’</span> <span class='ocrx_word' id='word_1_695' title='bbox 2220 3538 2297 3576; x_wconf 63' lang='lat' dir='ltr'>affl</span> 
     </span>
    </p>
   </div>
  </div>
 </body>
</html>
