2488 3860
212 251 294 295 ‘256

310 354 415 392 πειθὼ
433 354 679 402 διαφθείρουσα
695 354 806 400 τῆσδ’,
826 356 898 392 ἐπεὶ
915 355 1009 404 λέγει

312 409 431 448 καλῶς,
451 410 633 454 κακοῦργος
650 406 747 443 οὖσα·
775 408 882 445 δεινὸν
899 408 958 445 οὖν
973 409 1061 444 τόδε.

213 465 280 496 ΕΚ.
308 461 380 496 ταῖς
398 459 508 495 θεαῖσι
525 463 642 507 πρῶτα
659 459 836 507 σύμμαχος
852 460 1047 508 γενήσομαι,

312 513 366 547 καὶ
382 510 480 556 τήνδε
498 511 596 555 δείξω
614 512 659 558 μὴ
677 512 850 560 λέγουσαν
866 514 985 549 ἔνδικα.

314 564 380 610 ἐγὼ
397 565 463 611 γὰρ
475 562 589 611 Ἥραν
605 564 770 612 παρθένον
785 580 823 601 τε
840 566 1006 601 Παλλάδα

313 616 406 651 σῦκ’
390 632 421 653 ες
440 620 603 653 τοσοῦτον
620 617 762 663 ἀμαθίας
780 618 892 653 ἐλθεῖν
908 619 995 653 δοκῶ

313 667 399 703 ὥσθ’
418 668 438 713 ἡ
456 667 539 714 μέν’
541 675 650 716 Αργος
666 671 854 717 βαρβάροις
871 670 1064 715 ἀπημπόλα,

313 721 456 757 Παλλὰς
474 720 503 756 δ’
522 720 660 766 Ἀθήνας
681 722 786 768 Φρυξὶ
805 721 975 758 δουλεύειν
991 723 1084 763 ποτέ,

313 770 348 807 αἲ
364 773 531 809 παιδιαῖσι
550 774 602 809 καὶ
619 775 722 820 χλιδῇ
740 776 874 822 μορφῆς
890 776 968 821 πέρι

312 823 418 869 ἦλθον
433 827 518 872 πρὸς
527 824 631 870 Ἴδην.
668 829 728 861 τοῦ
744 828 810 874 γὰρ
828 825 933 861 οὕνεκ’
953 827 994 862 ἂν
1011 826 1071 861 θεὰ

309 876 404 924 Ἦρα
420 881 584 913 τοσοῦτον
601 876 678 924 ἔσχ’
698 879 805 925 ἔρωτα
823 880 1009 923 καλλονῆς;

313 931 456 976 πότερον
474 930 615 975 ἀμείνον’
635 931 680 967 ὡς
696 932 801 974 λάβοι
820 933 899 967 Διὸς
915 933 1030 971 πόσιν,

314 981 334 1027 ἢ
352 982 460 1029 γάμον
476 982 600 1018 Ἀθάνα
619 983 703 1018 θεῶν
719 997 807 1020 τινος
825 983 1005 1030 θηρωμένη,

314 1032 334 1078 ἦ
352 1034 549 1081 παρθενείαν
565 1035 690 1082 πατρὸς
710 1034 909 1080 ἐξῃτήσατο,

315 1086 494 1133 φεύγουσα
510 1087 657 1134 λέκτρας
685 1087 846 1133 μάμαθεῖς
862 1087 950 1123 ποίει
969 1087 1047 1123 θεὸς

1187 522 1249 558 970

1189 784 1248 819 975

1190 1038 1253 1079 980

314 1140 354 1174 τὸ
372 1140 436 1174 σὸν
453 1140 552 1174 κακὸν
570 1142 757 1185 κοσμοῦσα·
784 1139 829 1185 μὴ
848 1140 887 1174 οὗ
904 1140 1025 1184 πείσῃς
1044 1137 1186 1186 σοφούς.

314 1190 443 1238 Κύπριν
460 1192 489 1226 δ’
507 1191 636 1235 ἔλεξας,
654 1195 758 1228 ταῦτα
774 1193 839 1239 γὰρ
856 1190 967 1238 γέλως
979 1192 1097 1233 πολὺς,

315 1243 426 1279 ἐλθεῖν
443 1244 510 1292 ἐμῷ
529 1243 589 1287 ξὺν
605 1245 699 1280 παιδὶ
718 1243 875 1279 Μενέλεω
895 1245 1026 1288 δόμους.

315 1297 374 1331 οὐκ
391 1296 431 1331 ἂν
447 1295 582 1341 μένουσ’
601 1297 641 1331 ἂν
658 1297 787 1342 ἥσυχός
805 1296 838 1332 σ’
859 1296 894 1330 ἐν
912 1298 1039 1345 οὐρανῷ

315 1348 427 1384 αὐταῖς
447 1347 626 1394 Ἀμύκλαις
645 1351 769 1395 ἤγαγεν
785 1350 870 1396 πρὸς
880 1347 1010 1389 Ἴλιον,-

313 1399 353 1445 ἦν
371 1401 471 1445 οὑμὸς
487 1401 558 1437 υἱὸς
575 1402 702 1438 κάλλος
719 1402 994 1448 ἐκπρεπέστατος,

314 1455 333 1487 ὁ
352 1454 414 1489 σὸς
431 1451 462 1488 δ’
484 1454 562 1488 ἰδών
580 1467 629 1487 νιν
646 1457 721 1490 νοῦς
740 1453 877 1499 ἐποιήθη
897 1452 1035 1500 Κύπρις·

314 1508 354 1539 τὰ
372 1509 467 1551 μῶρα
484 1506 550 1553 γὰρ
567 1505 661 1540 πάντ’
681 1506 775 1541 ἐστὶν
794 1506 978 1553 Ἀφροδίτη
997 1507 1145 1552 βροτοῖς,

316 1558 369 1592 καὶ
386 1557 516 1603 τοῦνομ’
536 1557 643 1604 ὀρθῶς
661 1557 856 1605 ἀφροσύνης
873 1558 970 1605 ἄρχει
988 1557 1075 1593 θεᾶς·

316 1608 354 1644 ὅν
370 1609 402 1656 γ’
423 1610 600 1645 εἰσιδοῦσα
617 1612 805 1658 βαρβάροις
823 1610 992 1655 ἐσθήμασι

312 1665 432 1709 χρυσῷ
450 1677 486 1697 τε
503 1663 660 1729 >known-[151¹
677 1663 909 1728 ἐξεμαργώθης
926 1662 1061 1708 φρένας

314 1714 350 1748 ἐν
366 1715 427 1759 μὲν
443 1716 509 1761 γὰρ
519 1713 641 1761 ’Άργει
658 1712 748 1762 μίκρ’
770 1714 889 1762 ἔχουσ’
909 1714 1133 1762 ἀνεστρέφου,

314 1768 465 1814 Σπάρτης
484 1766 514 1802 δ’
534 1768 795 1813 ἀπαλλαχθεῖσα
811 1768 871 1813 τὴν
889 1771 1028 1814 Φρυγῶν
1044 1770 1146 1804 πόλιν

312 1823 431 1867 χρυσῷ
446 1819 590 1867 ῥέουσαν
607 1821 757 1864 ἤλπισας
774 1818 996 1855 κατακλύσειν

315 1872 523 1907 δαπάναισιν·
552 1871 620 1907 οὐδ’
638 1871 679 1917 ἦν
697 1873 790 1908 ἱκανά
810 1887 867 1908 σοι
880 1872 922 1907 τὰ
940 1872 1098 1908 Μενέλεω

312 1923 464 1971 μέλαθρα
481 1925 554 1960 ταῖς
573 1926 650 1961 σαῖς
667 1924 918 1972 ἐγκαθυβρίζειν
934 1926 1089 1971 τρυφαῖς.

316 1973 390 2020 εἷεν,
408 1976 468 2022 βίᾳ
485 1977 551 2023 γὰρ
568 1978 671 2012 παῖδα
688 1976 757 2023 φῄς
775 1975 811 2012 σ’
831 1977 924 2024 ἄγειν
942 1978 1030 2022 ἐμόν·

313 2032 364 2068 τίς
381 2032 593 2080 Σπαρτιατῶν
610 2028 738 2078 ᾔσθετ’,
757 2029 777 2079 ἢ
793 2030 892 2070 ποίαν
905 2032 992 2079 βοὴν
1012 2060 1018 2062 -

313 2084 541 2128 ἀνωλόλυξας,
563 2086 738 2133 Κάστορος
755 2086 883 2122 νεανίου

313 2139 372 2172 τοῦ
391 2137 538 2184 συζύγου
555 2137 585 2173 τ’
605 2138 649 2173 ἔτ’
672 2138 776 2178 ὄντος,
796 2139 835 2173 οὗ
854 2135 926 2174 κατ’
945 2138 1056 2186 ἄστρα
1072 2154 1135 2175 πω,

314 2190 386 2225 ἐπεὶ
404 2191 439 2225 δέ
458 2191 579 2237 Τροίαν
596 2188 700 2234 ἦλθες
719 2188 869 2238 Ἀργεῖοί
883 2191 921 2226 τέ
939 2206 1004 2227 σου

314 2242 382 2278 κατ’
401 2241 504 2288 ἰ’χνος,
523 2241 565 2286 ἦν
583 2243 619 2277 δὲ
638 2244 811 2290 δοριπετὴς
828 2244 964 2290 ἀγωνία,

315 2295 343 2329 εἰ
361 2295 421 2340 μὲν
438 2296 479 2330 τὰ
496 2295 594 2330 τοῦδε
612 2295 783 2341 κρείσσον’
803 2296 1011 2343 ἀγγέλλοιτό
1029 2311 1097 2341 σοι,

315 2346 491 2382 Μενέλαον
507 2345 606 2392 ᾔνεις,
625 2350 702 2384 παῖς
720 2347 809 2385 ὅπως
825 2348 956 2384 λυποῖτ’
976 2349 1065 2395 ἐμὸς,

315 2400 403 2445 ἔχων
421 2400 542 2446 ἔρωτος
560 2399 808 2447 ἀνταγωνιστὴν
825 2401 939 2448 μέγαν·

316 2452 345 2486 εἶ
364 2448 393 2486 δ’
413 2453 583 2497 εὐτυχοῖεν
600 2456 721 2499 Τρῶες,
740 2454 835 2488 οὐδὲν
852 2452 892 2497 ἦν
910 2454 977 2489 ὅδε.

317 2504 351 2540 ἐς
369 2503 428 2548 τὴν
445 2503 549 2550 τύχην
566 2504 594 2540 δ’
616 2507 740 2552 ὁρῶσα,
759 2505 848 2541 τοῦτ’
868 2508 982 2550 ἤσκεις
1000 2505 1089 2543 ὅπως

317 2555 402 2591 ἕποι’
422 2556 476 2601 ἅμ’
496 2557 590 2602 αὐτῇ,
610 2557 729 2604 τάρετῇ
749 2558 777 2592 δ’
797 2558 855 2593 οὐκ
873 2558 1001 2603 ἤθελες.

315 2608 452 2643 κᾶπειτα
469 2611 627 2646 πλεκταῖς
646 2614 743 2655 σῶμα
761 2611 824 2645 σὸν
842 2610 996 2645 κλέπτειν
1013 2611 1125 2658 λέγεις

314 2660 451 2707 πύργων
468 2661 622 2703 καθιεῖσ’,
644 2663 687 2698 ὡς
704 2661 840 2707 μένουσ’
860 2662 1050 2704 ἀκουσίωςς

315 2715 381 2747 ποῦ
401 2712 469 2757 δῆτ’
490 2713 643 2759 ἐλήφθης
660 2713 679 2758 ἢ
698 2716 848 2761 βρόχους
865 2715 1046 2762 ἀρτωμένη,

314 2764 334 2808 ἢ
352 2765 531 2811 φάσγανον
549 2764 704 2812 θήγουσ’,
724 2766 746 2801 ἃ
762 2767 896 2813 γενναία
914 2768 997 2814 γυνὴ

315 2817 469 2862 δράσειεν
486 2817 526 2852 ἂν
542 2818 697 2853 ποθοῦσα
713 2821 772 2854 τὸν
787 2820 893 2866 πάρος
909 2822 1034 2860 πόσιν,-

316 2869 421 2903 καίτοι
437 2869 469 2915 γ’
489 2870 680 2905 ἐνουθέτουν
698 2886 740 2905 σε
756 2872 872 2906 πολλὰ
888 2874 1065 2912 πολλάκις,

316 2919 342 2954 ὦ
361 2920 516 2968 θύγατερ,
536 2921 662 2964 ἔξελθ’,
682 2924 713 2957 οἱ
733 2922 762 2958 δ’
783 2923 855 2968 ἐμοὶ
872 2924 987 2960 παῖδες
1004 2926 1131 2971 γάμους

315 2972 443 3009 ἄλλους
459 2977 618 3019 γαμοῦσι,
639 2975 681 3009 σέ
700 2973 729 3010 δ’
750 2975 804 3010 ἐπὶ
824 2978 901 3012 ναῦς
918 2975 1089 3022 Ἀχαιϊκὰς

315 3024 443 3071 πέμψω
463 3027 739 3072 συνεκκλέψασα,
759 3028 811 3061 καὶ
828 3030 961 3063 παῦσον
978 3030 1088 3074 μάχης

311 3075 481 3121 Ἕλληνας
499 3077 583 3121 ἡμᾶς
599 3077 642 3113 τ’.
679 3078 770 3112 ἀλλὰ
788 3080 845 3113 σοὶ
863 3079 932 3114 τόδ’
951 3079 992 3123 ἦν
1007 3083 1138 3127 πικρόν.

317 3130 353 3164 ἐν
369 3130 440 3164 τοῖς
456 3129 682 3175 Ἀλεξάνδρου
700 3131 766 3175 γὰρ
784 3129 919 3177 ὕβριζες
937 3133 1060 3176 δόμοις,

317 3182 370 3216 καὶ
387 3181 651 3226 προσκυνεῖσθαι
668 3183 853 3229 βαρβάρων
870 3181 924 3218 ὕπ’
944 3184 1070 3228 ἤθελες.

315 3234 448 3279 μεγάλα
464 3234 530 3279 γὰρ
548 3232 588 3276 ἦν
606 3247 673 3268 σοι·
702 3234 780 3268 κάπὶ
797 3235 913 3269 τοῖσδε
932 3237 995 3270 σὸν
1013 3237 1112 3282 δέμας

317 3284 458 3329 ἐξῆλθες
475 3284 668 3329 ἀσκήσασα,
688 3286 869 3332 κᾶβλεψας
885 3289 987 3322 πόσει

317 3338 376 3372 τὸν
393 3337 493 3372 αὐτὸν
510 3336 626 3384 αἰθέρ’,
648 3337 674 3371 ὦ
692 3339 923 3374 κατάπτυστον
941 3341 1034 3386 κάρα·

316 3387 358 3434 ἣν
373 3390 460 3435 χρῆν
476 3391 631 3433 ταπεινὴν
649 3390 684 3424 ἐν
699 3390 839 3425 πέπλων
857 3392 1012 3436 ἐρειπίοις

317 3441 423 3487 φρίκῃ
441 3441 630 3487 τρέμουσαν
648 3441 740 3488 κρᾶτ’
760 3442 1052 3488 ἀπεσκυθισμένην

317 3491 441 3532 ἐλθεῖν,
459 3494 499 3528 τὸ
517 3495 660 3540 σῶφρον
675 3495 734 3538 τῆς
751 3494 915 3531 ἀναιδείας
931 3496 1037 3530 πλέον

318 3544 475 3593 ἔχουσαν,
497 3546 550 3582 ἐπὶ
567 3548 636 3584 τοῖς
653 3546 804 3595 πρόσθεν
821 3546 1069 3594 ἡμαρτημένοις,

1191 1301 1250 1342 985

1192 1571 1255 1603 990

1191 1831 1253 1867 995

1173 2099 1253 2125 1000

1173 2363 1250 2395 ¹005

1174 2626 1253 2647 1010

1175 2885 1252 2918 ¹0¹5

1175 3146 1255 3169 1020

1178 3405 1255 3439 ¹0²5

1294 568 1365 598 310.

1288 725 1369 755 'noeE.

1296 1040 1365 1070 EA„

1112 251 1442 293 ΕΥΡΙΠΙΔΟΥ

1395 354 1556 399 Μενέλα’,
1574 352 1615 390 ἵν’
1635 355 1724 399 εἰδῇς
1741 351 1778 390 οἷ
1790 354 1982 401 τελευτήσω
1999 356 2115 403 λόγον,

1396 407 1621 452 στεφάνωσον
1637 404 1791 451 Ἑλλάδ’,
1808 407 1910 452 ἀξίως
1927 407 2025 453 τήνδε
2043 407 2169 443 κτανὼν

1397 461 1535 499 σαυτοῦ,
1555 461 1655 504 νόμον
1672 459 1709 494 δέ
1726 460 1821 494 τόνδε
1837 462 1909 496 ταῖς
1925 461 2067 495 ἄλλαισι
2086 460 2142 496 θὲς

1395 511 1538 558 γυναιξὶ,
1559 510 1716 556 θνήσκειν
1732 511 1803 556 ἥτις
1821 511 1862 548 ἂν
1877 513 1991 561 προδῷ
2007 514 2123 548 πόσιν.

1395 563 1564 607 Μενέλαε,
1583 566 1758 610 προγόνων
1775 563 1875 607 ἀξίως
1893 565 2003 610 δόμων
2017 579 2054 599 τε
2073 568 2144 599 σῶν

1396 617 1489 651 τῖσαι
1507 616 1666 662 δάμαρτα,
1686 616 1839 663 κάφελοῦ
1855 618 1939 664 πρὸς
1955 616 2123 653 Ἑλλάδος

1396 668 1512 714 ψόγον
1528 668 1567 703 τὸ
1586 667 1672 713 θῆλύ
1689 667 1731 709 τ’,
1751 668 1883 715 εὐγενὴς
1899 668 2034 716 ἐχθροῖς
2051 669 2182 714 φανείς.

1400 720 1472 765 ἐμοὶ
1491 720 1536 755 σὺ
1555 722 1798 765 συμπέπτωκας
1816 722 1850 758 ἐς
1865 723 1986 756 ταυτὸν
2002 722 2119 767 λόγου,

1400 772 1561 809 ἑκουσίως
1578 771 1668 817 τήνδ’
1689 773 1725 808 ἐκ
1743 773 1853 818 δόμων
1870 773 1982 809 ἐλθεῖν
1999 773 2086 819 ἐμῶν

1398 824 1494 868 ξένας
1511 825 1545 861 ἐς
1563 825 1669 865 εὐνὰς,
1688 824 1733 871 χὴ
1754 824 1879 872 Κύπρις
1896 827 2024 870 κόμπου
2041 827 2141 872 χάριν

1398 878 1515 923 λόγοις
1533 877 1662 912 ἐνεῖται.
1698 880 1793 920 βαῖνε
1810 877 2005 924 λευστήρων
2021 878 2139 918 πέλας,

1397 931 1520 965 πόνους
1536 927 1567 964 τ’
1588 926 1734 975 Ἀχαιῶν
1753 930 1912 967 ἀπόδος’
1895 944 1930 965 εν
1946 931 2051 978 μικρῴ
2067 929 2212 977 μακροὺς
2256 943 2334 973 ¹040

1400 980 1550 1023 θανοῦσ’,
1570 979 1611 1017 ἵν’
1631 982 1720 1027 εἰδῇς
1736 982 1781 1028 μὴ
1800 981 2032 1028 καταισχύνειν
2049 982 2116 1027 ἐμέ.

1397 1033 1455 1079 μὴ,
1474 1035 1558 1080 πρός
1575 1048 1617 1069 σε
1633 1035 1792 1081 γονάτων,
1810 1035 1870 1079 τὴν
1886 1036 1988 1070 νόσον
2004 1034 2065 1079 τὴν
2080 1037 2147 1070 τῶν
2164 1033 2248 1070 θεῶν

1398 1086 1560 1132 προσθεὶς
1578 1086 1651 1132 ἐμοὶ
1669 1088 1786 1132 κτάνῃς
1802 1102 1855 1133 με,
1874 1087 2109 1134 συγγίγνωσκε
2127 1086 2173 1122 δέ.

2250 418 2326 450 ¹030

2254 681 2330 717 ¹035

1297 1145 1365 1175 ΕΚ.
1393 1137 1470 1183 μηδ’
1490 1137 1547 1175 οὓς
1564 1138 1723 1174 ἀπέκτειν’
1742 1139 1801 1185 ἥδε
1819 1140 2016 1185 συμμάχους
2033 1139 2176 1187 προδῷς·

1299 1251 1375 1280 n4E.

1400 1191 1466 1237 ἐγὼ
1483 1192 1549 1238 πρὸ
1567 1191 1682 1226 κείνων
1699 1194 1753 1227 καὶ
1769 1191 1890 1227 τέκνων
1907 1207 1949 1227 σε
1966 1191 2145 1235 λίσσομαι.

1398 1246 1538 1285 παῦσαι,
1557 1244 1685 1290 γεραιά·
1712 1245 1817 1289 τῆσδε
1835 1244 1864 1280 δ’
1882 1245 1941 1279 οὐκ
1960 1244 2156 1290 ἐφρόντισα.

1398 1296 1489 1342 λέγω
1507 1296 1544 1330 δέ
1561 1298 1792 1343 προσπόλοισι
1809 1297 1892 1343 πρὸς
1909 1295 2056 1343 πρύμνας
2075 1300 2157 1332 νεῶν

1400 1348 1489 1393 τήνδ’
1509 1348 1701 1393 ἐκκομίζειν,
1719 1349 1798 1384 ἔνθα
1815 1347 2090 1394 ναυστολήσεται.

2255 1203 2334 1238 ¹045

1301 1408 1368 1437 ΕΚ.
1395 1400 1440 1446 μή
1460 1414 1517 1435 νυν
1535 1401 1614 1437 νεὼς
1632 1403 1689 1436 σοὶ
1706 1403 1826 1436 ταυτὸν
1842 1401 1977 1446 ἐσβήτω
1996 1403 2143 1446 σκάφος.

1298 1461 1372 1490 ΜΕ.
1394 1453 1429 1488 τί
1446 1453 1474 1487 δ’
1494 1454 1568 1488 ἔστι
1579 1468 1590 1493 ,·
1616 1455 1728 1499 μεῖζον
1745 1453 1865 1500 βρῖθος
1881 1452 1901 1498 ἢ
1919 1452 2051 1500 πάροιθ’
2071 1454 2164 1498 ἔχει,-

1298 1513 1369 1542 EK„

1299 1565 1373 1595 ROEE.

1298 1983 1371 2016 XO.

2256 1467 2336 1499 1050

1398 1506 1456 1540 οὐκ
1475 1504 1547 1540 ἔστ’
1567 1506 1710 1551 ἐραστὴς
1728 1507 1822 1542 ὅστις
1839 1506 1898 1540 οὐκ
1915 1506 1966 1540 ἀεὶ
1984 1507 2094 1552 φιλεῖ.

1397 1558 1486 1594 ὅπως
1504 1558 1544 1592 ἂν
1562 1559 1642 1602 ἐκβῇ
1661 1563 1728 1594 τῶν
1745 1558 1916 1605 ἐρωμένων
1933 1560 1952 1592 ὁ
1971 1560 2056 1594 νοῦς.

1400 1611 1496 1645 ἔσται
1514 1608 1544 1646 δ’
1564 1609 1586 1644 ἃ
1602 1610 1733 1652 βούλει·
1761 1613 1839 1646 ναῦν
1855 1611 1921 1658 γὰρ
1939 1610 1999 1646 οὐκ
2017 1610 2202 1654 ἐσβήσεται

1402 1663 1449 1699 εἷς
1466 1663 1569 1709 ἥνπερ
1587 1662 1690 1708 ἡμεῖς·
1718 1664 1771 1699 καὶ
1787 1664 1853 1710 γὰρ
1871 1663 1910 1697 οὐ
1929 1666 2032 1699 κακῶς
2049 1663 2169 1710 λέγεις·

1402 1714 1555 1751 ἐλθοῦσα
1572 1715 1601 1750 δ’
1616 1715 1743 1764 *Αργος
1760 1716 1876 1762 ὥσπερ
1894 1714 1972 1758 ἀξία
1989 1718 2094 1752 κακῶς

1403 1768 1483 1813 κακὴ
1503 1767 1658 1810 θανεῖται,
1677 1769 1730 1803 καὶ
1747 1768 1879 1814 γυναιξὶ
1897 1768 2088 1814 σωφρονεῖν

1401 1821 1549 1856 πάσαισι
1568 1819 1679 1865 θήσει.
1716 1819 1833 1868 ῥᾴδιον
1849 1821 1910 1866 μὲν
1927 1820 1966 1855 οῦ
1983 1821 2070 1855 τόδε·

1403 1871 1491 1918 ὅμως
1509 1871 1540 1908 δ’
1560 1875 1578 1908 ὁ
1596 1872 1692 1917 τῆσδ’
1713 1872 1853 1920 ὄλεθρος
1871 1874 1904 1908 ἐς
1922 1873 2038 1919 φόβον
2054 1874 2158 1908 Βαλεῖ

1402 1927 1441 1960 τὸ
1458 1929 1570 1972 μῶρον
1585 1925 1704 1966 αὐτῶν,
1724 1925 1784 1960 κᾶν
1802 1924 1847 1960 ἔτ’
1868 1924 1929 1961 ὦσ’
1948 1924 2107 1972 ἐχθίονες.

1401 1976 1487 2013 οὕτω
1506 1978 1545 2023 δὴ
1563 1980 1622 2013 τὸν
1639 1979 1675 2013 ἐν
1693 1978 1784 2025 Ἰλίῳ

2256 1729 2334 1765 ¹055

2149 1994 2227 2030 στρ.
2258 1980 2339 2016 1060

1402 2032 1480 2071 ναὸν
1497 2032 1550 2071 καὶ
1569 2037 1706 2071 θυόεντα
1723 2037 1794 2078 βω-

1401 2090 1466 2133 μὸν
1481 2088 1676 2135 προῦδωκας
1693 2088 1850 2134 Ἀχαιοῖς,

1402 2140 1428 2175 ὦ
1446 2143 1520 2181 Ζεῦ,
1541 2141 1594 2175 καὶ
1611 2141 1765 2176 πελάνων
1781 2141 1911 2188 φλόγα,

1401 2191 1549 2239 σμύρνης
1566 2192 1714 2239 αἰθερίας
1731 2207 1768 2228 τε
1786 2207 1843 2227 κα-

1400 2246 1484 2281 πνὸν
1502 2247 1555 2280 καὶ
1573 2244 1751 2292 Πέργαμον
1770 2245 1853 2291 ἱρὰν,

1401 2297 1505 2333 Ἰδαῖά
1522 2296 1553 2333 τ’
1574 2297 1678 2334 Ἰδαῖα
1696 2298 1892 2362 κισσοφόρα
1909 2298 1994 2341 νάπη

1400 2351 1489 2396 χιόνι
1507 2351 1671 2397 κατάρυτα
1687 2350 1833 2395 ποταμίᾳ

1400 2403 1543 2450 τέρμονά
1560 2418 1597 2437 τε
1613 2403 1836 2449 πρωτόβολον
1852 2402 1936 2450 ἁλίῳ

1400 2456 1462 2491 τὰν
1479 2454 1775 2501 καταλαμπομέναν
1794 2454 1912 2498 ζαθέαν
1929 2453 2102 2501 θεράπναν.

1400 2507 1548 2554 φροῦδαί
1566 2522 1623 2543 σοι
1641 2507 1756 2542 θυσίαι
1773 2510 1885 2553 χορῶν
1901 2503 1933 2542 τ’

1403 2562 1547 2606 εὔφημοι
1565 2560 1704 2595 κέλαδοι
1723 2558 1794 2594 κατ’
1813 2558 1870 2605 ὅρ-

1402 2614 1490 2658 φναν
1507 2627 1544 2647 τε
1561 2612 1758 2657 παννυχίδες
1777 2611 1872 2652 θεῶν,

1401 2664 1557 2711 χρυσέων
1573 2679 1610 2699 τε
1628 2664 1756 2707 ξοάνων
1772 2662 1882 2707 τύποι,

1401 2720 1541 2763 Φρυγῶν
1557 2732 1595 2751 τε
1614 2715 1724 2760 ζάθεοι
1743 2717 1846 2751 σελᾶ-

1402 2783 1454 2806 ναι
1473 2769 1664 2804 συνδώδεκα
1680 2767 1813 2813 πλήθει.

1402 2822 1502 2867 μέλει
1520 2822 1619 2867 μέλει
1635 2836 1692 2867 μοι
1710 2821 1783 2856 τάδ’
1802 2821 1832 2855 εἷ
1849 2821 1996 2867 φρονεῖς,
2017 2819 2109 2863 ἅναξ,

1402 2875 1554 2920 οὐράνιον
1572 2873 1709 2920 ἕδρανον
1727 2873 1895 2916 ἐπιβεβὼς
1910 2886 1912 2888 ’

1402 2926 1518 2972 αἰθέρα
1535 2924 1580 2966 τ’,
1601 2927 1680 2971 ἐμᾶς
1697 2927 1821 2962 πόλεος
1839 2924 2012 2970 ὀλομένας,

1400 2978 1440 3013 ἂν
1456 2979 1561 3024 πυρὸς
1578 2978 1735 3023 αἰθομένα
1753 2977 1939 3013 κατέλυσεν
1954 2977 2050 3024 ὁρμά.

1403 3030 1428 3064 ὦ
1447 3030 1551 3076 φίλος
1569 3030 1595 3064 ὦ
1611 3032 1695 3066 πόσι
1712 3045 1780 3076 μοι,

1404 3083 1449 3117 σὺ
1466 3083 1527 3127 μὲν
1543 3082 1706 3129 φθίμενος
1723 3082 1869 3118 ἀλαίνεις

1402 3134 1560 3178 ἄθαπτος,
1580 3135 1729 3181 ἄνυδρος,
1750 3135 1806 3179 ἐμὲ
1825 3135 1861 3169 δὲ
1878 3136 2013 3170 πόντιον
2031 3133 2163 3179 σκάφος

1403 3183 1529 3221 ἀίσσον
1546 3189 1702 3232 πτεροῖσι
1719 3185 1880 3232 πορεύσει

1405 3240 1589 3280 ἱππόβοτον
1598 3238 1737 3285 Ἄργος,
1756 3237 1809 3274 ἵνα
1825 3253 1862 3272 τε
1879 3239 1972 3283 τείχη

1403 3291 1502 3325 λάϊνα
1521 3288 1690 3326 Κυκλώπι’
1712 3291 1848 3337 οὐράνια
1865 3291 2028 3336 νέμονται.

1403 3343 1526 3377 τέκνων
1543 3343 1579 3377 δὲ
1597 3342 1727 3386 πλῆθος
1745 3343 1781 3378 ἐν
1796 3341 1919 3380 πύλαις

1406 3394 1548 3440 δάκρυσι
1567 3394 1712 3442 κατᾴορα
1730 3395 1850 3438 στένει,
1869 3396 1936 3441 βοᾷ
1951 3396 2032 3441 βοᾷ,
2262 3408 2342 3440 1090

1404 3448 1518 3492 μᾶτερ,
1539 3445 1632 3491 ὤμοι,
1651 3448 1755 3491 μόναν
1775 3446 1815 3492 δή
1838 3446 1872 3493 μ’
1892 3446 2023 3494 Ἀχαιοὶ
2052 3447 2223 3491 κομίζουσι
2242 3447 2343 3482 σέθεν

1406 3498 1543 3532 κυανέαν
1561 3499 1614 3533 ἐπὶ
1633 3502 1711 3533 ναῦν
2099 3497 2169 3546 [ἀπ’
2188 3500 2343 3545 ὀμμάτων

1405 3550 1585 3586 εἰναλίαισι
1602 3551 1745 3587 πλάταις
2263 3563 2343 3594 ιοφο

2259 2247 2338 2289 1065

2258 2463 2341 2498 1070

2268 2505 2331 2541 ἀντ.

2261 2725 2338 2759 107⁵

2261 2980 2357 3029 1080v

2263 3042 2338 3075 στρ.
2360 3033 2362 3036 ’

2258 3137 2338 3178 ’1085
