2488 3860
258 279 340 322 506

362 378 470 425 τρέχω
488 376 537 414 ’πὶ
554 377 704 424 τορύνην.

261 434 328 467 ΕΥ.
727 428 886 476 τροχίλος
903 427 992 476 ὅρνις
1009 429 1141 464 οὑτοσί.

1085 281 1545 323 ΑΡΙΣΤΟΦΑΝΟΥΣ

1436 377 1568 419 ἥκιστα·
1598 375 1651 410 καὶ
1669 376 1726 411 τὸν
1744 376 1905 413 Σκελλίου
1922 376 2159 423 βδελύττομαι.

1335 432 1472 462 ΕΠΟΨ.
1499 427 1599 462 ποίαν
1616 442 1668 463 τιν
1695 427 1753 464 οὖν
1770 428 1878 472 ἥδιστ’
1897 431 1937 465 ἂν
1950 429 2064 466 οἰκοῖτ’
2082 431 2123 465 ἂν
2138 431 2260 470 πόλιν;

363 481 456 519 οἶσθ’
475 482 533 518 ουν
551 481 569 517 ὃ
588 483 726 529 δρᾶσον,
746 481 772 517 ὦ
790 482 950 529 τροχίλε,
978 483 1036 517 τὸν
1053 482 1220 525 δεσπότην
1257 486 1298 517 80
1335 484 1403 514 ΕΥ.
1438 478 1523 514 ὅπου
1540 480 1582 514 τὰ
1598 480 1743 527 μέγιστα
1759 482 1925 529 πράγματ’
1944 482 1992 527 εἴη
2010 483 2129 518 τοιαδί·

363 535 440 581 ἡμῖν
458 537 616 571 κάλεσον.

259 595 352 626 ΤΡΟ.
641 585 718 622 ἀλλ
738 586 858 633 ἀρτίως
875 586 912 632 νὴ
930 587 988 621 τὸν
1006 586 1069 621 Δία

364 639 450 676 εὕδει
469 639 670 686 καταφαγὼν
687 636 795 684 μύρτα
812 639 865 674 καὶ
883 639 1035 685 σέρφους
1051 639 1153 674 τινάς.

260 700 328 729 ΕΥ.
366 694 454 739 ὅμως
472 694 643 740 ἐπέγειρον
659 692 771 727 αὐτόν.

259 752 350 784 ΤΡΟ.
531 757 534 760 “
790 741 865 779 οἶδα
879 743 940 788 μὲν
950 742 1074 788 σαφῶς

363 798 414 834 ὅτι
432 798 624 844 ἀχθέσεται,
645 798 747 845 σφῷν
765 795 792 831 δ’
808 796 908 831 αὐτὸν
925 793 1029 830 οὕνεκ’
1048 795 1206 841 ἐπεγερῶ.

261 857 335 888 ΠΕ.
365 854 469 887 κακῶς
487 849 532 886 σύ
549 847 583 893 γ’
603 848 749 889 ἀπόλοι’,
769 849 812 885 ὥς
829 847 862 893 μ’
882 848 1072 883 ἀπέκτεινας
1086 847 1164 882 δέει.

261 910 328 941 ΕΥ.
362 902 450 949 οἴμοι
469 902 685 948 κακοδαίμων,
703 902 755 948 χώ
774 902 904 936 κολοιός
921 899 953 944 μ’
973 897 1100 945 οἴχεται

365 957 428 992 ὑπὸ
447 958 505 991 τοῦ
523 956 629 991 δέους.

262 1014 336 1044 ΠΕ.
641 1007 666 1042 ὦ
685 1007 876 1041 δειλότατον
894 1003 939 1039 σὺ
957 1002 1082 1050 θηρίον,

367 1062 481 1098 δείσας
499 1062 630 1108 ἀφῆκας
647 1061 705 1095 τὸν
723 1060 877 1098 κολοιόν;

264 1119 331 1150 ΕΥ.
886 1108 959 1144 εἶπέ
975 1123 1043 1153 μοι,

1259 851 1297 890 85

368 1167 413 1202 σὺ
431 1167 466 1202 δὲ
485 1166 544 1212 τὴν
562 1166 707 1212 κορώνην
725 1163 786 1199 οὐκ
804 1163 935 1209 ἀφῆκας
953 1161 1171 1202 καταπεσών;

268 1226 343 1255 ΠΕ.
371 1221 416 1266 μὰ
436 1219 490 1255 Δί’
510 1219 569 1254 οὐκ
587 1220 703 1265 ἔγωγε.
758 1221 825 1252 ΕΥ.
854 1217 920 1250 ποῦ
937 1215 1002 1261 γάρ
1021 1214 1139 1254 ἐστιν,
1130 1226 1138 1234 ·
1262 1226 1303 1258 90

271 1278 344 1308 ΠΕ.
1120 1240 1301 1302 ἀπέπτατο.

266 1330 334 1361 ΕΥ.
368 1326 427 1360 οὐκ
434 1321 496 1392 ’,ἆρ’
515 1324 658 1370 ἀφῆκας
689 1319 806 1369 ὦγάθ’,
827 1321 870 1356 ὡς
889 1319 1038 1366 ἀνδρεῖος
1055 1314 1096 1354 εἶ.

265 1383 399 1412 ΕΠΟΨ.
429 1377 539 1424 ἄνοιγε
557 1375 616 1421 τὴν
632 1372 761 1420 ὕλην,”
748 1373 784 1409 ιν’
806 1371 932 1417 ἐξέλθω
950 1369 1046 1410 ποτέ,

267 1436 335 1465 ΕΥ.
371 1430 397 1464 ὦ
413 1430 605 1476 Ἱ-Ῑράκλεις,
625 1427 717 1463 τουτὶ
735 1426 768 1461 τί
785 1425 859 1461 ποτ’
880 1423 954 1460 ἐστὶ
973 1423 1110 1470 θηρίον,

367 1483 417 1519 τίς
434 1482 453 1527 ἡ
471 1483 662 1529 πτέρωσις;
708 1479 759 1515 τίς
777 1481 795 1513 ὁ
813 1479 937 1525 τρόπος
954 1477 1012 1521 τῆς
1030 1474 1234 1523 τριλοφίας;

265 1541 400 1570 ΕΠΟΨ.
429 1535 514 1571 τίνες
532 1533 602 1569 εἶσί
617 1535 652 1579 μ’
670 1533 702 1568 οἱ
721 1533 916 1577 ζητοῦντεςς
1263 1541 1301 1574 95

264 1593 330 1624 ΕΥ.
877 1584 909 1618 οἱ
928 1582 1054 1618 δώδεκα
1071 1580 1142 1617 θεοὶ

368 1638 498 1685 εἴξασιν
516 1637 693 1686 ἐπιτρῖψαί
711 1652 765 1673 σε.

263 1699 399 1730 ΕΠΟΨ.
781 1693 852 1735 μῶν
868 1703 909 1734 με
929 1689 1121 1723 σκώπτετον

369 1749 493 1793 ὁρῶντε
510 1744 570 1791 τὴν
585 1744 775 1790 πτέρωσιν;
805 1741 824 1787 ἦ
842 1742 920 1789 γὰρ,
940 1740 966 1775 ὦ
985 1741 1086 1785 ξένοι,

368 1799 553 1847 ἅνθρωπος.
607 1802 674 1832 ΕΥ.
703 1795 743 1831 οὗ
762 1797 826 1830 σοῦ
845 1795 1089 1842 καταγελῶμεν.

263 1857 401 1888 ΕΠΟΨ.
1110 1844 1202 1880 ἀλλὰ
1219 1846 1279 1880 τοῦ
1296 1857 1302 1884 ;

262 1911 338 1941 ΠΕ.
368 1906 406 1939 τὸ
424 1903 560 1951 ῥάμφος
577 1902 654 1948 ἡμῖν
672 1915 737 1937 σου
753 1901 889 1948 γέλοιον
906 1899 1073 1946 φαίνεται.

263 1962 399 1998 ΕΠΟΨ.
428 1958 564 1991 τοιαῦτα
581 1955 694 2000 μέντοι
711 1952 906 2000 Σοφοκλέης
922 1951 1118 1997 λυμαίνεται,

365 2011 400 2053 ἐν
417 2013 488 2046 ταῖς
505 2005 777 2057 τραγῳδιαισιν’
760 2006 817 2052 εμὲ
834 2007 892 2041 τὸν
909 2004 1028 2051 Τηρέα.

263 2069 330 2100 ΕΥ.
363 2062 486 2109 Τηρεὺς
502 2063 567 2109 γὰρ
586 2076 615 2096 ει
633 2060 700 2101 σύ;
729 2061 871 2105 πότερον
888 2055 1011 2103 ὅρνις
994 2072 1014 2101 η
1032 2059 1140 2094 ταῶς;

264 2121 399 2151 ΕΠΟΨ.
428 2114 516 2161 ορνις
534 2115 649 2162 ἔγωγε.
703 2116 771 2147 ΕΥ.
801 2107 883 2157 κᾷτά
902 2123 958 2145 σοι
975 2110 1041 2143 ποῦ
1059 2108 1100 2142 τὰ
1117 2104 1244 2152 πτερά;

1245 1963 1302 1985 100

264 2173 399 2203 ΕΠΟΨ.
429 2165 616 2214 ἐξερρύηκε.
670 2170 737 2199 ΕΥ.
765 2165 907 2209 πότερον
924 2162 989 2197 ὑπὸ
1007 2161 1110 2195 νόσου
1128 2159 1239 2197 τινός;

263 2226 398 2257 ΕΠΟΨ.
427 2219 498 2259 οὒκ,
518 2219 608 2254 ἀλλὰ
625 2218 683 2252 τὸν
700 2220 845 2263 χειμῶνα
861 2216 969 2251 πάντα
985 2211 1110 2259 τῶρνεα

365 2286 560 2319 πτερορρυει
577 2286 614 2306 τε
632 2268 782 2311 καῦθις’
762 2283 858 2315 ετερα
875 2265 1015 2313 φύομεν.

366 2324 442 2361 ἀλλ’
462 2323 596 2360 ειπατόν
613 2337 682 2369 μοι,
703 2322 784 2368 σφὼ
802 2319 862 2356 τίν’
882 2320 1005 2358 ἐστόν;

264 2384 330 2413 ΕΥ.
1054 2369 1122 2409 νῶ,
1113 2381 1120 2389 ·
1150 2366 1275 2415 βροτώ.

265 2436 402 2466 ΕΠΟΨ.
430 2429 570 2466 ποδαπὼ
589 2430 626 2463 τὸ
644 2428 739 2475 γένος
758 2426 812 2468 δ’;

265 2488 332 2518 ΕΥ.
773 2453 849 2513 ὅθεν
866 2477 899 2512 αἶ
917 2474 1060 2523 τριήρεις
1078 2474 1110 2509 αἶ
1129 2471 1239 2508 καλαί.

266 2541 402 2571 ΕΠΟΨ.
430 2538 500 2581 μῶν
518 2534 664 2579 ἡλιαστά
677 2547 686 2574 ;

1242 2218 1298 2254 105

266 2593 333 2624 EY.
618 2588 733 2635 μάλλὰ
752 2583 890 2630 θατέρου
908 2583 1045 2629 τρόπου,

370 2640 575 2686 ἀπηλιαστά.
1246 2641 1305 2665 ιιο

272 2698 408 2729 ΕΠΟΨ.
618 2690 790 2737 σπείρεται
807 2689 872 2736 γὰρ
890 2685 978 2722 τοῦτ’
998 2685 1065 2720 ἐκεῖ

369 2747 407 2781 Τὸ
427 2744 570 2792 σπερμ,;

269 2803 337 2834 ΕΥ.
547 2795 664 2844 ὀλιγον
683 2795 786 2840 ζητῶν
803 2793 844 2828 ἂν
862 2792 899 2836 ἐξ
917 2791 1022 2838 ἀγροῦ
1039 2789 1173 2831 λάβοις.

270 2855 408 2885 ΕΠΟΨ.
438 2850 588 2896 πράγους
605 2849 641 2884 δε
660 2847 699 2892 δὴ
718 2849 778 2882 τοῦ
797 2845 939 2890 δεομένω
958 2844 1046 2889 δεῦρ’
1063 2839 1226 2886 ἧλθέτην;

269 2909 339 2938 ΕΥ.
372 2902 429 2936 σοὶ
448 2900 669 2948 ξυγγενέσθαι
685 2898 896 2943 βουλομενω.
930 2898 1067 2930 ΕΠΟΨ.
1097 2893 1186 2928 τίνος
1202 2889 1302 2936 πέρι,

270 2960 337 2990 ΕΥ.
371 2954 422 2989 ὅτι
439 2957 554 3000 πρῶτα
571 2953 630 2998 μὲν
647 2949 730 2997 ἦσθ
744 2949 930 2996 ἅνθρωπος,
951 2949 1067 2992 ὥσπερ
1086 2946 1142 2984 νὼ,
1160 2957 1255 2983 ποτε,

373 3005 549 3053 κάργύριον
567 3006 774 3051 ὠφειλησας,
794 3003 910 3048 ὥσπερ
929 3001 984 3039 νὼ,
1004 2998 1098 3037 ποτέ,

374 3072 453 3093 κουκ
471 3057 683 3093 ἀποδιδοὺς-Αν
666 3070 806 3102 εχαιρες,
827 3055 942 3099 ὥσπερ
962 3052 1018 3091 νὼ,
1037 3049 1131 3086 ποτέ·

376 3108 434 3145 εἶτ’
450 3109 543 3145 αυθις
561 3108 701 3155 ὀρνίθων
718 3106 931 3152 μεταλλάξας
949 3103 1068 3150 φύσιν,

376 3177 429 3197 και
446 3163 509 3209 γῆν
527 3161 688 3197 ε’πεπέτου
707 3161 760 3194 καὶ
779 3159 946 3194 θάλατταν
965 3157 999 3191 ἐν
1017 3153 1140 3201 κύκλῳ,

375 3228 428 3249 και
444 3212 544 3249 πάνθ’
566 3212 695 3259 ὅσαπερ
713 3209 923 3258 ἅνθρωπος”
904 3224 971 3244 οσα
988 3208 1015 3242 τ’
1036 3207 1125 3253 ὅρνις
1143 3205 1293 3252 φρονεῖς·

379 3265 470 3301 ταῦτ’
489 3281 548 3300 ουν
567 3264 668 3299 ἱκέται
687 3264 731 3298 νὼ
749 3264 832 3309 πρὸς
851 3263 891 3297 σε“
911 3259 998 3307 δεῦρ’
1018 3256 1203 3306 ἀφιγμεθα,
1252 3269 1308 3292 120

378 3317 410 3354 εἷ
429 3333 502 3353 τινα
518 3319 620 3353 πόλιν
637 3317 805 3362 φράσειας
823 3314 899 3359 ἡμῖν
917 3315 1042 3360 εὔερον,

377 3372 493 3416 ὥσπερ
512 3367 658 3415 σισύραν
676 3368 946 3414 εγκατακλινῆναι
964 3362 1148 3410 μαλθακήν.

283 3428 410 3461 ΕΠΟΨ.
441 3437 554 3458 επειτα
566 3421 667 3466 μείζω
685 3423 751 3454 τῶν
771 3421 929 3465 Κραναῶν
947 3419 1052 3462 ζητεῖς
1069 3417 1193 3455 πόλιν;

276 3481 344 3511 ΕΥ.
378 3475 479 3519 μείζω
497 3488 557 3520 μεν
574 3472 682 3512 ούδεν,
702 3470 995 3518 προσφορωτέραν
1013 3470 1049 3504 δὲ
1068 3471 1143 3516 νῷν.

277 3532 411 3564 ΕΠΟΨ.
442 3523 757 3575 ἀριστοκρατεῖσθαι
775 3523 877 3568 δῆλος
895 3519 928 3558 εἷ
944 3523 1059 3567 ζητῶν.

1249 3006 1304 3038 11⁵

1254 3529 1309 3562 ¹²5

1070 3572 1159 3619 ε’γὼ;

1439 531 1494 566 επὶ
1511 531 1571 576 τὴν
1589 530 1691 579 θύραν
1707 548 1772 578 μου
1789 533 1864 582 πρῴ
1881 549 1931 571 τις
1948 535 2061 570 ε’λθῶν
2077 539 2144 570 τῶν
2160 535 2279 582 φίλων

1438 583 1534 630 λέγοι
1551 584 1638 619 ταδί·
1663 586 1748 631 πρὸς
1760 588 1821 620 τοῦ
1839 587 1918 623 Διὸς
1934 587 2152 633 τουλυμπίου,

1442 634 1532 671 ὅπως
1549 636 1690 682 παρέσει
1708 651 1765 681 μοι
1783 638 1837 672 καὶ
1855 638 1900 673 σὺ
1918 640 1971 675 καὶ
1988 640 2029 674 τὰ
2046 639 2162 676 παιδία

1438 689 1632 733 λουσάμενα
1648 688 1735 737 πρῴ·
1764 689 1883 734 μέλλω
1900 692 1966 738 γὰρ
1984 692 2100 727 ἑστιᾶν
2115 692 2257 739 γάμους·

1442 740 1495 774 καὶ
1513 740 1670 785 μηδαμῶς
1687 742 1801 777 ἄλλως
1817 741 1975 788 ποιήσῃς·
1995 748 2025 779 εἰ
2042 744 2078 779 δὲ
2095 744 2152 789 μὴ,

1439 790 1484 836 μή
1502 806 1559 836 μοι
1577 794 1654 827 τότε
1670 792 1702 840 γ’
1722 793 1838 838 ἕλθης,
1858 793 1937 830 ὅταν
1955 796 2020 843 ἐγὼ
2036 797 2175 861 πράττω
2190 799 2307 833 κακῶς.

1339 849 1475 879 ΕΠΟΨ.
1505 843 1542 888 νὴ
1562 844 1626 879 Δία
1643 847 1864 892 ταλαιπώρων
1879 862 1920 893 γε
1936 849 2139 895 πραγμάτων
2156 849 2245 896 ε’ρᾷς.

1444 896 1477 931 τί
1495 896 1549 931 δαι
1568 895 1637 937 σύ;
1692 902 1766 933 HE.
1795 898 1954 935 τοιούτων
1971 900 2034 947 ε’ρῶ
2052 901 2154 947 κάγώ.

1337 953 1474 984 ΕΠΟΨ.
2095 954 2193 989 τίνων
2207 967 2216 995 ;

1341 1007 1414 1036 ΠΕ.
1445 999 1529 1036 ὅπου
1547 1000 1713 1045 ξυναντῶν
1729 1017 1786 1047 μοι
1804 1004 1879 1039 ταδί
1896 1018 1946 1040 τις
1962 1005 2132 1052 μέμψεται

1444 1053 1560 1100 ὥσπερ
1578 1053 1742 1098 ἀδικηθεὶς
1760 1057 1877 1092 παιδὸς
1896 1057 2018 1103 ὡραίου
2034 1057 2156 1104 πατήρ·

1444 1107 1554 1141 καλῶς
1570 1106 1612 1170 γέ
1628 1121 1693 1151 μου
1712 1108 1770 1142 τὸν
1787 1109 1870 1149 υἱὸν,
1891 1108 1917 1143 ὦ
1935 1111 2154 1155 Στιλβωνίδη,

1443 1157 1548 1204 εὑρὼν
1565 1158 1692 1193 ἀπιόντ’
1711 1159 1777 1195 ἀπὸ
1794 1162 1982 1207 γυμνασίου
1999 1164 2204 1208 λελουμένον

1441 1210 1500 1244 οὐκ
1518 1210 1651 1251 ἔκυσας,
1670 1211 1709 1246 οὐ
1726 1215 1983 1258 προσεῖπας,οὗ
2000 1217 2232 1263 προσηγάγου,

1443 1262 1502 1296 οὐκ
1523 1261 1759 1309 ὠρχιπέδισας,
1786 1264 1866 1300 ὤν’
1848 1267 1921 1311 εμοὶ
1937 1268 2096 1313 πατρικὸς
2113 1268 2230 1314 φίλος.

1340 1319 1475 1350 ΕΠΟΨ.
1506 1313 1531 1348 ὦ
1550 1316 1744 1362 δειλακρίων
1763 1316 1807 1352 σὺ
1824 1321 1890 1353 τῶν
1907 1321 2013 1354 κακῶν
2030 1317 2108 1355 οἵων
2125 1321 2213 1367 ἐρᾷς.

1447 1366 1531 1413 ἀτὰρ
1548 1367 1623 1402 εστι
1640 1367 1671 1415 γ’
1692 1368 1809 1405 ὁποίαν
1825 1370 1964 1418 λέγετον
1982 1371 2144 1418 ευδαίμων
2160 1373 2261 1409 πόλις

1444 1419 1534 1466 παρὰ
1550 1419 1610 1464 τὴν
1628 1419 1769 1468 ἐρυθρὰν
1786 1421 1964 1458 θάλατταν.

1342 1477 1409 1506 ΕΥ.
1980 1474 2080 1521 οἴμοι,
2098 1477 2255 1523 μηδαμῶς

1444 1523 1521 1568 ἡμῖν
1537 1539 1577 1571 γε
1594 1525 1684 1572 παρὰ
1701 1525 1913 1568 θάλατταν,”
1899 1527 1937 1563 ιν’
1956 1527 2161 1576 ἀνακύψεται

1444 1575 1577 1623 κλητῆρ’
1596 1577 1713 1624 ἅγουσ’
1733 1578 1867 1614 εωθεν“
1851 1595 1870 1624 η
1889 1580 2083 1626 Σαλαμινία.

1443 1627 1641 1674 Ἑλληνικὴν
1658 1630 1694 1666 δὲ
1712 1632 1849 1667 πόλιν”
1830 1647 1918 1678 εχεις
1934 1632 2011 1679 ἡμῖν
2028 1634 2183 1681 φράσαις

1343 1680 1540 1769 ΕΠΟΨλθηςι
1550 1681 1610 1775 ξ
1603 1683 1642 1718 οὐ
1659 1683 1718 1718 τὸν
1735 1679 1871 1719 Ἠλεῖον
1889 1682 2039 1732 Λέπρεον
2056 1685 2216 1731 οἰκίζετον

1446 1749 1462 1769 ε
1532 1748 1549 1769 ν

2311 599 2369 632 ¹30

2314 861 2369 894 ¹3⁵

2315 1176 2374 1207 ¹4⁰

2321 1753 2334 1776 Ι
2360 1753 2381 1776 0

1674 1787 1746 1833 ὁτιὴ
1764 1787 1803 1834 νὴ
1820 1788 1899 1826 τοὺς
1917 1787 2058 1829 &tofis-,⁴
2042 1805 2079 1826 ος
2097 1804 2156 1825 ουκ
2174 1789 2253 1827 ιδῶν
2339 1752 2356 1786 ⁵

1447 1837 1673 1886 βδελύττομαι
1691 1841 1749 1876 τὸν
1765 1841 1914 1888 Λέπρεον
1931 1841 1996 1878 ἀπὸ
2015 1841 2220 1879 Μελανθίου.

1344 1895 1480 1927 ΕΠΟΨ.
1509 1891 1587 1927 ἀλλ’
1607 1892 1693 1928 εἰσὶν
1711 1893 1818 1941 ἕτεροι
1835 1895 1893 1939 τῆς
1911 1894 2071 1942 Λοκρίδος
2087 1893 2289 1937 Ὀπούντιοι,

1449 1942 1501 1979 ἵνα
1518 1945 1584 1991 χρὴ
1604 1948 1775 1981 κατοικεῖν.

1347 2010 1415 2040 ΕΥ.

1343 1791 1411 1821 ΕΥ.

1834 2004 1912 2041 ἀλλ’
1931 2004 2028 2053 ἔγωγ’
2046 2002 2246 2041 Ὀπούντιος
2306 2032 2309 2035 -

1452 2056 1511 2092 οὔκ
1530 2056 1570 2092 ἂν
1585 2057 1742 2104 γενοίμην
1762 2057 1817 2093 ε’πὶ
1835 2058 1987 2106 ταλάντῳ
2003 2056 2162 2105 χρυσίου.

1450 2109 1548 2146 οὗτος
1565 2109 1601 2145 δὲ
1619 2109 1659 2154 δὴ
1679 2110 1731 2147 τίς
1748 2110 1826 2146 ἔσθ’
1846 2112 1864 2146 ὁ
1881 2110 1951 2156 μετ’
1971 2109 2112 2158 ὀρνίθων
2126 2109 2228 2154 βίος;

1449 2161 1494 2197 σὺ
1511 2162 1577 2209 γὰρ
1595 2159 1689 2198 οἶσθ’
1710 2163 1868 2211 ἀκριβῶς.

1347 2221 1484 2252 ΕΠΟΨ.
1914 2216 1973 2251 οὐκ
1991 2215 2110 2263 ἄχαρις
2127 2215 2162 2253 ές
2179 2213 2239 2261 τὴν
2256 2213 2387 2263 τριβήν·

1449 2267 1489 2302 οὗ
1506 2270 1621 2314 πρῶτα
1638 2267 1699 2313 μὲν
1717 2268 1768 2303 δεῖ
1786 2270 1844 2314 ζῆν
1860 2268 1938 2305 ἄνευ
1954 2267 2154 2312 βαλαντίου.

1348 2326 1416 2356 ΕΥ.
1449 2318 1582 2364 πολλήν
1598 2319 1631 2367 γ’
1650 2319 1791 2367 ἀφεῖλες
1809 2324 1868 2357 τοῦ
1885 2321 1966 2365 βίου
1983 2319 2174 2365 κιβδηλίαν.

1348 2378 1483 2408 ΕΠΟΨ.
1512 2372 1703 2418 νεμόμεσθα
1721 2372 1750 2408 δ’
1768 2374 1805 2421 ἐν
1822 2373 1938 2419 κήποις
1955 2373 1996 2408 τὰ
2013 2373 2116 2408 λευκὰ
2135 2371 2274 2420 σήσαμα

1452 2426 1505 2460 καὶ
1522 2423 1630 2472 μύρτα
1647 2426 1701 2461 καὶ
1718 2424 1852 2471 μήκωνα
1869 2427 1922 2461 καὶ
1941 2424 2142 2473 σισύμβρια.

1452 2479 1544 2523 ὑμεῖς
1560 2477 1620 2523 μὲν
1638 2475 1701 2525 ἆρα
1720 2478 1796 2524 ζῆτε
1814 2478 1965 2525 νυμφίων
1981 2478 2071 2521 βίον.

1451 2533 1518 2576 φεῦ
1536 2531 1614 2576 φεῦ·

1450 2583 1469 2628 ἦ
1488 2583 1560 2630 μέγ’
1581 2583 1683 2630 ἐνορῶ
1699 2583 1861 2630 βούλευμ’
1882 2583 1916 2620 ἐν
1933 2582 2073 2631 ὀρνίθων
2089 2582 2190 2631 γένει,

1452 2640 1505 2674 καὶ
1523 2638 1659 2684 δύναμιν
1677 2637 1697 2683 ἢ
1714 2637 1834 2683 γένοιτ’
1853 2638 1904 2679 ἂν,
1925 2636 1954 2672 εἷ
1971 2635 2131 2672 πίθοισθέ
2145 2649 2216 2682 μοι.

1347 2696 1484 2727 ΕΠΟΨ.
1513 2692 1546 2727 τί
1565 2706 1622 2727 σοι
1638 2690 1852 2738 πιθώμεσθ’;

1347 2749 1421 2779 ΠΕ.

2331 2121 2388 2156 ¹55

2330 2427 2388 2461 160

1350 2484 1416 2513 ΕΥ.

1348 2537 1421 2566 ΠΕ.

1913 2741 1933 2777 ὅ
1950 2756 1982 2777 τι
1998 2739 2145 2786 πίθησθε
2158 2767 2167 2782 ,
2194 2743 2309 2788 πρῶτα
2325 2739 2386 2785 μὲν

1447 2796 1492 2841 μὴ
1511 2795 1731 2842 περιπέτεσθε
1748 2796 1899 2841 πανταχῆ
1918 2795 2105 2840 κεχηνότες·
2327 2797 2383 2838 165

1451 2849 1495 2885 ὡς
1509 2844 1603 2883 τοῦτ’
1622 2845 1737 2894 ἄτιμον
1753 2849 1897 2895 τοῦργον
1914 2847 2020 2882 ἐστίν.
2048 2846 2164 2882 αὐτίκα

1450 2901 1518 2935 ἐκεῖ
1533 2901 1606 2950 παρ’
1628 2901 1706 2948 ἡμῖν
1722 2899 1800 2936 τοὺς
1817 2899 2017 2944 πετομένους
2033 2897 2073 2944 ἣν
2089 2899 2160 2945 ἔρῃ,

1451 2953 1502 2989 τίς
1519 2953 1609 3000 ὅρνις
1626 2953 1723 2990 οὗτος
1738 2966 1747 2994 ;
1777 2955 1795 2988 ὁ
1813 2952 1936 2988 Τελέας
1953 2951 2021 2998 ε’ρεῖ
2038 2950 2124 2986 ταδί·

1451 3005 1625 3051 ἅνθρωπος
1642 3005 1732 3052 ὅρνις
1748 3004 1960 3049 ἀστάθμητος
1976 3005 2168 3049 πετόμενος,

1451 3057 1664 3104 ἀτέκμαρτος,
1685 3058 1781 3093 οὐδὲν
1798 3055 1948 3092 οὐδέποτ’
1969 3056 2004 3092 ἐν
2020 3054 2128 3104 ταύτῷ
2144 3053 2265 3101 μένων..

1350 3114 1486 3144 ΕΠΟΨ.
1515 3110 1553 3155 νὴ
1572 3111 1631 3146 τὸν
1648 3112 1826 3150 Διόνυσον,
1845 3107 1882 3144 εὖ
1898 3123 1939 3155 γε
1955 3110 2053 3154 μωμᾷ
2064 3106 2215 3154 ταυταγί.

1449 3162 1482 3196 τί
1498 3161 1539 3197 ἂν
1555 3161 1614 3197 οὖν
1630 3165 1803 3208 ποιοῖμενς
1874 3165 1951 3196 ΠΕ.
1978 3159 2128 3195 οἰκίσατε
2143 3158 2222 3204 μίαν
2237 3159 2349 3195 πόλιν.

1347 3218 1483 3249 ΕΠΟΨ.
1512 3215 1611 3250 ποίαν
1629 3214 1657 3250 δ’
1676 3214 1717 3250 ἂν
1733 3213 1918 3259 οἷκίσαιμεν
1936 3211 2064 3260 ὄρνιθες
2079 3212 2203 3252 πόλινς

1346 3271 1421 3300 ΠΕ.
1450 3266 1583 3311 ἄληθες,
1604 3266 1630 3301 ὦ
1649 3268 1847 3302 σκαιότατον
1864 3265 2000 3312 εἰρηκὼς
2017 3264 2106 3307 ἔπος,

2321 3065 2384 3099 170

1447 3319 1587 3364 βλέψον
1605 3320 1703 3354 κάτω.
1757 3322 1894 3354 ΕΠΟΨ.
1923 3318 1976 3352 καὶ
1994 3316 2034 3362 δὴ
2049 3315 2182 3359 βλέπω.
2322 3327 2379 3363 175

1346 3376 1421 3406 ΠΕ.
2097 3368 2208 3411 βλέπε
2224 3370 2283 3404 νῦν
2298 3368 2378 3406 ἅνω.

1346 3427 1482 3457 ΕΠΟΨ.
1510 3422 1643 3465 βλέπω.
1750 3428 1825 3458 ΠΕ.
1853 3422 1991 3470 περίαγε
2008 3421 2066 3456 τὸν
2082 3422 2264 3467 τράχηλον.

1346 3479 1482 3509 ΕΠΟΨ.
2244 3473 2282 3520 νὴ
2301 3474 2376 3520 Δία,

1448 3526 1686 3573 ἀπολαύσομαί
1703 3526 1795 3568 τίδ’,
1815 3526 1844 3562 εἶ
1861 3523 2170 3574 διαστραφήσομαι.

1322 3588 1324 3602 ⁵
1346 3585 1421 3615 HE.
1449 3575 1534 3615 εἶδές
1551 3591 1606 3620 τι,
