<?xml version="1.0" encoding="UTF-8"?>
<!DOCTYPE html PUBLIC "-//W3C//DTD XHTML 1.0 Transitional//EN"
    "http://www.w3.org/TR/xhtml1/DTD/xhtml1-transitional.dtd">
<html xmlns="http://www.w3.org/1999/xhtml" xml:lang="en" lang="en">
 <head>
  <title>
</title>
<meta http-equiv="Content-Type" content="text/html;charset=utf-8" />
  <meta name='ocr-system' content='tesseract 3.04.00' />
  <meta name='ocr-capabilities' content='ocr_page ocr_carea ocr_par ocr_line ocrx_word'/>
</head>
<body>
  <div class='ocr_page' id='page_1' title='image "./poetarumscenicor00dinduoft_0698.png"; bbox 0 0 2488 3860; ppageno 0'>
   <div class='ocr_carea' id='block_1_1' title="bbox 237 274 944 431">
    <p class='ocr_par' dir='ltr' id='par_1_1' title="bbox 237 274 944 431">
     <span class='ocr_line' id='line_1_1' title="bbox 237 274 323 320; baseline -0.012 0"><span class='ocrx_word' id='word_1_1' title='bbox 237 274 323 320; x_wconf 88' lang='grc'>690</span> 
     </span>
     <span class='ocr_line' id='line_1_2' title="bbox 282 379 944 431; baseline 0.002 -12"><span class='ocrx_word' id='word_1_2' title='bbox 282 379 410 431; x_wconf 84' lang='grc'>(638.)</span> <span class='ocrx_word' id='word_1_3' title='bbox 434 396 483 420; x_wconf 84' lang='lat'><strong>12.</strong></span> <span class='ocrx_word' id='word_1_4' title='bbox 514 379 685 420; x_wconf 82' lang='lat' dir='ltr'>Stobaeus</span> <span class='ocrx_word' id='word_1_5' title='bbox 704 380 887 426; x_wconf 86' lang='lat' dir='ltr'>CXXIII.</span> <span class='ocrx_word' id='word_1_6' title='bbox 911 383 944 420; x_wconf 91' lang='lat'><strong>1.</strong></span> 
     </span>
    </p>
   </div>
   <div class='ocr_carea' id='block_1_2' title="bbox 227 438 1281 1025">
    <p class='ocr_par' dir='ltr' id='par_1_2' title="bbox 227 438 1281 1025">
     <span class='ocr_line' id='line_1_3' title="bbox 336 438 1157 487; baseline 0.004 -13"><span class='ocrx_word' id='word_1_7' title='bbox 336 455 390 462; x_wconf 85' lang='grc'>--</span> <span class='ocrx_word' id='word_1_8' title='bbox 415 456 470 463; x_wconf 85' lang='lat'><strong>—</strong></span> <span class='ocrx_word' id='word_1_9' title='bbox 495 457 549 464; x_wconf 91' lang='lat'>-·</span> <span class='ocrx_word' id='word_1_10' title='bbox 575 439 760 487; x_wconf 84' lang='grc' dir='ltr'>ἀνθρώπων</span> <span class='ocrx_word' id='word_1_11' title='bbox 778 438 815 474; x_wconf 79' lang='grc' dir='ltr'>δὲ</span> <span class='ocrx_word' id='word_1_12' title='bbox 833 438 1005 485; x_wconf 78' lang='grc' dir='ltr'>μαίνονται</span> <span class='ocrx_word' id='word_1_13' title='bbox 1023 439 1157 487; x_wconf 78' lang='grc' dir='ltr'>φρένες,</span> 
     </span>
     <span class='ocr_line' id='line_1_4' title="bbox 336 492 1063 539; baseline 0.004 -13"><span class='ocrx_word' id='word_1_14' title='bbox 336 492 485 529; x_wconf 78' lang='grc' dir='ltr'>δαπάνας</span> <span class='ocrx_word' id='word_1_15' title='bbox 503 492 584 529; x_wconf 85' lang='grc' dir='ltr'>ὅταν</span> <span class='ocrx_word' id='word_1_16' title='bbox 602 493 743 529; x_wconf 85' lang='grc' dir='ltr'>θανοῦσι</span> <span class='ocrx_word' id='word_1_17' title='bbox 760 492 941 539; x_wconf 75' lang='grc' dir='ltr'>πέμπωσιν</span> <span class='ocrx_word' id='word_1_18' title='bbox 958 494 1063 531; x_wconf 81' lang='grc' dir='ltr'>κενάς.</span> 
     </span>
     <span class='ocr_line' id='line_1_5' title="bbox 283 541 871 591; baseline 0 -11"><span class='ocrx_word' id='word_1_19' title='bbox 283 541 411 591; x_wconf 87' lang='lat'>(639.)</span> <span class='ocrx_word' id='word_1_20' title='bbox 436 559 488 590; x_wconf 81' lang='lat'><strong>13.</strong></span> <span class='ocrx_word' id='word_1_21' title='bbox 519 544 690 582; x_wconf 84' lang='lat' dir='ltr'>Stobaeus</span> <span class='ocrx_word' id='word_1_22' title='bbox 708 543 813 587; x_wconf 87' lang='lat' dir='ltr'>XCI,</span> <span class='ocrx_word' id='word_1_23' title='bbox 835 547 871 582; x_wconf 88' lang='lat'>8.</span> 
     </span>
     <span class='ocr_line' id='line_1_6' title="bbox 338 600 1070 648; baseline 0.001 -13"><span class='ocrx_word' id='word_1_24' title='bbox 338 600 387 635; x_wconf 81' lang='grc' dir='ltr'>Οὐ</span> <span class='ocrx_word' id='word_1_25' title='bbox 404 600 470 647; x_wconf 87' lang='grc' dir='ltr'>γὰρ</span> <span class='ocrx_word' id='word_1_26' title='bbox 488 602 580 648; x_wconf 86' lang='grc' dir='ltr'>παρὰ</span> <span class='ocrx_word' id='word_1_27' title='bbox 599 602 746 648; x_wconf 87' lang='grc' dir='ltr'>κρατῆρα</span> <span class='ocrx_word' id='word_1_28' title='bbox 763 601 817 636; x_wconf 87' lang='grc' dir='ltr'>καὶ</span> <span class='ocrx_word' id='word_1_29' title='bbox 835 600 950 646; x_wconf 78' lang='grc' dir='ltr'>θοίνην</span> <span class='ocrx_word' id='word_1_30' title='bbox 966 602 1070 647; x_wconf 91' lang='grc' dir='ltr'>μόνον</span> 
     </span>
     <span class='ocr_line' id='line_1_7' title="bbox 335 653 1024 702; baseline 0 -13"><span class='ocrx_word' id='word_1_31' title='bbox 335 654 378 689; x_wconf 87' lang='grc' dir='ltr'>τὰ</span> <span class='ocrx_word' id='word_1_32' title='bbox 394 653 539 701; x_wconf 82' lang='grc' dir='ltr'>χρήματ’</span> <span class='ocrx_word' id='word_1_33' title='bbox 559 655 787 702; x_wconf 83' lang='grc' dir='ltr'>ἀνθρώποισιν</span> <span class='ocrx_word' id='word_1_34' title='bbox 803 653 924 700; x_wconf 85' lang='grc' dir='ltr'>ἡδονὰς</span> <span class='ocrx_word' id='word_1_35' title='bbox 941 656 1024 701; x_wconf 81' lang='grc' dir='ltr'>ἕχει,</span> 
     </span>
     <span class='ocr_line' id='line_1_8' title="bbox 335 707 1101 756; baseline 0.003 -14"><span class='ocrx_word' id='word_1_36' title='bbox 335 707 412 742; x_wconf 86' lang='grc' dir='ltr'>ἀλλ’</span> <span class='ocrx_word' id='word_1_37' title='bbox 433 708 470 744; x_wconf 85' lang='grc' dir='ltr'>ἐν</span> <span class='ocrx_word' id='word_1_38' title='bbox 488 711 620 745; x_wconf 87' lang='grc' dir='ltr'>κακοῖσι</span> <span class='ocrx_word' id='word_1_39' title='bbox 639 707 778 754; x_wconf 82' lang='grc' dir='ltr'>δύναμιν</span> <span class='ocrx_word' id='word_1_40' title='bbox 795 708 835 744; x_wconf 81' lang='grc' dir='ltr'>οὗ</span> <span class='ocrx_word' id='word_1_41' title='bbox 852 709 973 755; x_wconf 83' lang='grc' dir='ltr'>μικρὰν</span> <span class='ocrx_word' id='word_1_42' title='bbox 990 708 1101 756; x_wconf 81' lang='grc' dir='ltr'>φέρει.</span> 
     </span>
     <span class='ocr_line' id='line_1_9' title="bbox 283 757 975 809; baseline 0.003 -14"><span class='ocrx_word' id='word_1_43' title='bbox 283 757 409 808; x_wconf 88' lang='grc'>(640.)</span> <span class='ocrx_word' id='word_1_44' title='bbox 435 775 485 806; x_wconf 90' lang='lat'>¹4·</span> <span class='ocrx_word' id='word_1_45' title='bbox 517 759 578 797; x_wconf 90' lang='lat' dir='ltr'><strong>Cf.</strong></span> <span class='ocrx_word' id='word_1_46' title='bbox 600 760 752 809; x_wconf 93' lang='lat' dir='ltr'><strong>Hippol.</strong></span> <span class='ocrx_word' id='word_1_47' title='bbox 773 759 867 809; x_wconf 87' lang='lat' dir='ltr'><strong>fgm.</strong></span> <span class='ocrx_word' id='word_1_48' title='bbox 887 760 975 797; x_wconf 92' lang='lat' dir='ltr'>XV.</span> 
     </span>
     <span class='ocr_line' id='line_1_10' title="bbox 280 811 1281 863; baseline 0.004 -15"><span class='ocrx_word' id='word_1_49' title='bbox 280 811 408 862; x_wconf 89' lang='grc'>(641.)</span> <span class='ocrx_word' id='word_1_50' title='bbox 432 829 481 860; x_wconf 86' lang='lat'>¹5·</span> <span class='ocrx_word' id='word_1_51' title='bbox 512 813 670 863; x_wconf 87' lang='lat' dir='ltr'><strong>Gregor.</strong></span> <span class='ocrx_word' id='word_1_52' title='bbox 693 813 863 850; x_wconf 83' lang='lat' dir='ltr'>Corinth.</span> <span class='ocrx_word' id='word_1_53' title='bbox 889 827 927 863; x_wconf 91' lang='lat' dir='ltr'>p.</span> <span class='ocrx_word' id='word_1_54' title='bbox 957 814 1002 852; x_wconf 90' lang='lat'>17</span> <span class='ocrx_word' id='word_1_55' title='bbox 1032 826 1087 863; x_wconf 85' lang='lat' dir='ltr'>sq.</span> <span class='ocrx_word' id='word_1_56' title='bbox 1114 815 1205 852; x_wconf 83' lang='grc' dir='ltr'>ἀλλὰ</span> <span class='ocrx_word' id='word_1_57' title='bbox 1228 816 1281 852; x_wconf 81' lang='grc' dir='ltr'>καὶ</span> 
     </span>
     <span class='ocr_line' id='line_1_11' title="bbox 228 867 879 918; baseline 0.002 -14"><span class='ocrx_word' id='word_1_58' title='bbox 228 867 410 915; x_wconf 83' lang='grc' dir='ltr'>Εὐριπίδης</span> <span class='ocrx_word' id='word_1_59' title='bbox 429 870 463 905; x_wconf 90' lang='grc' dir='ltr'>ἐν</span> <span class='ocrx_word' id='word_1_60' title='bbox 481 867 640 918; x_wconf 85' lang='grc' dir='ltr'>Πολυΐδῳ</span> <span class='ocrx_word' id='word_1_61' title='bbox 659 871 706 918; x_wconf 81' lang='grc' dir='ltr'>τῷ</span> <span class='ocrx_word' id='word_1_62' title='bbox 725 869 879 917; x_wconf 86' lang='grc' dir='ltr'>δράματι·</span> 
     </span>
     <span class='ocr_line' id='line_1_12' title="bbox 335 919 693 971; baseline 0.006 -14"><span class='ocrx_word' id='word_1_63' title='bbox 335 919 430 958; x_wconf 80' lang='grc' dir='ltr'>οἶσθ’</span> <span class='ocrx_word' id='word_1_64' title='bbox 448 921 507 959; x_wconf 73' lang='grc' dir='ltr'>οὖν</span> <span class='ocrx_word' id='word_1_65' title='bbox 526 922 544 958; x_wconf 89' lang='grc' dir='ltr'><strong><em>ὃ</em></strong></span> <span class='ocrx_word' id='word_1_66' title='bbox 564 924 693 971; x_wconf 84' lang='grc' dir='ltr'>δρᾶσον</span> 
     </span>
     <span class='ocr_line' id='line_1_13' title="bbox 227 975 747 1025; baseline 0 -13"><span class='ocrx_word' id='word_1_67' title='bbox 227 975 300 1012; x_wconf 76' lang='grc' dir='ltr'>ἀντὶ</span> <span class='ocrx_word' id='word_1_68' title='bbox 318 979 378 1014; x_wconf 90' lang='grc' dir='ltr'>τοῦ</span> <span class='ocrx_word' id='word_1_69' title='bbox 397 977 563 1025; x_wconf 77' lang='grc' dir='ltr'>δράσεις</span> <span class='ocrx_word' id='word_1_70' title='bbox 581 976 747 1025; x_wconf 83' lang='grc' dir='ltr'>ἐξήνεγκε.</span> 
     </span>
    </p>
   </div>
   <div class='ocr_carea' id='block_1_3' title="bbox 645 1082 750 1089">
    <p class='ocr_par' dir='ltr' id='par_1_3' title="bbox 645 1082 750 1089">
     <span class='ocr_line' id='line_1_14' title="bbox 645 1082 750 1089; baseline 0 0"><span class='ocrx_word' id='word_1_71' title='bbox 645 1082 750 1089; x_wconf 95' lang='lat' dir='ltr'> </span> 
     </span>
    </p>
   </div>
   <div class='ocr_carea' id='block_1_4' title="bbox 595 1154 910 1187">
    <p class='ocr_par' dir='ltr' id='par_1_4' title="bbox 595 1154 910 1187">
     <span class='ocr_line' id='line_1_15' title="bbox 595 1154 910 1187; baseline -0.013 0"><span class='ocrx_word' id='word_1_72' title='bbox 595 1154 910 1187; x_wconf 84' lang='grc' dir='ltr'>ΠΡΩΤΕΣῘΛΑΟΣ.</span> 
     </span>
    </p>
   </div>
   <div class='ocr_carea' id='block_1_5' title="bbox 1159 276 1489 319">
    <p class='ocr_par' dir='ltr' id='par_1_5' title="bbox 1159 276 1489 319">
     <span class='ocr_line' id='line_1_16' title="bbox 1159 276 1489 319; baseline -0.003 0"><span class='ocrx_word' id='word_1_73' title='bbox 1159 276 1489 319; x_wconf 70' lang='grc' dir='ltr'>ΕΥΡΙΠΙΔΟΥ</span> 
     </span>
    </p>
   </div>
   <div class='ocr_carea' id='block_1_6' title="bbox 1314 378 2366 969">
    <p class='ocr_par' dir='ltr' id='par_1_6' title="bbox 1316 378 2366 541">
     <span class='ocr_line' id='line_1_17' title="bbox 1316 378 2366 432; baseline -0.002 -10"><span class='ocrx_word' id='word_1_74' title='bbox 1316 398 1432 432; x_wconf 71' lang='grc' dir='ltr'>νηταις</span> <span class='ocrx_word' id='word_1_75' title='bbox 1468 387 1526 421; x_wconf 86' lang='grc' dir='ltr'>νῦν</span> <span class='ocrx_word' id='word_1_76' title='bbox 1552 383 1581 421; x_wconf 78' lang='grc' dir='ltr'>δ’</span> <span class='ocrx_word' id='word_1_77' title='bbox 1607 386 1626 420; x_wconf 87' lang='grc' dir='ltr'>ὁ</span> <span class='ocrx_word' id='word_1_78' title='bbox 1650 383 1712 431; x_wconf 84' lang='grc' dir='ltr'>μὲν</span> <span class='ocrx_word' id='word_1_79' title='bbox 1736 382 1906 432; x_wconf 80' lang='grc' dir='ltr'>κρείσσων</span> <span class='ocrx_word' id='word_1_80' title='bbox 1931 381 2134 430; x_wconf 79' lang='grc' dir='ltr'>αἶσθήσεως,</span> <span class='ocrx_word' id='word_1_81' title='bbox 2157 381 2224 431; x_wconf 75' lang='grc' dir='ltr'>ἐγὼ</span> <span class='ocrx_word' id='word_1_82' title='bbox 2247 381 2286 420; x_wconf 69' lang='grc' dir='ltr'>δᾶ</span> <span class='ocrx_word' id='word_1_83' title='bbox 2311 378 2366 420; x_wconf 59' lang='grc' dir='ltr'>καὶ</span> 
     </span>
     <span class='ocr_line' id='line_1_18' title="bbox 1316 433 2366 487; baseline -0.003 -12"><span class='ocrx_word' id='word_1_84' title='bbox 1316 436 1433 487; x_wconf 85' lang='lat' dir='ltr'><strong>(recte</strong></span> <span class='ocrx_word' id='word_1_85' title='bbox 1457 437 1591 474; x_wconf 84' lang='lat' dir='ltr'><strong>Gatak.</strong></span> <span class='ocrx_word' id='word_1_86' title='bbox 1614 436 1769 473; x_wconf 84' lang='lat' dir='ltr'><strong>Advers.</strong></span> <span class='ocrx_word' id='word_1_87' title='bbox 1791 434 1915 485; x_wconf 84' lang='lat' dir='ltr'><strong>posth.</strong></span> <span class='ocrx_word' id='word_1_88' title='bbox 1942 448 1978 485; x_wconf 90' lang='lat' dir='ltr'>p.</span> <span class='ocrx_word' id='word_1_89' title='bbox 2004 439 2080 473; x_wconf 90' lang='lat'>518</span> <span class='ocrx_word' id='word_1_90' title='bbox 2106 448 2161 485; x_wconf 83' lang='lat' dir='ltr'>sq.</span> <span class='ocrx_word' id='word_1_91' title='bbox 2182 433 2283 483; x_wconf 78' lang='grc' dir='ltr'>κατὰ)</span> <span class='ocrx_word' id='word_1_92' title='bbox 2306 436 2366 483; x_wconf 67' lang='grc' dir='ltr'>τὴν</span> 
     </span>
     <span class='ocr_line' id='line_1_19' title="bbox 1316 492 1730 541; baseline -0.005 -12"><span class='ocrx_word' id='word_1_93' title='bbox 1316 493 1501 541; x_wconf 80' lang='grc' dir='ltr'>Εὐριπίδου</span> <span class='ocrx_word' id='word_1_94' title='bbox 1520 492 1730 538; x_wconf 84' lang='grc' dir='ltr'>Λαοδάμειαν</span> 
     </span>
    </p>

    <p class='ocr_par' dir='ltr' id='par_1_7' title="bbox 1314 545 2362 702">
     <span class='ocr_line' id='line_1_20' title="bbox 1422 545 2146 593; baseline 0.001 -13"><span class='ocrx_word' id='word_1_95' title='bbox 1422 547 1482 582; x_wconf 88' lang='grc' dir='ltr'>οὐκ</span> <span class='ocrx_word' id='word_1_96' title='bbox 1499 546 1540 582; x_wconf 88' lang='grc' dir='ltr'>ἂν</span> <span class='ocrx_word' id='word_1_97' title='bbox 1556 546 1718 593; x_wconf 85' lang='grc' dir='ltr'>προδοίην</span> <span class='ocrx_word' id='word_1_98' title='bbox 1736 545 1853 592; x_wconf 89' lang='grc' dir='ltr'>καίπερ</span> <span class='ocrx_word' id='word_1_99' title='bbox 1871 545 2010 593; x_wconf 74' lang='grc' dir='ltr'>ἄψυχον</span> <span class='ocrx_word' id='word_1_100' title='bbox 2027 546 2146 593; x_wconf 80' lang='grc' dir='ltr'>φίλον.</span> 
     </span>
     <span class='ocr_line' id='line_1_21' title="bbox 1314 598 2362 647; baseline -0.001 -11"><span class='ocrx_word' id='word_1_101' title='bbox 1314 600 1483 647; x_wconf 82' lang='grc' dir='ltr'>βούλομαι</span> <span class='ocrx_word' id='word_1_102' title='bbox 1505 599 1564 636; x_wconf 77' lang='grc' dir='ltr'>οὐν</span> <span class='ocrx_word' id='word_1_103' title='bbox 1586 600 1686 635; x_wconf 89' lang='grc' dir='ltr'>αὐτὸν</span> <span class='ocrx_word' id='word_1_104' title='bbox 1710 600 1755 636; x_wconf 83' lang='grc' dir='ltr'>ὣς</span> <span class='ocrx_word' id='word_1_105' title='bbox 1775 599 2018 645; x_wconf 80' lang='grc' dir='ltr'>αἰσθανόμενον</span> <span class='ocrx_word' id='word_1_106' title='bbox 2040 598 2362 647; x_wconf 80' lang='grc' dir='ltr'>παραμυθήσασθαι·</span> 
     </span>
     <span class='ocr_line' id='line_1_22' title="bbox 1315 651 2271 702; baseline -0.002 -12"><span class='ocrx_word' id='word_1_107' title='bbox 1315 655 1341 690; x_wconf 85' lang='grc' dir='ltr'><em>ὦ</em></span> <span class='ocrx_word' id='word_1_108' title='bbox 1367 657 1500 702; x_wconf 90' lang='grc' dir='ltr'>λόγων</span> <span class='ocrx_word' id='word_1_109' title='bbox 1527 654 1629 700; x_wconf 82' lang='grc' dir='ltr'>ἐμῶν</span> <span class='ocrx_word' id='word_1_110' title='bbox 1656 653 1828 701; x_wconf 82' lang='grc' dir='ltr'>σιγηλὸν</span> <span class='ocrx_word' id='word_1_111' title='bbox 1854 651 2036 693; x_wconf 77' lang='grc' dir='ltr'>εἴδωλον,</span> <span class='ocrx_word' id='word_1_112' title='bbox 2065 654 2109 688; x_wconf 90' lang='grc' dir='ltr'>οὐ</span> <span class='ocrx_word' id='word_1_113' title='bbox 2135 654 2271 700; x_wconf 86' lang='grc' dir='ltr'>φαίνῃ.</span> 
     </span>
    </p>

    <p class='ocr_par' dir='ltr' id='par_1_8' title="bbox 1368 704 1995 756">
     <span class='ocr_line' id='line_1_23' title="bbox 1368 704 1995 756; baseline -0.003 -13"><span class='ocrx_word' id='word_1_114' title='bbox 1368 705 1493 756; x_wconf 90' lang='grc'>(652.)</span> <span class='ocrx_word' id='word_1_115' title='bbox 1518 722 1568 744; x_wconf 83' lang='grc' dir='ltr'>ιι.</span> <span class='ocrx_word' id='word_1_116' title='bbox 1599 704 1770 742; x_wconf 82' lang='lat' dir='ltr'>Stobaeus</span> <span class='ocrx_word' id='word_1_117' title='bbox 1789 705 1936 748; x_wconf 87' lang='lat' dir='ltr'>LXIX,</span> <span class='ocrx_word' id='word_1_118' title='bbox 1959 706 1995 742; x_wconf 90' lang='lat'>9.</span> 
     </span>
    </p>

    <p class='ocr_par' dir='ltr' id='par_1_9' title="bbox 1415 760 2143 809">
     <span class='ocr_line' id='line_1_24' title="bbox 1415 760 2143 809; baseline -0.004 -12"><span class='ocrx_word' id='word_1_119' title='bbox 1415 760 1538 798; x_wconf 71' lang='lat' dir='ltr'><em>‘&#39;Oct-ns·</em></span> <span class='ocrx_word' id='word_1_120' title='bbox 1556 761 1593 797; x_wconf 82' lang='grc' dir='ltr'>δὲ</span> <span class='ocrx_word' id='word_1_121' title='bbox 1611 761 1725 797; x_wconf 88' lang='grc' dir='ltr'>πάσας</span> <span class='ocrx_word' id='word_1_122' title='bbox 1743 760 1910 797; x_wconf 73' lang='grc' dir='ltr'>συντιθεὶς</span> <span class='ocrx_word' id='word_1_123' title='bbox 1927 760 2031 809; x_wconf 74' lang='grc' dir='ltr'>ψέγει</span> <span class='ocrx_word' id='word_1_124' title='bbox 2048 761 2143 808; x_wconf 87' lang='grc' dir='ltr'>λόγῳ</span> 
     </span>
    </p>

    <p class='ocr_par' dir='ltr' id='par_1_10' title="bbox 1420 814 2136 863">
     <span class='ocr_line' id='line_1_25' title="bbox 1420 814 2136 863; baseline -0.001 -13"><span class='ocrx_word' id='word_1_125' title='bbox 1420 817 1577 863; x_wconf 88' lang='grc' dir='ltr'>γυναῖκας</span> <span class='ocrx_word' id='word_1_126' title='bbox 1594 814 1682 860; x_wconf 80' lang='grc' dir='ltr'>ἑξῆς,</span> <span class='ocrx_word' id='word_1_127' title='bbox 1703 816 1820 851; x_wconf 89' lang='grc' dir='ltr'>σκαιός</span> <span class='ocrx_word' id='word_1_128' title='bbox 1838 814 1913 850; x_wconf 87' lang='grc' dir='ltr'>ε’στι</span> <span class='ocrx_word' id='word_1_129' title='bbox 1932 814 1990 849; x_wconf 83' lang='grc' dir='ltr'>κού</span> <span class='ocrx_word' id='word_1_130' title='bbox 2009 815 2136 860; x_wconf 85' lang='grc' dir='ltr'>σοφός.</span> 
     </span>
    </p>

    <p class='ocr_par' dir='ltr' id='par_1_11' title="bbox 1419 865 2228 916">
     <span class='ocr_line' id='line_1_26' title="bbox 1419 865 2228 916; baseline -0.002 -11"><span class='ocrx_word' id='word_1_131' title='bbox 1419 871 1559 905; x_wconf 85' lang='grc' dir='ltr'>πολλῶν</span> <span class='ocrx_word' id='word_1_132' title='bbox 1575 869 1642 916; x_wconf 85' lang='grc' dir='ltr'>γὰρ</span> <span class='ocrx_word' id='word_1_133' title='bbox 1661 868 1774 904; x_wconf 80' lang='grc' dir='ltr'>οὐσῶν</span> <span class='ocrx_word' id='word_1_134' title='bbox 1790 868 1850 914; x_wconf 84' lang='grc' dir='ltr'>τὴν</span> <span class='ocrx_word' id='word_1_135' title='bbox 1867 868 1929 913; x_wconf 80' lang='grc' dir='ltr'>μὲν</span> <span class='ocrx_word' id='word_1_136' title='bbox 1947 865 2100 915; x_wconf 80' lang='grc' dir='ltr'>εὑρήσεις</span> <span class='ocrx_word' id='word_1_137' title='bbox 2117 867 2228 913; x_wconf 83' lang='grc' dir='ltr'>κακὴν,</span> 
     </span>
    </p>

    <p class='ocr_par' dir='ltr' id='par_1_12' title="bbox 1420 920 2218 969">
     <span class='ocr_line' id='line_1_27' title="bbox 1420 920 2218 969; baseline -0.003 -10"><span class='ocrx_word' id='word_1_138' title='bbox 1420 924 1479 969; x_wconf 89' lang='grc' dir='ltr'>τὴν</span> <span class='ocrx_word' id='word_1_139' title='bbox 1498 923 1541 964; x_wconf 82' lang='grc' dir='ltr'>δ’,</span> <span class='ocrx_word' id='word_1_140' title='bbox 1562 924 1678 969; x_wconf 86' lang='grc' dir='ltr'>ὥσπερ</span> <span class='ocrx_word' id='word_1_141' title='bbox 1697 920 1790 967; x_wconf 80' lang='grc' dir='ltr'>αὕτη,</span> <span class='ocrx_word' id='word_1_142' title='bbox 1810 921 1889 967; x_wconf 85' lang='grc' dir='ltr'>λῆμ’</span> <span class='ocrx_word' id='word_1_143' title='bbox 1909 922 2059 968; x_wconf 78' lang='grc' dir='ltr'>ἔχουσαν</span> <span class='ocrx_word' id='word_1_144' title='bbox 2076 920 2218 969; x_wconf 81' lang='grc' dir='ltr'>εὐγενές.</span> 
     </span>
    </p>
   </div>
   <div class='ocr_carea' id='block_1_7' title="bbox 1738 1026 1890 1036">
    <p class='ocr_par' dir='ltr' id='par_1_13' title="bbox 1738 1026 1890 1036">
     <span class='ocr_line' id='line_1_28' title="bbox 1738 1026 1890 1036; baseline 0 2824"><span class='ocrx_word' id='word_1_145' title='bbox 1738 1026 1890 1036; x_wconf 95' lang='lat' dir='ltr'> </span> 
     </span>
    </p>
   </div>
   <div class='ocr_carea' id='block_1_8' title="bbox 1367 1101 2364 1234">
    <p class='ocr_par' dir='ltr' id='par_1_14' title="bbox 1367 1101 2364 1234">
     <span class='ocr_line' id='line_1_29' title="bbox 1681 1101 1996 1134; baseline -0.006 0"><span class='ocrx_word' id='word_1_146' title='bbox 1681 1101 1996 1134; x_wconf 79' lang='grc' dir='ltr'>ΡΑΔΑΜΑΝΘΥΣ.</span> 
     </span>
     <span class='ocr_line' id='line_1_30' title="bbox 1367 1180 2364 1234; baseline 0 -12"><span class='ocrx_word' id='word_1_147' title='bbox 1367 1182 1494 1234; x_wconf 88' lang='grc'>(653.)</span> <span class='ocrx_word' id='word_1_148' title='bbox 1515 1201 1545 1223; x_wconf 89' lang='lat'><strong>1.</strong></span> <span class='ocrx_word' id='word_1_149' title='bbox 1576 1184 1711 1221; x_wconf 77' lang='lat' dir='ltr'>Strabo</span> <span class='ocrx_word' id='word_1_150' title='bbox 1738 1182 1848 1228; x_wconf 83' lang='lat' dir='ltr'>VIII,</span> <span class='ocrx_word' id='word_1_151' title='bbox 1873 1195 1911 1231; x_wconf 90' lang='lat' dir='ltr'>p.</span> <span class='ocrx_word' id='word_1_152' title='bbox 1938 1183 2014 1219; x_wconf 88' lang='grc'>546</span> <span class='ocrx_word' id='word_1_153' title='bbox 2042 1180 2090 1220; x_wconf 84' lang='grc' dir='ltr'>Α.</span> <span class='ocrx_word' id='word_1_154' title='bbox 2116 1185 2298 1233; x_wconf 82' lang='grc' dir='ltr'>Εὐριπίδης</span> <span class='ocrx_word' id='word_1_155' title='bbox 2328 1185 2364 1222; x_wconf 75' lang='grc' dir='ltr'>ἐν</span> 
     </span>
    </p>
   </div>
   <div class='ocr_carea' id='block_1_9' title="bbox 281 1234 2009 1289">
    <p class='ocr_par' dir='ltr' id='par_1_15' title="bbox 281 1234 2009 1289">
     <span class='ocr_line' id='line_1_31' title="bbox 281 1234 2009 1289; baseline -0.001 -15"><span class='ocrx_word' id='word_1_156' title='bbox 281 1237 410 1287; x_wconf 80' lang='grc'>(642.)</span> <span class='ocrx_word' id='word_1_157' title='bbox 435 1253 463 1275; x_wconf 85' lang='lat'><strong>1.</strong></span> <span class='ocrx_word' id='word_1_158' title='bbox 492 1236 602 1275; x_wconf 86' lang='lat' dir='ltr'>Diod.</span> <span class='ocrx_word' id='word_1_159' title='bbox 634 1236 708 1273; x_wconf 83' lang='lat' dir='ltr'><strong>Sic.</strong></span> <span class='ocrx_word' id='word_1_160' title='bbox 736 1235 827 1278; x_wconf 90' lang='lat' dir='ltr'>XX,</span> <span class='ocrx_word' id='word_1_161' title='bbox 853 1235 918 1271; x_wconf 87' lang='grc'>41.</span> <span class='ocrx_word' id='word_1_162' title='bbox 938 1234 1018 1272; x_wconf 67' lang='grc' dir='ltr'>’Ὀτι</span> <span class='ocrx_word' id='word_1_163' title='bbox 1045 1237 1081 1273; x_wconf 83' lang='grc' dir='ltr'>δὲ</span> <span class='ocrx_word' id='word_1_164' title='bbox 1110 1237 1193 1273; x_wconf 86' lang='grc' dir='ltr'>κατὰ</span> <span class='ocrx_word' id='word_1_165' title='bbox 1219 1237 1279 1283; x_wconf 87' lang='grc' dir='ltr'>τὴν</span> <span class='ocrx_word' id='word_1_166' title='bbox 1310 1239 1531 1287; x_wconf 82' lang='grc' dir='ltr'>Ῥαδαμάνθυϊ</span> <span class='ocrx_word' id='word_1_167' title='bbox 1548 1235 1667 1289; x_wconf 89' lang='grc' dir='ltr'>(καλεῖ</span> <span class='ocrx_word' id='word_1_168' title='bbox 1682 1240 1784 1275; x_wconf 90' lang='grc' dir='ltr'>πόλιν</span> <span class='ocrx_word' id='word_1_169' title='bbox 1801 1239 1861 1284; x_wconf 87' lang='grc' dir='ltr'>τὴν</span> <span class='ocrx_word' id='word_1_170' title='bbox 1878 1235 2009 1285; x_wconf 84' lang='grc' dir='ltr'>χώραν)</span> 
     </span>
    </p>
   </div>
   <div class='ocr_carea' id='block_1_10' title="bbox 224 1286 1283 3484">
    <p class='ocr_par' dir='ltr' id='par_1_16' title="bbox 226 1286 1278 1608">
     <span class='ocr_line' id='line_1_32' title="bbox 227 1286 1278 1341; baseline 0 -13"><span class='ocrx_word' id='word_1_171' title='bbox 227 1291 354 1338; x_wconf 77' lang='grc' dir='ltr'>Λιβύην</span> <span class='ocrx_word' id='word_1_172' title='bbox 383 1293 523 1341; x_wconf 85' lang='grc' dir='ltr'>γέγονεν</span> <span class='ocrx_word' id='word_1_173' title='bbox 558 1290 640 1338; x_wconf 80' lang='grc' dir='ltr'>αὕτη</span> <span class='ocrx_word' id='word_1_174' title='bbox 673 1287 714 1339; x_wconf 92' lang='grc' dir='ltr'>(ἡ</span> <span class='ocrx_word' id='word_1_175' title='bbox 748 1286 879 1337; x_wconf 86' lang='grc' dir='ltr'>Λάμια)</span> <span class='ocrx_word' id='word_1_176' title='bbox 916 1291 969 1326; x_wconf 80' lang='grc' dir='ltr'>καὶ</span> <span class='ocrx_word' id='word_1_177' title='bbox 1000 1291 1058 1327; x_wconf 90' lang='grc' dir='ltr'>τὸν</span> <span class='ocrx_word' id='word_1_178' title='bbox 1094 1292 1278 1339; x_wconf 80' lang='grc' dir='ltr'>Εὐριπίδην</span> 
     </span>
     <span class='ocr_line' id='line_1_33' title="bbox 226 1344 929 1394; baseline -0.009 -10"><span class='ocrx_word' id='word_1_179' title='bbox 226 1347 332 1392; x_wconf 79' lang='grc' dir='ltr'>δείξαι</span> <span class='ocrx_word' id='word_1_180' title='bbox 350 1361 400 1384; x_wconf 91' lang='grc' dir='ltr'>τις</span> <span class='ocrx_word' id='word_1_181' title='bbox 418 1347 458 1383; x_wconf 85' lang='grc' dir='ltr'>ἂν</span> <span class='ocrx_word' id='word_1_182' title='bbox 475 1349 719 1394; x_wconf 83' lang='grc' dir='ltr'>μαρτυροῦντα.</span> <span class='ocrx_word' id='word_1_183' title='bbox 739 1345 832 1392; x_wconf 86' lang='grc' dir='ltr'>λέγει</span> <span class='ocrx_word' id='word_1_184' title='bbox 850 1344 929 1392; x_wconf 87' lang='grc' dir='ltr'>γάρ·</span> 
     </span>
     <span class='ocr_line' id='line_1_34' title="bbox 331 1397 1049 1447; baseline 0 -11"><span class='ocrx_word' id='word_1_185' title='bbox 331 1401 382 1437; x_wconf 90' lang='grc' dir='ltr'>τίς</span> <span class='ocrx_word' id='word_1_186' title='bbox 399 1403 545 1447; x_wconf 80' lang='grc' dir='ltr'>τοῦνομα</span> <span class='ocrx_word' id='word_1_187' title='bbox 562 1401 602 1436; x_wconf 86' lang='grc' dir='ltr'>τὸ</span> <span class='ocrx_word' id='word_1_188' title='bbox 622 1397 644 1421; x_wconf 84' lang='grc'><strong>*</strong></span> <span class='ocrx_word' id='word_1_189' title='bbox 664 1399 894 1435; x_wconf 75' lang='grc' dir='ltr'>ἐπονείδιστον</span> <span class='ocrx_word' id='word_1_190' title='bbox 910 1400 1049 1446; x_wconf 80' lang='grc' dir='ltr'>βροτοῖς</span> 
     </span>
     <span class='ocr_line' id='line_1_35' title="bbox 332 1452 1063 1501; baseline 0 -12"><span class='ocrx_word' id='word_1_191' title='bbox 332 1455 392 1489; x_wconf 81' lang='grc' dir='ltr'>οὐκ</span> <span class='ocrx_word' id='word_1_192' title='bbox 410 1452 480 1491; x_wconf 83' lang='grc' dir='ltr'>οἶδε</span> <span class='ocrx_word' id='word_1_193' title='bbox 499 1455 626 1501; x_wconf 85' lang='grc' dir='ltr'>Λαμίας</span> <span class='ocrx_word' id='word_1_194' title='bbox 643 1455 704 1499; x_wconf 86' lang='grc' dir='ltr'>τῆς</span> <span class='ocrx_word' id='word_1_195' title='bbox 720 1453 926 1498; x_wconf 83' lang='grc' dir='ltr'>Λιβυστικῆς</span> <span class='ocrx_word' id='word_1_196' title='bbox 942 1452 1040 1500; x_wconf 91' lang='grc' dir='ltr'>γένος</span> <span class='ocrx_word' id='word_1_197' title='bbox 1054 1465 1063 1495; x_wconf 89' lang='grc'>;</span> 
     </span>
     <span class='ocr_line' id='line_1_36' title="bbox 279 1504 908 1557; baseline -0.002 -14"><span class='ocrx_word' id='word_1_198' title='bbox 279 1504 417 1557; x_wconf 90' lang='grc'>(643.)</span> <span class='ocrx_word' id='word_1_199' title='bbox 438 1523 469 1545; x_wconf 86' lang='lat'>2.</span> <span class='ocrx_word' id='word_1_200' title='bbox 500 1506 671 1543; x_wconf 85' lang='lat' dir='ltr'>Stobaeus</span> <span class='ocrx_word' id='word_1_201' title='bbox 689 1504 849 1546; x_wconf 92' lang='lat' dir='ltr'>LXXV,</span> <span class='ocrx_word' id='word_1_202' title='bbox 872 1505 908 1542; x_wconf 90' lang='grc'>7.</span> 
     </span>
     <span class='ocr_line' id='line_1_37' title="bbox 325 1558 1123 1608; baseline -0.001 -12"><span class='ocrx_word' id='word_1_203' title='bbox 325 1558 372 1596; x_wconf 72' lang='grc' dir='ltr'>Ὠ</span> <span class='ocrx_word' id='word_1_204' title='bbox 389 1563 505 1600; x_wconf 87' lang='grc' dir='ltr'>παῖδες</span> <span class='ocrx_word' id='word_1_205' title='bbox 523 1559 595 1597; x_wconf 74' lang='grc' dir='ltr'>οἷον</span> <span class='ocrx_word' id='word_1_206' title='bbox 613 1561 760 1608; x_wconf 85' lang='grc' dir='ltr'>φίλτρον</span> <span class='ocrx_word' id='word_1_207' title='bbox 778 1560 967 1607; x_wconf 85' lang='grc' dir='ltr'>ἀνθρώποις</span> <span class='ocrx_word' id='word_1_208' title='bbox 985 1560 1123 1606; x_wconf 91' lang='grc' dir='ltr'>φρενός.</span> 
     </span>
    </p>

    <p class='ocr_par' dir='ltr' id='par_1_17' title="bbox 224 1610 1280 1771">
     <span class='ocr_line' id='line_1_38' title="bbox 279 1610 1277 1664; baseline -0.002 -13"><span class='ocrx_word' id='word_1_209' title='bbox 279 1613 407 1664; x_wconf 90' lang='grc'>(644.)</span> <span class='ocrx_word' id='word_1_210' title='bbox 427 1631 460 1661; x_wconf 83' lang='grc'>3.</span> <span class='ocrx_word' id='word_1_211' title='bbox 491 1613 610 1651; x_wconf 88' lang='lat' dir='ltr'><strong>Clem.</strong></span> <span class='ocrx_word' id='word_1_212' title='bbox 648 1612 755 1649; x_wconf 87' lang='lat' dir='ltr'><strong>Alex.</strong></span> <span class='ocrx_word' id='word_1_213' title='bbox 795 1611 935 1649; x_wconf 83' lang='lat' dir='ltr'><strong>Strom.</strong></span> <span class='ocrx_word' id='word_1_214' title='bbox 973 1610 1042 1654; x_wconf 92' lang='lat' dir='ltr'>VI,</span> <span class='ocrx_word' id='word_1_215' title='bbox 1081 1614 1117 1654; x_wconf 86' lang='lat'>2,</span> <span class='ocrx_word' id='word_1_216' title='bbox 1155 1615 1174 1659; x_wconf 88' lang='lat'>§</span> <span class='ocrx_word' id='word_1_217' title='bbox 1214 1615 1277 1656; x_wconf 84' lang='lat'>24,</span> 
     </span>
     <span class='ocr_line' id='line_1_39' title="bbox 224 1666 1280 1717; baseline -0.002 -12"><span class='ocrx_word' id='word_1_218' title='bbox 224 1680 262 1717; x_wconf 83' lang='lat' dir='ltr'>p.</span> <span class='ocrx_word' id='word_1_219' title='bbox 291 1669 365 1708; x_wconf 87' lang='lat'>751</span> <span class='ocrx_word' id='word_1_220' title='bbox 393 1668 435 1705; x_wconf 89' lang='grc' dir='ltr'>Ρ.</span> <span class='ocrx_word' id='word_1_221' title='bbox 461 1670 645 1705; x_wconf 90' lang='grc' dir='ltr'>Πλάτωνός</span> <span class='ocrx_word' id='word_1_222' title='bbox 668 1683 705 1703; x_wconf 91' lang='grc' dir='ltr'>τε</span> <span class='ocrx_word' id='word_1_223' title='bbox 737 1668 772 1703; x_wconf 87' lang='grc' dir='ltr'>ἐν</span> <span class='ocrx_word' id='word_1_224' title='bbox 802 1666 957 1713; x_wconf 83' lang='grc' dir='ltr'>πολιτείᾳ</span> <span class='ocrx_word' id='word_1_225' title='bbox 987 1667 1139 1705; x_wconf 84' lang='grc' dir='ltr'>εἶπόντος</span> <span class='ocrx_word' id='word_1_226' title='bbox 1170 1669 1280 1705; x_wconf 84' lang='grc' dir='ltr'>κοινὰς</span> 
     </span>
     <span class='ocr_line' id='line_1_40' title="bbox 226 1721 1236 1771; baseline -0.001 -13"><span class='ocrx_word' id='word_1_227' title='bbox 226 1721 309 1759; x_wconf 80' lang='grc' dir='ltr'>εἶναι</span> <span class='ocrx_word' id='word_1_228' title='bbox 327 1724 387 1760; x_wconf 86' lang='grc' dir='ltr'>τὰς</span> <span class='ocrx_word' id='word_1_229' title='bbox 404 1726 572 1771; x_wconf 88' lang='grc' dir='ltr'>γυναῖκας,</span> <span class='ocrx_word' id='word_1_230' title='bbox 593 1722 776 1770; x_wconf 86' lang='grc' dir='ltr'>Εὐριπίδης</span> <span class='ocrx_word' id='word_1_231' title='bbox 795 1722 830 1758; x_wconf 87' lang='grc' dir='ltr'>ἐν</span> <span class='ocrx_word' id='word_1_232' title='bbox 849 1722 1079 1770; x_wconf 81' lang='grc' dir='ltr'>Πρωτεσιλάῳ</span> <span class='ocrx_word' id='word_1_233' title='bbox 1097 1722 1236 1769; x_wconf 81' lang='grc' dir='ltr'>γράφει·</span> 
     </span>
    </p>

    <p class='ocr_par' dir='ltr' id='par_1_18' title="bbox 333 1774 1047 1826">
     <span class='ocr_line' id='line_1_41' title="bbox 333 1774 1047 1826; baseline -0.006 -13"><span class='ocrx_word' id='word_1_234' title='bbox 333 1779 455 1814; x_wconf 87' lang='grc' dir='ltr'>Κοινὸν</span> <span class='ocrx_word' id='word_1_235' title='bbox 471 1779 538 1826; x_wconf 86' lang='grc' dir='ltr'>γὰρ</span> <span class='ocrx_word' id='word_1_236' title='bbox 558 1774 639 1813; x_wconf 74' lang='grc' dir='ltr'>εἶναι</span> <span class='ocrx_word' id='word_1_237' title='bbox 658 1777 711 1811; x_wconf 73' lang='grc' dir='ltr'>καὶΙ</span> <span class='ocrx_word' id='word_1_238' title='bbox 728 1777 915 1823; x_wconf 84' lang='grc' dir='ltr'>γυναικεῖον</span> <span class='ocrx_word' id='word_1_239' title='bbox 931 1774 1047 1821; x_wconf 85' lang='grc' dir='ltr'>λέχος.</span> 
     </span>
    </p>

    <p class='ocr_par' dir='ltr' id='par_1_19' title="bbox 225 1826 1281 2148">
     <span class='ocr_line' id='line_1_42' title="bbox 279 1826 1280 1879; baseline 0 -13"><span class='ocrx_word' id='word_1_240' title='bbox 279 1829 407 1879; x_wconf 91' lang='grc'>(645.)</span> <span class='ocrx_word' id='word_1_241' title='bbox 427 1846 459 1875; x_wconf 90' lang='lat'>4.</span> <span class='ocrx_word' id='word_1_242' title='bbox 489 1830 602 1866; x_wconf 85' lang='lat' dir='ltr'><strong>Phot.</strong></span> <span class='ocrx_word' id='word_1_243' title='bbox 643 1828 700 1877; x_wconf 90' lang='lat' dir='ltr'>(p.</span> <span class='ocrx_word' id='word_1_244' title='bbox 743 1828 818 1864; x_wconf 84' lang='lat'>300</span> <span class='ocrx_word' id='word_1_245' title='bbox 855 1827 913 1863; x_wconf 88' lang='lat' dir='ltr'>ed.</span> <span class='ocrx_word' id='word_1_246' title='bbox 954 1826 1085 1864; x_wconf 86' lang='lat' dir='ltr'><strong>Herm.</strong></span> <span class='ocrx_word' id='word_1_247' title='bbox 1123 1840 1161 1876; x_wconf 87' lang='lat' dir='ltr'>p.</span> <span class='ocrx_word' id='word_1_248' title='bbox 1202 1831 1280 1866; x_wconf 89' lang='lat'>410</span> 
     </span>
     <span class='ocr_line' id='line_1_43' title="bbox 225 1881 1279 1932; baseline -0.002 -12"><span class='ocrx_word' id='word_1_249' title='bbox 225 1881 348 1931; x_wconf 85' lang='lat' dir='ltr'><strong>Pors.)</strong></span> <span class='ocrx_word' id='word_1_250' title='bbox 377 1889 414 1920; x_wconf 79' lang='lat' dir='ltr'>et</span> <span class='ocrx_word' id='word_1_251' title='bbox 440 1882 544 1920; x_wconf 84' lang='lat' dir='ltr'><strong>Suid.</strong></span> <span class='ocrx_word' id='word_1_252' title='bbox 570 1895 607 1919; x_wconf 85' lang='lat' dir='ltr'>v.</span> <span class='ocrx_word' id='word_1_253' title='bbox 633 1882 818 1929; x_wconf 85' lang='grc' dir='ltr'>πενθερά.</span> <span class='ocrx_word' id='word_1_254' title='bbox 849 1882 1002 1929; x_wconf 88' lang='grc' dir='ltr'>Πενθερὰ</span> <span class='ocrx_word' id='word_1_255' title='bbox 1026 1884 1073 1930; x_wconf 81' lang='grc' dir='ltr'>τῷ</span> <span class='ocrx_word' id='word_1_256' title='bbox 1098 1883 1232 1932; x_wconf 79' lang='grc' dir='ltr'>νυμφίῳ</span> <span class='ocrx_word' id='word_1_257' title='bbox 1260 1884 1279 1928; x_wconf 89' lang='grc' dir='ltr'>ἡ</span> 
     </span>
     <span class='ocr_line' id='line_1_44' title="bbox 226 1935 1280 1986; baseline -0.001 -11"><span class='ocrx_word' id='word_1_258' title='bbox 226 1940 283 1984; x_wconf 86' lang='grc' dir='ltr'>τῆς</span> <span class='ocrx_word' id='word_1_259' title='bbox 302 1940 401 1986; x_wconf 88' lang='grc' dir='ltr'>κόρης</span> <span class='ocrx_word' id='word_1_260' title='bbox 422 1937 541 1986; x_wconf 81' lang='grc' dir='ltr'>μήτηρ,</span> <span class='ocrx_word' id='word_1_261' title='bbox 562 1938 615 1973; x_wconf 81' lang='grc' dir='ltr'>καὶ</span> <span class='ocrx_word' id='word_1_262' title='bbox 637 1935 797 1984; x_wconf 81' lang='grc' dir='ltr'>πενθερὸς</span> <span class='ocrx_word' id='word_1_263' title='bbox 818 1938 837 1971; x_wconf 97' lang='lat'><em>6</em></span> <span class='ocrx_word' id='word_1_264' title='bbox 858 1935 981 1983; x_wconf 89' lang='grc' dir='ltr'>πατήρ.</span> <span class='ocrx_word' id='word_1_265' title='bbox 1038 1936 1219 1984; x_wconf 85' lang='grc' dir='ltr'>Εὐριπίδης</span> <span class='ocrx_word' id='word_1_266' title='bbox 1244 1939 1280 1973; x_wconf 76' lang='grc' dir='ltr'>δὲ</span> 
     </span>
     <span class='ocr_line' id='line_1_45' title="bbox 226 1989 1280 2040; baseline -0.004 -12"><span class='ocrx_word' id='word_1_267' title='bbox 226 1991 381 2040; x_wconf 80' lang='grc' dir='ltr'>γαμβρὸν</span> <span class='ocrx_word' id='word_1_268' title='bbox 404 1993 496 2040; x_wconf 84' lang='grc' dir='ltr'>παρὰ</span> <span class='ocrx_word' id='word_1_269' title='bbox 520 1992 615 2036; x_wconf 80' lang='grc' dir='ltr'>τάξιν</span> <span class='ocrx_word' id='word_1_270' title='bbox 633 1991 737 2038; x_wconf 86' lang='grc' dir='ltr'>λέγει·</span> <span class='ocrx_word' id='word_1_271' title='bbox 758 1992 777 2026; x_wconf 91' lang='lat'><em>6</em></span> <span class='ocrx_word' id='word_1_272' title='bbox 798 1992 880 2037; x_wconf 86' lang='grc' dir='ltr'>γοῦν</span> <span class='ocrx_word' id='word_1_273' title='bbox 897 1989 1088 2034; x_wconf 84' lang='grc' dir='ltr'>Ἀλκμαίων</span> <span class='ocrx_word' id='word_1_274' title='bbox 1105 1991 1195 2037; x_wconf 82' lang='grc' dir='ltr'>φησὶ</span> <span class='ocrx_word' id='word_1_275' title='bbox 1215 1989 1280 2037; x_wconf 89' lang='lat' dir='ltr'><strong>(cf.</strong></span> 
     </span>
     <span class='ocr_line' id='line_1_46' title="bbox 226 2041 1281 2094; baseline 0 -14"><span class='ocrx_word' id='word_1_276' title='bbox 226 2044 429 2081; x_wconf 82' lang='lat' dir='ltr'><strong>Alcmaeon.</strong></span> <span class='ocrx_word' id='word_1_277' title='bbox 452 2044 546 2093; x_wconf 83' lang='lat' dir='ltr'><strong>fgm.</strong></span> <span class='ocrx_word' id='word_1_278' title='bbox 572 2041 660 2092; x_wconf 89' lang='lat' dir='ltr'>VI.)</span> <span class='ocrx_word' id='word_1_279' title='bbox 679 2063 732 2070; x_wconf 94' lang='lat'>--</span> <span class='ocrx_word' id='word_1_280' title='bbox 750 2063 803 2069; x_wconf 88' lang='lat'>—-</span> <span class='ocrx_word' id='word_1_281' title='bbox 822 2044 875 2079; x_wconf 82' lang='grc' dir='ltr'>καὶ</span> <span class='ocrx_word' id='word_1_282' title='bbox 907 2045 924 2078; x_wconf 91' lang='grc' dir='ltr'>ὁ</span> <span class='ocrx_word' id='word_1_283' title='bbox 957 2044 1204 2090; x_wconf 88' lang='grc' dir='ltr'>Πρωτεσίλαος</span> <span class='ocrx_word' id='word_1_284' title='bbox 1234 2047 1281 2094; x_wconf 81' lang='grc' dir='ltr'>τῷ</span> 
     </span>
     <span class='ocr_line' id='line_1_47' title="bbox 226 2099 521 2148; baseline -0.003 -12"><span class='ocrx_word' id='word_1_285' title='bbox 226 2099 381 2148; x_wconf 80' lang='grc' dir='ltr'>Ἀλκάθῳ</span> <span class='ocrx_word' id='word_1_286' title='bbox 399 2099 521 2146; x_wconf 90' lang='grc' dir='ltr'>φησίν·</span> 
     </span>
    </p>

    <p class='ocr_par' dir='ltr' id='par_1_20' title="bbox 332 2150 1101 2255">
     <span class='ocr_line' id='line_1_48' title="bbox 543 2150 1101 2197; baseline 0.002 -10"><span class='ocrx_word' id='word_1_287' title='bbox 543 2174 597 2180; x_wconf 91' lang='lat'>·-—</span> <span class='ocrx_word' id='word_1_288' title='bbox 623 2172 677 2177; x_wconf 90' lang='lat'>—</span> <span class='ocrx_word' id='word_1_289' title='bbox 702 2171 756 2177; x_wconf 86' lang='lat'>—-</span> <span class='ocrx_word' id='word_1_290' title='bbox 782 2171 836 2176; x_wconf 87' lang='lat'>—-</span> <span class='ocrx_word' id='word_1_291' title='bbox 862 2151 956 2196; x_wconf 74' lang='grc' dir='ltr'>ἐίξιος</span> <span class='ocrx_word' id='word_1_292' title='bbox 974 2150 1003 2186; x_wconf 84' lang='grc' dir='ltr'>δ’</span> <span class='ocrx_word' id='word_1_293' title='bbox 1024 2151 1101 2197; x_wconf 81' lang='grc' dir='ltr'>ἐμὸς</span> 
     </span>
     <span class='ocr_line' id='line_1_49' title="bbox 332 2205 1100 2255; baseline 0 -13"><span class='ocrx_word' id='word_1_294' title='bbox 332 2207 488 2255; x_wconf 89' lang='grc' dir='ltr'>γαμβρὸς</span> <span class='ocrx_word' id='word_1_295' title='bbox 506 2207 678 2253; x_wconf 85' lang='grc' dir='ltr'>κέκλησαι,</span> <span class='ocrx_word' id='word_1_296' title='bbox 698 2206 802 2242; x_wconf 85' lang='grc' dir='ltr'>παῖδά</span> <span class='ocrx_word' id='word_1_297' title='bbox 819 2220 877 2251; x_wconf 91' lang='grc' dir='ltr'>μοι</span> <span class='ocrx_word' id='word_1_298' title='bbox 895 2205 1100 2250; x_wconf 80' lang='grc' dir='ltr'>ξυνοικίσας.</span> 
     </span>
    </p>

    <p class='ocr_par' dir='ltr' id='par_1_21' title="bbox 280 2256 924 2311">
     <span class='ocr_line' id='line_1_50' title="bbox 280 2256 924 2311; baseline -0.006 -14"><span class='ocrx_word' id='word_1_299' title='bbox 280 2257 409 2311; x_wconf 91' lang='grc'>(646.)</span> <span class='ocrx_word' id='word_1_300' title='bbox 429 2274 461 2305; x_wconf 87' lang='lat'>5.</span> <span class='ocrx_word' id='word_1_301' title='bbox 492 2256 663 2296; x_wconf 84' lang='lat' dir='ltr'><strong>Stobaeus</strong></span> <span class='ocrx_word' id='word_1_302' title='bbox 682 2258 867 2303; x_wconf 89' lang='lat' dir='ltr'>CXXIV,</span> <span class='ocrx_word' id='word_1_303' title='bbox 889 2259 924 2294; x_wconf 87' lang='lat'>8.</span> 
     </span>
    </p>

    <p class='ocr_par' dir='ltr' id='par_1_22' title="bbox 332 2311 1059 2359">
     <span class='ocr_line' id='line_1_51' title="bbox 332 2311 1059 2359; baseline -0.004 -9"><span class='ocrx_word' id='word_1_304' title='bbox 332 2314 517 2355; x_wconf 88' lang='grc' dir='ltr'>Πέπονθεν,</span> <span class='ocrx_word' id='word_1_305' title='bbox 538 2312 593 2350; x_wconf 76' lang='grc' dir='ltr'>οἷα</span> <span class='ocrx_word' id='word_1_306' title='bbox 610 2314 664 2350; x_wconf 82' lang='grc' dir='ltr'>καὶ</span> <span class='ocrx_word' id='word_1_307' title='bbox 682 2314 724 2350; x_wconf 85' lang='grc' dir='ltr'>σὲ</span> <span class='ocrx_word' id='word_1_308' title='bbox 743 2314 797 2349; x_wconf 89' lang='grc' dir='ltr'>καὶ</span> <span class='ocrx_word' id='word_1_309' title='bbox 814 2314 940 2349; x_wconf 88' lang='grc' dir='ltr'>πάντας</span> <span class='ocrx_word' id='word_1_310' title='bbox 957 2311 1059 2359; x_wconf 88' lang='grc' dir='ltr'>μένει.</span> 
     </span>
    </p>

    <p class='ocr_par' dir='ltr' id='par_1_23' title="bbox 281 2365 890 2418">
     <span class='ocr_line' id='line_1_52' title="bbox 281 2365 890 2418; baseline 0 -13"><span class='ocrx_word' id='word_1_311' title='bbox 281 2365 409 2418; x_wconf 84' lang='lat'><strong>(647.)</strong></span> <span class='ocrx_word' id='word_1_312' title='bbox 429 2372 460 2404; x_wconf 88' lang='grc'>6.</span> <span class='ocrx_word' id='word_1_313' title='bbox 492 2366 662 2403; x_wconf 85' lang='lat' dir='ltr'>Stobaeus</span> <span class='ocrx_word' id='word_1_314' title='bbox 681 2365 784 2407; x_wconf 88' lang='lat' dir='ltr'>CXI,</span> <span class='ocrx_word' id='word_1_315' title='bbox 805 2369 840 2402; x_wconf 86' lang='lat'><strong>4.</strong></span> <span class='ocrx_word' id='word_1_316' title='bbox 885 2399 890 2405; x_wconf 88' lang='lat'>.</span> 
     </span>
    </p>

    <p class='ocr_par' dir='ltr' id='par_1_24' title="bbox 333 2418 1171 2469">
     <span class='ocr_line' id='line_1_53' title="bbox 333 2418 1171 2469; baseline -0.005 -11"><span class='ocrx_word' id='word_1_317' title='bbox 333 2422 443 2458; x_wconf 90' lang='grc' dir='ltr'>Πόλλ’</span> <span class='ocrx_word' id='word_1_318' title='bbox 464 2422 599 2459; x_wconf 79' lang='grc' dir='ltr'>ἐλπίδες</span> <span class='ocrx_word' id='word_1_319' title='bbox 615 2420 807 2469; x_wconf 81' lang='grc' dir='ltr'>ψεύδουσιν</span> <span class='ocrx_word' id='word_1_320' title='bbox 824 2422 858 2456; x_wconf 87' lang='grc' dir='ltr'>αἶ</span> <span class='ocrx_word' id='word_1_321' title='bbox 876 2420 996 2468; x_wconf 74' lang='grc' dir='ltr'>ἄλογοι</span> <span class='ocrx_word' id='word_1_322' title='bbox 1013 2418 1171 2466; x_wconf 77' lang='grc' dir='ltr'>βροτούς.</span> 
     </span>
    </p>

    <p class='ocr_par' dir='ltr' id='par_1_25' title="bbox 284 2472 962 2523">
     <span class='ocr_line' id='line_1_54' title="bbox 284 2472 962 2523; baseline -0.003 -11"><span class='ocrx_word' id='word_1_323' title='bbox 284 2472 412 2523; x_wconf 90' lang='grc'>(648.)</span> <span class='ocrx_word' id='word_1_324' title='bbox 434 2488 465 2521; x_wconf 82' lang='lat'>7.</span> <span class='ocrx_word' id='word_1_325' title='bbox 496 2473 667 2511; x_wconf 82' lang='lat' dir='ltr'>Stobaeus</span> <span class='ocrx_word' id='word_1_326' title='bbox 687 2472 877 2516; x_wconf 90' lang='lat' dir='ltr'>XCVIII,</span> <span class='ocrx_word' id='word_1_327' title='bbox 900 2473 962 2510; x_wconf 84' lang='lat'><strong>47.</strong></span> 
     </span>
    </p>

    <p class='ocr_par' dir='ltr' id='par_1_26' title="bbox 335 2528 1103 2576">
     <span class='ocr_line' id='line_1_55' title="bbox 335 2528 1103 2576; baseline -0.004 -10"><span class='ocrx_word' id='word_1_328' title='bbox 335 2530 384 2566; x_wconf 85' lang='grc' dir='ltr'>Οὐ</span> <span class='ocrx_word' id='word_1_329' title='bbox 404 2528 500 2576; x_wconf 84' lang='grc' dir='ltr'>θαῦμ’</span> <span class='ocrx_word' id='word_1_330' title='bbox 521 2529 654 2573; x_wconf 78' lang='grc' dir='ltr'>ἔλεξας,</span> <span class='ocrx_word' id='word_1_331' title='bbox 675 2529 793 2573; x_wconf 90' lang='grc' dir='ltr'>θνητὸν</span> <span class='ocrx_word' id='word_1_332' title='bbox 812 2528 892 2564; x_wconf 77' lang='grc' dir='ltr'>ὄντα</span> <span class='ocrx_word' id='word_1_333' title='bbox 910 2529 1103 2574; x_wconf 80' lang='grc' dir='ltr'>δυστυχεῖν.</span> 
     </span>
    </p>

    <p class='ocr_par' dir='ltr' id='par_1_27' title="bbox 228 2577 1279 2793">
     <span class='ocr_line' id='line_1_56' title="bbox 282 2577 1275 2631; baseline -0.004 -12"><span class='ocrx_word' id='word_1_334' title='bbox 282 2578 422 2631; x_wconf 89' lang='grc'>(649.)</span> <span class='ocrx_word' id='word_1_335' title='bbox 441 2588 473 2619; x_wconf 93' lang='grc'>8.</span> <span class='ocrx_word' id='word_1_336' title='bbox 503 2579 628 2617; x_wconf 86' lang='lat' dir='ltr'><strong>Schol.</strong></span> <span class='ocrx_word' id='word_1_337' title='bbox 656 2579 772 2629; x_wconf 85' lang='lat' dir='ltr'><strong>Soph.</strong></span> <span class='ocrx_word' id='word_1_338' title='bbox 802 2579 885 2617; x_wconf 92' lang='lat' dir='ltr'>OC.</span> <span class='ocrx_word' id='word_1_339' title='bbox 915 2582 973 2624; x_wconf 90' lang='lat'>10,</span> <span class='ocrx_word' id='word_1_340' title='bbox 998 2585 1035 2616; x_wconf 84' lang='lat' dir='ltr'>et</span> <span class='ocrx_word' id='word_1_341' title='bbox 1058 2579 1145 2616; x_wconf 91' lang='lat' dir='ltr'><strong>hinc</strong></span> <span class='ocrx_word' id='word_1_342' title='bbox 1173 2577 1275 2615; x_wconf 80' lang='lat' dir='ltr'><strong>said.</strong></span> 
     </span>
     <span class='ocr_line' id='line_1_57' title="bbox 230 2634 1279 2682; baseline -0.003 -11"><span class='ocrx_word' id='word_1_343' title='bbox 230 2647 261 2672; x_wconf 85' lang='lat' dir='ltr'>S.</span> <span class='ocrx_word' id='word_1_344' title='bbox 285 2647 323 2672; x_wconf 87' lang='lat' dir='ltr'><strong>V.</strong></span> <span class='ocrx_word' id='word_1_345' title='bbox 349 2637 510 2682; x_wconf 85' lang='grc' dir='ltr'>βέβηλος.</span> <span class='ocrx_word' id='word_1_346' title='bbox 540 2636 692 2681; x_wconf 88' lang='grc' dir='ltr'>Βέβηλος</span> <span class='ocrx_word' id='word_1_347' title='bbox 718 2637 823 2672; x_wconf 84' lang='grc' dir='ltr'>τόπος</span> <span class='ocrx_word' id='word_1_348' title='bbox 850 2635 945 2671; x_wconf 81' lang='grc' dir='ltr'>ἐστὶν</span> <span class='ocrx_word' id='word_1_349' title='bbox 971 2637 989 2670; x_wconf 89' lang='grc' dir='ltr'><strong><em>ὁ</em></strong></span> <span class='ocrx_word' id='word_1_350' title='bbox 1017 2635 1202 2681; x_wconf 86' lang='grc' dir='ltr'>ἀκάθαρτος</span> <span class='ocrx_word' id='word_1_351' title='bbox 1226 2634 1279 2668; x_wconf 83' lang='grc' dir='ltr'>καὶ</span> 
     </span>
     <span class='ocr_line' id='line_1_58' title="bbox 228 2687 1279 2736; baseline -0.001 -11"><span class='ocrx_word' id='word_1_352' title='bbox 228 2691 334 2732; x_wconf 86' lang='grc' dir='ltr'>βατὸς</span> <span class='ocrx_word' id='word_1_353' title='bbox 358 2693 458 2727; x_wconf 84' lang='grc' dir='ltr'>πᾶσι.</span> <span class='ocrx_word' id='word_1_354' title='bbox 513 2690 578 2725; x_wconf 82' lang='grc' dir='ltr'>Καὶ</span> <span class='ocrx_word' id='word_1_355' title='bbox 600 2689 752 2735; x_wconf 84' lang='grc' dir='ltr'>βέβηλος</span> <span class='ocrx_word' id='word_1_356' title='bbox 775 2689 869 2736; x_wconf 85' lang='grc' dir='ltr'>ἀνὴρ,</span> <span class='ocrx_word' id='word_1_357' title='bbox 894 2690 912 2724; x_wconf 90' lang='grc' dir='ltr'><strong><em>ὁ</em></strong></span> <span class='ocrx_word' id='word_1_358' title='bbox 937 2690 1066 2736; x_wconf 81' lang='grc' dir='ltr'>μιαρός·</span> <span class='ocrx_word' id='word_1_359' title='bbox 1096 2687 1279 2736; x_wconf 79' lang='grc' dir='ltr'>Εὐριπίδης</span> 
     </span>
     <span class='ocr_line' id='line_1_59' title="bbox 231 2745 475 2793; baseline 0 -14"><span class='ocrx_word' id='word_1_360' title='bbox 231 2745 475 2793; x_wconf 88' lang='grc' dir='ltr'>Πρωτεσιλάῳ·</span> 
     </span>
    </p>

    <p class='ocr_par' dir='ltr' id='par_1_28' title="bbox 339 2796 1078 2846">
     <span class='ocr_line' id='line_1_60' title="bbox 339 2796 1078 2846; baseline -0.003 -13"><span class='ocrx_word' id='word_1_361' title='bbox 339 2799 387 2834; x_wconf 83' lang='grc' dir='ltr'>Οὔ</span> <span class='ocrx_word' id='word_1_362' title='bbox 405 2800 471 2846; x_wconf 88' lang='grc' dir='ltr'>γὰρ</span> <span class='ocrx_word' id='word_1_363' title='bbox 490 2797 583 2842; x_wconf 83' lang='grc' dir='ltr'>θέμις</span> <span class='ocrx_word' id='word_1_364' title='bbox 600 2797 752 2843; x_wconf 88' lang='grc' dir='ltr'>βέβηλον</span> <span class='ocrx_word' id='word_1_365' title='bbox 770 2796 937 2834; x_wconf 82' lang='grc' dir='ltr'>ἅπτεσθαι</span> <span class='ocrx_word' id='word_1_366' title='bbox 955 2797 1078 2842; x_wconf 89' lang='grc' dir='ltr'>δόμων.</span> 
     </span>
    </p>

    <p class='ocr_par' dir='ltr' id='par_1_29' title="bbox 232 2843 1282 3113">
     <span class='ocr_line' id='line_1_61' title="bbox 283 2843 1278 2899; baseline -0.003 -13"><span class='ocrx_word' id='word_1_367' title='bbox 283 2847 412 2899; x_wconf 91' lang='grc'>(650.)</span> <span class='ocrx_word' id='word_1_368' title='bbox 431 2866 463 2896; x_wconf 90' lang='lat'><strong>9.</strong></span> <span class='ocrx_word' id='word_1_369' title='bbox 494 2849 589 2886; x_wconf 80' lang='lat' dir='ltr'><strong>Plut.</strong></span> <span class='ocrx_word' id='word_1_370' title='bbox 620 2849 666 2886; x_wconf 89' lang='lat' dir='ltr'>de</span> <span class='ocrx_word' id='word_1_371' title='bbox 697 2848 803 2886; x_wconf 88' lang='lat' dir='ltr'><strong>educ.</strong></span> <span class='ocrx_word' id='word_1_372' title='bbox 831 2860 935 2897; x_wconf 90' lang='lat' dir='ltr'><strong>puer.</strong></span> <span class='ocrx_word' id='word_1_373' title='bbox 969 2849 1015 2885; x_wconf 91' lang='lat'>14</span> <span class='ocrx_word' id='word_1_374' title='bbox 1051 2849 1104 2896; x_wconf 92' lang='lat' dir='ltr'>(p.</span> <span class='ocrx_word' id='word_1_375' title='bbox 1139 2849 1186 2884; x_wconf 90' lang='lat'>10</span> <span class='ocrx_word' id='word_1_376' title='bbox 1212 2843 1278 2894; x_wconf 90' lang='lat' dir='ltr'>A,)</span> 
     </span>
     <span class='ocr_line' id='line_1_62' title="bbox 233 2901 1281 2952; baseline -0.003 -13"><span class='ocrx_word' id='word_1_377' title='bbox 233 2904 281 2939; x_wconf 81' lang='grc' dir='ltr'>Οὐ</span> <span class='ocrx_word' id='word_1_378' title='bbox 299 2905 365 2952; x_wconf 81' lang='grc' dir='ltr'>γὰρ</span> <span class='ocrx_word' id='word_1_379' title='bbox 386 2906 425 2941; x_wconf 88' lang='grc' dir='ltr'>τὸ</span> <span class='ocrx_word' id='word_1_380' title='bbox 445 2906 535 2940; x_wconf 84' lang='grc' dir='ltr'>νικᾶν</span> <span class='ocrx_word' id='word_1_381' title='bbox 553 2905 666 2950; x_wconf 90' lang='grc' dir='ltr'>μόνον,</span> <span class='ocrx_word' id='word_1_382' title='bbox 686 2904 777 2939; x_wconf 83' lang='grc' dir='ltr'>ἀλλὰ</span> <span class='ocrx_word' id='word_1_383' title='bbox 796 2905 849 2939; x_wconf 89' lang='grc' dir='ltr'>καὶ</span> <span class='ocrx_word' id='word_1_384' title='bbox 867 2904 905 2939; x_wconf 87' lang='grc' dir='ltr'>τὸ</span> <span class='ocrx_word' id='word_1_385' title='bbox 928 2903 1093 2949; x_wconf 81' lang='grc' dir='ltr'>ἡττᾶσθαι</span> <span class='ocrx_word' id='word_1_386' title='bbox 1111 2902 1225 2942; x_wconf 89' lang='grc' dir='ltr'>καλὸν,</span> <span class='ocrx_word' id='word_1_387' title='bbox 1246 2901 1281 2936; x_wconf 88' lang='grc' dir='ltr'>ἐν</span> 
     </span>
     <span class='ocr_line' id='line_1_63' title="bbox 232 2955 1279 3005; baseline -0.003 -13"><span class='ocrx_word' id='word_1_388' title='bbox 232 2955 282 2994; x_wconf 85' lang='grc' dir='ltr'>οἷς</span> <span class='ocrx_word' id='word_1_389' title='bbox 308 2959 347 2993; x_wconf 85' lang='grc' dir='ltr'>τὸ</span> <span class='ocrx_word' id='word_1_390' title='bbox 372 2961 463 2994; x_wconf 83' lang='grc' dir='ltr'>νικᾶν</span> <span class='ocrx_word' id='word_1_391' title='bbox 489 2960 675 3005; x_wconf 85' lang='grc' dir='ltr'>βλαβερόν·</span> <span class='ocrx_word' id='word_1_392' title='bbox 705 2959 780 2993; x_wconf 74' lang='grc' dir='ltr'>ἔστι</span> <span class='ocrx_word' id='word_1_393' title='bbox 804 2959 870 3005; x_wconf 85' lang='grc' dir='ltr'>γὰρ</span> <span class='ocrx_word' id='word_1_394' title='bbox 899 2958 943 2994; x_wconf 83' lang='grc' dir='ltr'>ὡς</span> <span class='ocrx_word' id='word_1_395' title='bbox 969 2957 1102 3002; x_wconf 82' lang='grc' dir='ltr'>ἀληθῶς</span> <span class='ocrx_word' id='word_1_396' title='bbox 1129 2957 1182 2990; x_wconf 86' lang='grc' dir='ltr'>καὶ</span> <span class='ocrx_word' id='word_1_397' title='bbox 1210 2955 1279 3000; x_wconf 84' lang='grc' dir='ltr'>νίκη</span> 
     </span>
     <span class='ocr_line' id='line_1_64' title="bbox 233 3007 1282 3058; baseline -0.004 -11"><span class='ocrx_word' id='word_1_398' title='bbox 233 3012 394 3057; x_wconf 86' lang='grc' dir='ltr'>Καδμεία.</span> <span class='ocrx_word' id='word_1_399' title='bbox 444 3011 541 3056; x_wconf 72' lang='grc' dir='ltr'>’Έχω</span> <span class='ocrx_word' id='word_1_400' title='bbox 583 3012 618 3046; x_wconf 85' lang='grc' dir='ltr'>δέ</span> <span class='ocrx_word' id='word_1_401' title='bbox 654 3012 805 3058; x_wconf 89' lang='grc' dir='ltr'>μάρτυρα</span> <span class='ocrx_word' id='word_1_402' title='bbox 844 3009 964 3047; x_wconf 78' lang='grc' dir='ltr'>τούτου</span> <span class='ocrx_word' id='word_1_403' title='bbox 1000 3009 1184 3057; x_wconf 78' lang='grc' dir='ltr'>Εὐριπίδην</span> <span class='ocrx_word' id='word_1_404' title='bbox 1222 3007 1282 3044; x_wconf 80' lang='grc' dir='ltr'>τὸν</span> 
     </span>
     <span class='ocr_line' id='line_1_65' title="bbox 232 3064 782 3113; baseline -0.005 -12"><span class='ocrx_word' id='word_1_405' title='bbox 232 3064 348 3113; x_wconf 76' lang='grc' dir='ltr'>σοφὸν</span> <span class='ocrx_word' id='word_1_406' title='bbox 366 3064 608 3112; x_wconf 81' lang='grc' dir='ltr'>ἐπαγαγέσθαι,</span> <span class='ocrx_word' id='word_1_407' title='bbox 627 3065 782 3111; x_wconf 89' lang='grc' dir='ltr'>λέγοντα,</span> 
     </span>
    </p>

    <p class='ocr_par' dir='ltr' id='par_1_30' title="bbox 338 3116 1065 3218">
     <span class='ocr_line' id='line_1_66' title="bbox 339 3116 1041 3165; baseline -0.001 -12"><span class='ocrx_word' id='word_1_408' title='bbox 339 3121 439 3154; x_wconf 90' lang='grc' dir='ltr'>Δυοῖν</span> <span class='ocrx_word' id='word_1_409' title='bbox 456 3119 641 3165; x_wconf 89' lang='grc' dir='ltr'>λεγόντοιν,</span> <span class='ocrx_word' id='word_1_410' title='bbox 663 3118 803 3164; x_wconf 89' lang='grc' dir='ltr'>θατέρου</span> <span class='ocrx_word' id='word_1_411' title='bbox 823 3116 1041 3163; x_wconf 88' lang='grc' dir='ltr'>θυμουμένου,</span> 
     </span>
     <span class='ocr_line' id='line_1_67' title="bbox 338 3171 1065 3218; baseline -0.003 -12"><span class='ocrx_word' id='word_1_412' title='bbox 338 3174 358 3207; x_wconf 90' lang='lat'><em>6</em></span> <span class='ocrx_word' id='word_1_413' title='bbox 375 3172 420 3217; x_wconf 90' lang='grc' dir='ltr'>μὴ</span> <span class='ocrx_word' id='word_1_414' title='bbox 439 3171 615 3207; x_wconf 88' lang='grc' dir='ltr'>’ντιτείνων</span> <span class='ocrx_word' id='word_1_415' title='bbox 633 3173 702 3207; x_wconf 86' lang='grc' dir='ltr'>τοῖς</span> <span class='ocrx_word' id='word_1_416' title='bbox 719 3172 836 3218; x_wconf 85' lang='grc' dir='ltr'>λόγοις</span> <span class='ocrx_word' id='word_1_417' title='bbox 855 3172 1065 3216; x_wconf 83' lang='grc' dir='ltr'>σοφώτερος.</span> 
     </span>
    </p>

    <p class='ocr_par' dir='ltr' id='par_1_31' title="bbox 233 3219 1283 3484">
     <span class='ocr_line' id='line_1_68' title="bbox 287 3219 1278 3274; baseline -0.005 -14"><span class='ocrx_word' id='word_1_418' title='bbox 287 3221 417 3274; x_wconf 90' lang='grc'>(65].)</span> <span class='ocrx_word' id='word_1_419' title='bbox 442 3238 490 3260; x_wconf 86' lang='grc' dir='ltr'>ιο.</span> <span class='ocrx_word' id='word_1_420' title='bbox 521 3221 593 3257; x_wconf 87' lang='lat' dir='ltr'>Dio</span> <span class='ocrx_word' id='word_1_421' title='bbox 613 3221 807 3270; x_wconf 78' lang='lat' dir='ltr'><strong>Chrysost.</strong></span> <span class='ocrx_word' id='word_1_422' title='bbox 825 3235 876 3259; x_wconf 93' lang='lat' dir='ltr'>or.</span> <span class='ocrx_word' id='word_1_423' title='bbox 898 3221 1113 3263; x_wconf 91' lang='lat' dir='ltr'>XXXVII,</span> <span class='ocrx_word' id='word_1_424' title='bbox 1130 3219 1184 3269; x_wconf 91' lang='lat' dir='ltr'>(p.</span> <span class='ocrx_word' id='word_1_425' title='bbox 1203 3219 1278 3256; x_wconf 91' lang='grc'>467</span> 
     </span>
     <span class='ocr_line' id='line_1_69' title="bbox 234 3274 1282 3325; baseline -0.005 -10"><span class='ocrx_word' id='word_1_426' title='bbox 234 3276 298 3324; x_wconf 89' lang='grc' dir='ltr'>Β,)</span> <span class='ocrx_word' id='word_1_427' title='bbox 325 3279 417 3325; x_wconf 86' lang='grc' dir='ltr'>φασὶ</span> <span class='ocrx_word' id='word_1_428' title='bbox 444 3280 589 3324; x_wconf 86' lang='grc' dir='ltr'>Περσῶν</span> <span class='ocrx_word' id='word_1_429' title='bbox 619 3277 698 3313; x_wconf 85' lang='grc' dir='ltr'>τοὺς</span> <span class='ocrx_word' id='word_1_430' title='bbox 729 3278 907 3322; x_wconf 87' lang='grc' dir='ltr'>ὁμοτίμους</span> <span class='ocrx_word' id='word_1_431' title='bbox 935 3277 1119 3322; x_wconf 88' lang='grc' dir='ltr'>λαμβάνειν</span> <span class='ocrx_word' id='word_1_432' title='bbox 1149 3274 1282 3320; x_wconf 84' lang='grc' dir='ltr'>πληγὰς</span> 
     </span>
     <span class='ocr_line' id='line_1_70' title="bbox 233 3327 1281 3377; baseline -0.006 -10"><span class='ocrx_word' id='word_1_433' title='bbox 233 3333 306 3367; x_wconf 84' lang='grc' dir='ltr'>ἀντὶ</span> <span class='ocrx_word' id='word_1_434' title='bbox 337 3335 398 3367; x_wconf 91' lang='grc' dir='ltr'>τοῦ</span> <span class='ocrx_word' id='word_1_435' title='bbox 426 3333 584 3377; x_wconf 86' lang='grc' dir='ltr'>σώματος</span> <span class='ocrx_word' id='word_1_436' title='bbox 611 3331 671 3366; x_wconf 90' lang='grc' dir='ltr'>τὸν</span> <span class='ocrx_word' id='word_1_437' title='bbox 699 3330 829 3365; x_wconf 85' lang='grc' dir='ltr'>κάνδυν.</span> <span class='ocrx_word' id='word_1_438' title='bbox 885 3330 1017 3376; x_wconf 86' lang='grc' dir='ltr'>Πέρσαι</span> <span class='ocrx_word' id='word_1_439' title='bbox 1045 3330 1105 3374; x_wconf 85' lang='grc' dir='ltr'>μὲν</span> <span class='ocrx_word' id='word_1_440' title='bbox 1137 3327 1195 3363; x_wconf 81' lang='grc' dir='ltr'>οὐν</span> <span class='ocrx_word' id='word_1_441' title='bbox 1226 3327 1281 3362; x_wconf 83' lang='grc' dir='ltr'>ἐπὶ</span> 
     </span>
     <span class='ocr_line' id='line_1_71' title="bbox 234 3380 1283 3431; baseline -0.005 -11"><span class='ocrx_word' id='word_1_442' title='bbox 234 3388 379 3421; x_wconf 91' lang='grc' dir='ltr'>τοσοῦτο</span> <span class='ocrx_word' id='word_1_443' title='bbox 404 3386 652 3431; x_wconf 88' lang='grc' dir='ltr'>δυσφοροῦσιν,</span> <span class='ocrx_word' id='word_1_444' title='bbox 670 3382 801 3428; x_wconf 82' lang='grc' dir='ltr'>Ἕλλην</span> <span class='ocrx_word' id='word_1_445' title='bbox 826 3382 853 3417; x_wconf 90' lang='grc' dir='ltr'>δ’</span> <span class='ocrx_word' id='word_1_446' title='bbox 878 3383 958 3430; x_wconf 83' lang='grc' dir='ltr'>ἀνὴρ</span> <span class='ocrx_word' id='word_1_447' title='bbox 983 3385 1124 3430; x_wconf 89' lang='grc' dir='ltr'>παρεῖχε</span> <span class='ocrx_word' id='word_1_448' title='bbox 1147 3380 1283 3416; x_wconf 80' lang='grc' dir='ltr'>τύπτειν</span> 
     </span>
     <span class='ocr_line' id='line_1_72' title="bbox 235 3434 1283 3484; baseline -0.007 -9"><span class='ocrx_word' id='word_1_449' title='bbox 235 3440 274 3475; x_wconf 88' lang='grc' dir='ltr'>τὸ</span> <span class='ocrx_word' id='word_1_450' title='bbox 297 3442 405 3484; x_wconf 83' lang='grc' dir='ltr'>σῶμα,</span> <span class='ocrx_word' id='word_1_451' title='bbox 427 3440 470 3475; x_wconf 83' lang='grc' dir='ltr'>ὡς</span> <span class='ocrx_word' id='word_1_452' title='bbox 489 3438 618 3478; x_wconf 84' lang='grc' dir='ltr'>κάνδυν,</span> <span class='ocrx_word' id='word_1_453' title='bbox 639 3437 683 3473; x_wconf 80' lang='grc' dir='ltr'>ὣς</span> <span class='ocrx_word' id='word_1_454' title='bbox 703 3438 842 3481; x_wconf 81' lang='grc' dir='ltr'>ἱμάτιον.</span> <span class='ocrx_word' id='word_1_455' title='bbox 871 3436 963 3481; x_wconf 80' lang='grc' dir='ltr'>ἡμεῖς</span> <span class='ocrx_word' id='word_1_456' title='bbox 982 3436 1010 3471; x_wconf 89' lang='grc' dir='ltr'>δ’</span> <span class='ocrx_word' id='word_1_457' title='bbox 1031 3437 1070 3470; x_wconf 82' lang='grc' dir='ltr'>οὐ</span> <span class='ocrx_word' id='word_1_458' title='bbox 1091 3434 1283 3481; x_wconf 87' lang='grc' dir='ltr'>παρέχομεν</span> 
     </span>
    </p>
   </div>
   <div class='ocr_carea' id='block_1_11' title="bbox 1312 1292 2362 1935">
    <p class='ocr_par' dir='ltr' id='par_1_32' title="bbox 1366 1292 2362 1394">
     <span class='ocr_line' id='line_1_73' title="bbox 1419 1292 2203 1342; baseline -0.004 -12"><span class='ocrx_word' id='word_1_459' title='bbox 1419 1292 1460 1330; x_wconf 79' lang='grc' dir='ltr'>Οἳ</span> <span class='ocrx_word' id='word_1_460' title='bbox 1476 1297 1540 1342; x_wconf 87' lang='grc' dir='ltr'>γῆν</span> <span class='ocrx_word' id='word_1_461' title='bbox 1558 1292 1676 1341; x_wconf 80' lang='grc' dir='ltr'>ἕχουσ’</span> <span class='ocrx_word' id='word_1_462' title='bbox 1695 1293 1848 1336; x_wconf 83' lang='grc' dir='ltr'>Εὐβοῖδα</span> <span class='ocrx_word' id='word_1_463' title='bbox 1865 1293 2072 1339; x_wconf 88' lang='grc' dir='ltr'>πρόσχωρον</span> <span class='ocrx_word' id='word_1_464' title='bbox 2089 1293 2203 1328; x_wconf 89' lang='grc' dir='ltr'>πόλιν.</span> 
     </span>
     <span class='ocr_line' id='line_1_74' title="bbox 1366 1342 2362 1394; baseline 0.001 -11"><span class='ocrx_word' id='word_1_465' title='bbox 1366 1345 1490 1394; x_wconf 91' lang='grc'>(654.)</span> <span class='ocrx_word' id='word_1_466' title='bbox 1518 1363 1549 1384; x_wconf 88' lang='lat'>2.</span> <span class='ocrx_word' id='word_1_467' title='bbox 1580 1345 1752 1383; x_wconf 76' lang='lat' dir='ltr'>Stobaeus</span> <span class='ocrx_word' id='word_1_468' title='bbox 1784 1343 1864 1381; x_wconf 85' lang='lat' dir='ltr'><strong>Ecl.</strong></span> <span class='ocrx_word' id='word_1_469' title='bbox 1893 1343 2016 1382; x_wconf 87' lang='lat' dir='ltr'><strong>Ethic.</strong></span> <span class='ocrx_word' id='word_1_470' title='bbox 2046 1342 2098 1386; x_wconf 87' lang='grc' dir='ltr'>ΙῙ,</span> <span class='ocrx_word' id='word_1_471' title='bbox 2126 1357 2164 1394; x_wconf 88' lang='lat' dir='ltr'>p.</span> <span class='ocrx_word' id='word_1_472' title='bbox 2199 1345 2274 1384; x_wconf 75' lang='lat'>342</span> <span class='ocrx_word' id='word_1_473' title='bbox 2303 1344 2362 1384; x_wconf 86' lang='lat' dir='ltr'>ed.</span> 
     </span>
    </p>

    <p class='ocr_par' dir='ltr' id='par_1_33' title="bbox 1312 1398 1826 1441">
     <span class='ocr_line' id='line_1_75' title="bbox 1312 1398 1826 1441; baseline -0.004 -5"><span class='ocrx_word' id='word_1_474' title='bbox 1312 1399 1425 1436; x_wconf 90' lang='lat' dir='ltr'><strong>Heer.</strong></span> <span class='ocrx_word' id='word_1_475' title='bbox 1447 1399 1572 1437; x_wconf 86' lang='lat' dir='ltr'><strong>Floril.</strong></span> <span class='ocrx_word' id='word_1_476' title='bbox 1593 1398 1741 1441; x_wconf 91' lang='lat' dir='ltr'>LXIV,</span> <span class='ocrx_word' id='word_1_477' title='bbox 1763 1400 1826 1435; x_wconf 84' lang='lat'><strong>24.</strong></span> 
     </span>
    </p>

    <p class='ocr_par' dir='ltr' id='par_1_34' title="bbox 1409 1453 2021 1503">
     <span class='ocr_line' id='line_1_76' title="bbox 1409 1453 2021 1503; baseline -0.003 -13"><span class='ocrx_word' id='word_1_478' title='bbox 1409 1454 1562 1502; x_wconf 70' lang='grc' dir='ltr'>’Έρωτες</span> <span class='ocrx_word' id='word_1_479' title='bbox 1579 1455 1657 1503; x_wconf 85' lang='grc' dir='ltr'>ἡμῖν</span> <span class='ocrx_word' id='word_1_480' title='bbox 1675 1454 1744 1490; x_wconf 79' lang='grc' dir='ltr'>εἶσὶ</span> <span class='ocrx_word' id='word_1_481' title='bbox 1761 1455 1913 1489; x_wconf 81' lang='grc' dir='ltr'>παντοῖοι</span> <span class='ocrx_word' id='word_1_482' title='bbox 1929 1453 2021 1496; x_wconf 89' lang='grc' dir='ltr'>βίου.</span> 
     </span>
    </p>

    <p class='ocr_par' dir='ltr' id='par_1_35' title="bbox 1418 1508 2070 1557">
     <span class='ocr_line' id='line_1_77' title="bbox 1418 1508 2070 1557; baseline -0.003 -13"><span class='ocrx_word' id='word_1_483' title='bbox 1418 1511 1437 1544; x_wconf 90' lang='lat'><em>6</em></span> <span class='ocrx_word' id='word_1_484' title='bbox 1455 1510 1516 1555; x_wconf 80' lang='grc' dir='ltr'>μὲν</span> <span class='ocrx_word' id='word_1_485' title='bbox 1533 1510 1599 1557; x_wconf 83' lang='grc' dir='ltr'>γὰρ</span> <span class='ocrx_word' id='word_1_486' title='bbox 1618 1509 1785 1556; x_wconf 83' lang='grc' dir='ltr'>εὐγένειαν</span> <span class='ocrx_word' id='word_1_487' title='bbox 1804 1508 1921 1554; x_wconf 82' lang='grc' dir='ltr'>ἱμείρει</span> <span class='ocrx_word' id='word_1_488' title='bbox 1938 1509 2070 1550; x_wconf 86' lang='grc' dir='ltr'>λαβεῖν·</span> 
     </span>
    </p>

    <p class='ocr_par' dir='ltr' id='par_1_36' title="bbox 1419 1561 2232 1612">
     <span class='ocr_line' id='line_1_78' title="bbox 1419 1561 2232 1612; baseline -0.002 -12"><span class='ocrx_word' id='word_1_489' title='bbox 1419 1566 1466 1612; x_wconf 81' lang='grc' dir='ltr'>τῷ</span> <span class='ocrx_word' id='word_1_490' title='bbox 1485 1563 1514 1599; x_wconf 88' lang='grc' dir='ltr'>δ’</span> <span class='ocrx_word' id='word_1_491' title='bbox 1534 1564 1613 1610; x_wconf 81' lang='grc' dir='ltr'>οὐχὶ</span> <span class='ocrx_word' id='word_1_492' title='bbox 1631 1562 1751 1598; x_wconf 83' lang='grc' dir='ltr'>τούτου</span> <span class='ocrx_word' id='word_1_493' title='bbox 1770 1562 1922 1609; x_wconf 77' lang='grc' dir='ltr'>φροντὶς,</span> <span class='ocrx_word' id='word_1_494' title='bbox 1943 1561 2034 1596; x_wconf 81' lang='grc' dir='ltr'>ἀλλὰ</span> <span class='ocrx_word' id='word_1_495' title='bbox 2051 1561 2232 1609; x_wconf 82' lang='grc' dir='ltr'>χρημάτων</span> 
     </span>
    </p>

    <p class='ocr_par' dir='ltr' id='par_1_37' title="bbox 1419 1615 2212 1663">
     <span class='ocr_line' id='line_1_79' title="bbox 1419 1615 2212 1663; baseline -0.005 -10"><span class='ocrx_word' id='word_1_496' title='bbox 1419 1619 1559 1653; x_wconf 85' lang='grc' dir='ltr'>πολλῶν</span> <span class='ocrx_word' id='word_1_497' title='bbox 1578 1617 1761 1663; x_wconf 85' lang='grc' dir='ltr'>κεκλῆσθαι</span> <span class='ocrx_word' id='word_1_498' title='bbox 1778 1615 1940 1658; x_wconf 79' lang='grc' dir='ltr'>βούλεται</span> <span class='ocrx_word' id='word_1_499' title='bbox 1957 1615 2067 1662; x_wconf 90' lang='grc' dir='ltr'>πατὴρ</span> <span class='ocrx_word' id='word_1_500' title='bbox 2086 1615 2212 1660; x_wconf 84' lang='grc' dir='ltr'>δόμοις·</span> 
     </span>
    </p>

    <p class='ocr_par' dir='ltr' id='par_1_38' title="bbox 1420 1669 2159 1721">
     <span class='ocr_line' id='line_1_80' title="bbox 1420 1669 2159 1721; baseline -0.004 -14"><span class='ocrx_word' id='word_1_501' title='bbox 1420 1672 1516 1721; x_wconf 73' lang='grc' dir='ltr'>ἄλλῳ</span> <span class='ocrx_word' id='word_1_502' title='bbox 1535 1671 1564 1707; x_wconf 88' lang='grc' dir='ltr'>δ’</span> <span class='ocrx_word' id='word_1_503' title='bbox 1584 1671 1721 1718; x_wconf 82' lang='grc' dir='ltr'>ἀρέσκει</span> <span class='ocrx_word' id='word_1_504' title='bbox 1738 1670 1843 1716; x_wconf 76' lang='grc' dir='ltr'>μηδὲν</span> <span class='ocrx_word' id='word_1_505' title='bbox 1860 1670 1952 1716; x_wconf 79' lang='grc' dir='ltr'>ὑγιὲς</span> <span class='ocrx_word' id='word_1_506' title='bbox 1970 1669 2006 1704; x_wconf 83' lang='grc' dir='ltr'>ἐκ</span> <span class='ocrx_word' id='word_1_507' title='bbox 2024 1671 2159 1716; x_wconf 77' lang='grc' dir='ltr'>φρενῶν</span> 
     </span>
    </p>

    <p class='ocr_par' dir='ltr' id='par_1_39' title="bbox 1417 1723 2155 1773">
     <span class='ocr_line' id='line_1_81' title="bbox 1417 1723 2155 1773; baseline -0.004 -13"><span class='ocrx_word' id='word_1_508' title='bbox 1417 1726 1554 1773; x_wconf 91' lang='grc' dir='ltr'>λέγοντι</span> <span class='ocrx_word' id='word_1_509' title='bbox 1571 1725 1699 1761; x_wconf 86' lang='grc' dir='ltr'>πείθειν</span> <span class='ocrx_word' id='word_1_510' title='bbox 1716 1724 1793 1760; x_wconf 86' lang='grc' dir='ltr'>τοὺς</span> <span class='ocrx_word' id='word_1_511' title='bbox 1811 1723 1917 1760; x_wconf 82' lang='grc' dir='ltr'>πέλας</span> <span class='ocrx_word' id='word_1_512' title='bbox 1934 1724 2043 1769; x_wconf 89' lang='grc' dir='ltr'>τόλμῃ</span> <span class='ocrx_word' id='word_1_513' title='bbox 2062 1725 2155 1768; x_wconf 84' lang='grc' dir='ltr'>κακῇ·</span> 
     </span>
    </p>

    <p class='ocr_par' dir='ltr' id='par_1_40' title="bbox 1421 1777 2268 1827">
     <span class='ocr_line' id='line_1_82' title="bbox 1421 1777 2268 1827; baseline -0.005 -12"><span class='ocrx_word' id='word_1_514' title='bbox 1421 1781 1452 1815; x_wconf 83' lang='grc' dir='ltr'>οἱ</span> <span class='ocrx_word' id='word_1_515' title='bbox 1471 1780 1499 1815; x_wconf 84' lang='grc' dir='ltr'>δ’</span> <span class='ocrx_word' id='word_1_516' title='bbox 1521 1780 1649 1827; x_wconf 82' lang='grc' dir='ltr'>αἰσχρὰ</span> <span class='ocrx_word' id='word_1_517' title='bbox 1668 1778 1766 1826; x_wconf 86' lang='grc' dir='ltr'>κέρδη</span> <span class='ocrx_word' id='word_1_518' title='bbox 1785 1777 1918 1825; x_wconf 87' lang='grc' dir='ltr'>πρόσθε</span> <span class='ocrx_word' id='word_1_519' title='bbox 1935 1779 1994 1812; x_wconf 88' lang='grc' dir='ltr'>τοῦ</span> <span class='ocrx_word' id='word_1_520' title='bbox 2013 1778 2117 1812; x_wconf 90' lang='grc' dir='ltr'>καλοῦ</span> <span class='ocrx_word' id='word_1_521' title='bbox 2135 1778 2268 1823; x_wconf 81' lang='grc' dir='ltr'>βροτῶν</span> 
     </span>
    </p>

    <p class='ocr_par' dir='ltr' id='par_1_41' title="bbox 1422 1831 2186 1878">
     <span class='ocr_line' id='line_1_83' title="bbox 1422 1831 2186 1878; baseline -0.005 -9"><span class='ocrx_word' id='word_1_522' title='bbox 1422 1835 1592 1878; x_wconf 80' lang='grc' dir='ltr'>ζητοῦσιν·</span> <span class='ocrx_word' id='word_1_523' title='bbox 1623 1831 1709 1868; x_wconf 77' lang='grc' dir='ltr'>οὕτω</span> <span class='ocrx_word' id='word_1_524' title='bbox 1726 1832 1844 1875; x_wconf 84' lang='grc' dir='ltr'>βίοτος</span> <span class='ocrx_word' id='word_1_525' title='bbox 1862 1831 2046 1877; x_wconf 81' lang='grc' dir='ltr'>ἀνθρώπων</span> <span class='ocrx_word' id='word_1_526' title='bbox 2062 1831 2186 1875; x_wconf 89' lang='grc' dir='ltr'>πλάνη.</span> 
     </span>
    </p>

    <p class='ocr_par' dir='ltr' id='par_1_42' title="bbox 1420 1884 2137 1935">
     <span class='ocr_line' id='line_1_84' title="bbox 1420 1884 2137 1935; baseline -0.004 -13"><span class='ocrx_word' id='word_1_527' title='bbox 1420 1887 1511 1935; x_wconf 88' lang='grc' dir='ltr'>Ἐγὼ</span> <span class='ocrx_word' id='word_1_528' title='bbox 1530 1888 1567 1923; x_wconf 84' lang='grc' dir='ltr'>δὲ</span> <span class='ocrx_word' id='word_1_529' title='bbox 1585 1886 1712 1923; x_wconf 84' lang='grc' dir='ltr'>τούτων</span> <span class='ocrx_word' id='word_1_530' title='bbox 1730 1886 1865 1922; x_wconf 83' lang='grc' dir='ltr'>οὐδενὸς</span> <span class='ocrx_word' id='word_1_531' title='bbox 1882 1884 1994 1932; x_wconf 82' lang='grc' dir='ltr'>χρῄζω</span> <span class='ocrx_word' id='word_1_532' title='bbox 2011 1886 2137 1930; x_wconf 82' lang='grc' dir='ltr'>τυχεῖν,</span> 
     </span>
    </p>
   </div>
   <div class='ocr_carea' id='block_1_12' title="bbox 2214 1439 2234 1454">
    <p class='ocr_par' dir='ltr' id='par_1_43' title="bbox 2214 1439 2234 1454">
     <span class='ocr_line' id='line_1_85' title="bbox 2214 1439 2234 1454; baseline 0 0"><span class='ocrx_word' id='word_1_533' title='bbox 2214 1439 2234 1454; x_wconf 61' lang='lat' dir='ltr'><strong>A</strong></span> 
     </span>
    </p>
   </div>
   <div class='ocr_carea' id='block_1_13' title="bbox 1423 1933 2412 1987">
    <p class='ocr_par' dir='ltr' id='par_1_44' title="bbox 1423 1933 2412 1987">
     <span class='ocr_line' id='line_1_86' title="bbox 1423 1933 2412 1987; baseline -0.004 -11"><span class='ocrx_word' id='word_1_534' title='bbox 1423 1942 1525 1987; x_wconf 81' lang='grc' dir='ltr'>δόξαν</span> <span class='ocrx_word' id='word_1_535' title='bbox 1544 1941 1581 1976; x_wconf 78' lang='grc' dir='ltr'>δὲ</span> <span class='ocrx_word' id='word_1_536' title='bbox 1598 1940 1788 1986; x_wconf 89' lang='grc' dir='ltr'>βουλοίμην</span> <span class='ocrx_word' id='word_1_537' title='bbox 1805 1939 1846 1974; x_wconf 78' lang='grc' dir='ltr'>ἂν</span> <span class='ocrx_word' id='word_1_538' title='bbox 1864 1939 2015 1975; x_wconf 83' lang='grc' dir='ltr'>εὐκλείας</span> <span class='ocrx_word' id='word_1_539' title='bbox 2032 1940 2135 1985; x_wconf 81' lang='grc' dir='ltr'>ἔχειν.</span> <span class='ocrx_word' id='word_1_540' title='bbox 2246 1933 2250 1935; x_wconf 12' lang='grc' dir='ltr'>μ</span> <span class='ocrx_word' id='word_1_541' title='bbox 2327 1951 2364 1973; x_wconf 83' lang='grc' dir='ltr'>ιο</span> <span class='ocrx_word' id='word_1_542' title='bbox 2408 1969 2412 1970; x_wconf 37' lang='grc'>.</span> 
     </span>
    </p>
   </div>
   <div class='ocr_carea' id='block_1_14' title="bbox 1315 1989 2363 2202">
    <p class='ocr_par' dir='ltr' id='par_1_45' title="bbox 1315 1989 2363 2148">
     <span class='ocr_line' id='line_1_87' title="bbox 1368 1989 2362 2042; baseline -0.001 -14"><span class='ocrx_word' id='word_1_543' title='bbox 1368 1991 1494 2042; x_wconf 87' lang='grc'>(655.)</span> <span class='ocrx_word' id='word_1_544' title='bbox 1513 2008 1547 2039; x_wconf 84' lang='lat'>3.</span> <span class='ocrx_word' id='word_1_545' title='bbox 1586 1992 1754 2029; x_wconf 83' lang='lat' dir='ltr'><strong>Gramm.</strong></span> <span class='ocrx_word' id='word_1_546' title='bbox 1784 1991 2050 2039; x_wconf 84' lang='lat' dir='ltr'><strong>Sangermann.</strong></span> <span class='ocrx_word' id='word_1_547' title='bbox 2078 1989 2117 2025; x_wconf 89' lang='lat' dir='ltr'>in</span> <span class='ocrx_word' id='word_1_548' title='bbox 2144 1989 2261 2027; x_wconf 89' lang='lat' dir='ltr'><strong>Bekk.</strong></span> <span class='ocrx_word' id='word_1_549' title='bbox 2289 1989 2362 2028; x_wconf 89' lang='lat' dir='ltr'>An.</span> 
     </span>
     <span class='ocr_line' id='line_1_88' title="bbox 1317 2044 2363 2094; baseline -0.003 -12"><span class='ocrx_word' id='word_1_550' title='bbox 1317 2045 1383 2083; x_wconf 86' lang='lat' dir='ltr'>Gr.</span> <span class='ocrx_word' id='word_1_551' title='bbox 1405 2059 1442 2094; x_wconf 91' lang='lat' dir='ltr'>p.</span> <span class='ocrx_word' id='word_1_552' title='bbox 1465 2047 1513 2083; x_wconf 89' lang='lat'>93</span> <span class='ocrx_word' id='word_1_553' title='bbox 1534 2059 1588 2094; x_wconf 80' lang='lat' dir='ltr'>Sq.</span> <span class='ocrx_word' id='word_1_554' title='bbox 1618 2047 1829 2094; x_wconf 82' lang='grc' dir='ltr'>Ἐξαίρειν,</span> <span class='ocrx_word' id='word_1_555' title='bbox 1848 2046 1921 2081; x_wconf 81' lang='grc' dir='ltr'>ἀντὶ</span> <span class='ocrx_word' id='word_1_556' title='bbox 1942 2048 2003 2081; x_wconf 89' lang='grc' dir='ltr'>τοῦ</span> <span class='ocrx_word' id='word_1_557' title='bbox 2020 2045 2173 2092; x_wconf 84' lang='grc' dir='ltr'>ἀπαίρειν</span> <span class='ocrx_word' id='word_1_558' title='bbox 2193 2044 2363 2092; x_wconf 72' lang='grc' dir='ltr'>(ἀφαιρεῖν</span> 
     </span>
     <span class='ocr_line' id='line_1_89' title="bbox 1315 2099 2166 2148; baseline -0.002 -13"><span class='ocrx_word' id='word_1_559' title='bbox 1315 2099 1450 2148; x_wconf 85' lang='lat' dir='ltr'><strong>corrig.</strong></span> <span class='ocrx_word' id='word_1_560' title='bbox 1471 2099 1669 2146; x_wconf 85' lang='lat' dir='ltr'><strong>Pierson.)·</strong></span> <span class='ocrx_word' id='word_1_561' title='bbox 1700 2101 1882 2148; x_wconf 82' lang='grc' dir='ltr'>Εὐριπίδης</span> <span class='ocrx_word' id='word_1_562' title='bbox 1900 2099 1936 2134; x_wconf 78' lang='grc' dir='ltr'>δὲ</span> <span class='ocrx_word' id='word_1_563' title='bbox 1955 2099 2166 2145; x_wconf 81' lang='grc' dir='ltr'>Ραδαμάνθυῖ</span> 
     </span>
    </p>

    <p class='ocr_par' dir='ltr' id='par_1_46' title="bbox 1421 2152 2011 2202">
     <span class='ocr_line' id='line_1_90' title="bbox 1421 2152 2011 2202; baseline -0.002 -13"><span class='ocrx_word' id='word_1_564' title='bbox 1421 2154 1539 2192; x_wconf 85' lang='grc' dir='ltr'>Οὐδεὶς</span> <span class='ocrx_word' id='word_1_565' title='bbox 1555 2155 1621 2202; x_wconf 81' lang='grc' dir='ltr'>γὰρ</span> <span class='ocrx_word' id='word_1_566' title='bbox 1640 2154 1725 2200; x_wconf 79' lang='grc' dir='ltr'>ἡμᾶς</span> <span class='ocrx_word' id='word_1_567' title='bbox 1744 2152 1765 2175; x_wconf 86' lang='grc'><strong>*</strong></span> <span class='ocrx_word' id='word_1_568' title='bbox 1786 2152 2011 2200; x_wconf 79' lang='grc' dir='ltr'>ἐξαιρήσεται.</span> 
     </span>
    </p>
   </div>
   <div class='ocr_carea' id='block_1_15' title="bbox 1738 2259 1948 2266">
    <p class='ocr_par' dir='ltr' id='par_1_47' title="bbox 1738 2259 1948 2266">
     <span class='ocr_line' id='line_1_91' title="bbox 1738 2259 1948 2266; baseline 0 1594"><span class='ocrx_word' id='word_1_569' title='bbox 1738 2259 1948 2266; x_wconf 95' lang='lat' dir='ltr'> </span> 
     </span>
    </p>
   </div>
   <div class='ocr_carea' id='block_1_16' title="bbox 1370 2332 2327 2462">
    <p class='ocr_par' dir='ltr' id='par_1_48' title="bbox 1370 2332 2327 2462">
     <span class='ocr_line' id='line_1_92' title="bbox 1708 2332 1974 2364; baseline -0.008 0"><span class='ocrx_word' id='word_1_570' title='bbox 1708 2332 1974 2364; x_wconf 84' lang='grc' dir='ltr'>ΣΘΕΝΕΒΟΙΑ.</span> 
     </span>
     <span class='ocr_line' id='line_1_93' title="bbox 1370 2408 2327 2462; baseline -0.005 -11"><span class='ocrx_word' id='word_1_571' title='bbox 1370 2410 1496 2462; x_wconf 92' lang='grc'>(656.)</span> <span class='ocrx_word' id='word_1_572' title='bbox 1520 2430 1548 2451; x_wconf 87' lang='grc' dir='ltr'>ι.</span> <span class='ocrx_word' id='word_1_573' title='bbox 1578 2412 1769 2462; x_wconf 79' lang='lat' dir='ltr'><strong>Aristoph.</strong></span> <span class='ocrx_word' id='word_1_574' title='bbox 1791 2412 1886 2449; x_wconf 87' lang='lat' dir='ltr'><strong>Ran.</strong></span> <span class='ocrx_word' id='word_1_575' title='bbox 1910 2413 2011 2450; x_wconf 83' lang='lat'>1250</span> <span class='ocrx_word' id='word_1_576' title='bbox 2030 2423 2084 2459; x_wconf 88' lang='lat' dir='ltr'>sq.</span> <span class='ocrx_word' id='word_1_577' title='bbox 2107 2411 2230 2460; x_wconf 87' lang='grc'>(1217</span> <span class='ocrx_word' id='word_1_578' title='bbox 2251 2408 2327 2460; x_wconf 74' lang='lat' dir='ltr'><strong>sq.)</strong></span> 
     </span>
    </p>
   </div>
   <div class='ocr_carea' id='block_1_17' title="bbox 1313 2467 2364 3425">
    <p class='ocr_par' dir='ltr' id='par_1_49' title="bbox 1313 2467 2151 2731">
     <span class='ocr_line' id='line_1_94' title="bbox 1423 2467 2151 2516; baseline -0.005 -11"><span class='ocrx_word' id='word_1_579' title='bbox 1423 2470 1491 2505; x_wconf 83' lang='grc' dir='ltr'>Οὐκ</span> <span class='ocrx_word' id='word_1_580' title='bbox 1509 2470 1604 2504; x_wconf 75' lang='grc' dir='ltr'>ἔστιν</span> <span class='ocrx_word' id='word_1_581' title='bbox 1622 2468 1719 2505; x_wconf 82' lang='grc' dir='ltr'>ὅστις</span> <span class='ocrx_word' id='word_1_582' title='bbox 1736 2467 1831 2503; x_wconf 85' lang='grc' dir='ltr'>πάντ’</span> <span class='ocrx_word' id='word_1_583' title='bbox 1851 2468 1933 2516; x_wconf 85' lang='grc' dir='ltr'>ἀνὴρ</span> <span class='ocrx_word' id='word_1_584' title='bbox 1952 2467 2151 2512; x_wconf 81' lang='grc' dir='ltr'>εὐδαιμονεῖ·</span> 
     </span>
     <span class='ocr_line' id='line_1_95' title="bbox 1418 2521 2115 2571; baseline -0.003 -13"><span class='ocrx_word' id='word_1_585' title='bbox 1418 2522 1438 2568; x_wconf 87' lang='grc' dir='ltr'>ἢ</span> <span class='ocrx_word' id='word_1_586' title='bbox 1456 2524 1523 2571; x_wconf 86' lang='grc' dir='ltr'>γὰρ</span> <span class='ocrx_word' id='word_1_587' title='bbox 1540 2524 1700 2570; x_wconf 89' lang='grc' dir='ltr'>πεφυκὼς</span> <span class='ocrx_word' id='word_1_588' title='bbox 1718 2522 1844 2559; x_wconf 83' lang='grc' dir='ltr'>ἐσθλὸς</span> <span class='ocrx_word' id='word_1_589' title='bbox 1862 2522 1922 2558; x_wconf 84' lang='grc' dir='ltr'>οὐκ</span> <span class='ocrx_word' id='word_1_590' title='bbox 1939 2522 2010 2569; x_wconf 78' lang='grc' dir='ltr'>ἔχει</span> <span class='ocrx_word' id='word_1_591' title='bbox 2027 2521 2115 2563; x_wconf 86' lang='grc' dir='ltr'>βίον,</span> 
     </span>
     <span class='ocr_line' id='line_1_96' title="bbox 1416 2576 1684 2624; baseline 0 -12"><span class='ocrx_word' id='word_1_592' title='bbox 1416 2576 1436 2622; x_wconf 85' lang='grc' dir='ltr'>ἢ</span> <span class='ocrx_word' id='word_1_593' title='bbox 1456 2577 1621 2624; x_wconf 90' lang='grc' dir='ltr'>δυσγενὴς</span> <span class='ocrx_word' id='word_1_594' title='bbox 1638 2577 1684 2612; x_wconf 79' lang='grc' dir='ltr'>ὢν</span> 
     </span>
     <span class='ocr_line' id='line_1_97' title="bbox 1313 2627 1942 2676; baseline 0 -10"><span class='ocrx_word' id='word_1_595' title='bbox 1313 2628 1376 2666; x_wconf 89' lang='lat' dir='ltr'>ubi</span> <span class='ocrx_word' id='word_1_596' title='bbox 1396 2627 1521 2666; x_wconf 84' lang='lat' dir='ltr'><strong>Schol.</strong></span> <span class='ocrx_word' id='word_1_597' title='bbox 1542 2633 1581 2667; x_wconf 90' lang='grc' dir='ltr'>τὸ</span> <span class='ocrx_word' id='word_1_598' title='bbox 1599 2631 1721 2667; x_wconf 83' lang='grc' dir='ltr'>λοιπὸν</span> <span class='ocrx_word' id='word_1_599' title='bbox 1738 2632 1798 2666; x_wconf 92' lang='grc' dir='ltr'>τοῦ</span> <span class='ocrx_word' id='word_1_600' title='bbox 1818 2630 1942 2676; x_wconf 82' lang='grc' dir='ltr'>ἰάμβου</span> 
     </span>
     <span class='ocr_line' id='line_1_98' title="bbox 1630 2683 2036 2731; baseline -0.01 -10"><span class='ocrx_word' id='word_1_601' title='bbox 1630 2684 1800 2721; x_wconf 87' lang='grc' dir='ltr'>πλουσίαν</span> <span class='ocrx_word' id='word_1_602' title='bbox 1817 2684 1894 2731; x_wconf 83' lang='grc' dir='ltr'>ἀροῖ</span> <span class='ocrx_word' id='word_1_603' title='bbox 1910 2683 2036 2720; x_wconf 87' lang='grc' dir='ltr'>πλάκα.</span> 
     </span>
    </p>

    <p class='ocr_par' dir='ltr' id='par_1_50' title="bbox 1368 2734 2038 2786">
     <span class='ocr_line' id='line_1_99' title="bbox 1368 2734 2038 2786; baseline -0.001 -13"><span class='ocrx_word' id='word_1_604' title='bbox 1368 2734 1494 2786; x_wconf 88' lang='grc'>(657.)</span> <span class='ocrx_word' id='word_1_605' title='bbox 1516 2753 1546 2775; x_wconf 82' lang='lat'>2.</span> <span class='ocrx_word' id='word_1_606' title='bbox 1578 2736 1749 2774; x_wconf 82' lang='lat' dir='ltr'>Stobaeus</span> <span class='ocrx_word' id='word_1_607' title='bbox 1767 2734 1956 2777; x_wconf 87' lang='lat' dir='ltr'>LXVIII,</span> <span class='ocrx_word' id='word_1_608' title='bbox 1978 2736 2038 2772; x_wconf 88' lang='lat'><strong>15.</strong></span> 
     </span>
    </p>

    <p class='ocr_par' dir='ltr' id='par_1_51' title="bbox 1418 2785 2229 2893">
     <span class='ocr_line' id='line_1_100' title="bbox 1418 2785 2229 2840; baseline -0.005 -13"><span class='ocrx_word' id='word_1_609' title='bbox 1418 2793 1577 2830; x_wconf 79' lang='grc' dir='ltr'>Πολλοὺς</span> <span class='ocrx_word' id='word_1_610' title='bbox 1595 2793 1632 2827; x_wconf 82' lang='grc' dir='ltr'>δὲ</span> <span class='ocrx_word' id='word_1_611' title='bbox 1649 2790 1787 2840; x_wconf 82' lang='grc' dir='ltr'>πλούτῳ</span> <span class='ocrx_word' id='word_1_612' title='bbox 1806 2791 1859 2827; x_wconf 84' lang='grc' dir='ltr'>καὶ</span> <span class='ocrx_word' id='word_1_613' title='bbox 1875 2790 1966 2838; x_wconf 87' lang='grc' dir='ltr'>γένει</span> <span class='ocrx_word' id='word_1_614' title='bbox 1982 2785 2229 2837; x_wconf 77' lang='grc' dir='ltr'>γαυρουμένους</span> 
     </span>
     <span class='ocr_line' id='line_1_101' title="bbox 1419 2844 2042 2893; baseline -0.005 -11"><span class='ocrx_word' id='word_1_615' title='bbox 1419 2846 1501 2893; x_wconf 88' lang='grc' dir='ltr'>γυνὴ</span> <span class='ocrx_word' id='word_1_616' title='bbox 1521 2845 1702 2892; x_wconf 84' lang='grc' dir='ltr'>κατῄσχυν’</span> <span class='ocrx_word' id='word_1_617' title='bbox 1723 2845 1758 2881; x_wconf 88' lang='grc' dir='ltr'>ἐν</span> <span class='ocrx_word' id='word_1_618' title='bbox 1776 2846 1913 2890; x_wconf 90' lang='grc' dir='ltr'>δόμοισι</span> <span class='ocrx_word' id='word_1_619' title='bbox 1931 2844 2042 2889; x_wconf 86' lang='grc' dir='ltr'>νηπία.</span> 
     </span>
    </p>

    <p class='ocr_par' dir='ltr' id='par_1_52' title="bbox 1316 2891 2362 2999">
     <span class='ocr_line' id='line_1_102' title="bbox 1367 2891 2362 2946; baseline -0.004 -13"><span class='ocrx_word' id='word_1_620' title='bbox 1367 2896 1494 2946; x_wconf 88' lang='grc'>(658.)</span> <span class='ocrx_word' id='word_1_621' title='bbox 1513 2914 1546 2943; x_wconf 85' lang='lat'>3·</span> <span class='ocrx_word' id='word_1_622' title='bbox 1577 2897 1747 2935; x_wconf 85' lang='lat' dir='ltr'>Stobaeus</span> <span class='ocrx_word' id='word_1_623' title='bbox 1765 2896 1924 2946; x_wconf 84' lang='lat' dir='ltr'>XXIX,</span> <span class='ocrx_word' id='word_1_624' title='bbox 1942 2897 2004 2932; x_wconf 89' lang='lat'><strong>36.</strong></span> <span class='ocrx_word' id='word_1_625' title='bbox 2025 2893 2194 2942; x_wconf 86' lang='lat' dir='ltr'><strong>Apostol.</strong></span> <span class='ocrx_word' id='word_1_626' title='bbox 2210 2891 2283 2934; x_wconf 88' lang='lat' dir='ltr'>III,</span> <span class='ocrx_word' id='word_1_627' title='bbox 2297 2892 2362 2929; x_wconf 84' lang='grc'>42.</span> 
     </span>
     <span class='ocr_line' id='line_1_103' title="bbox 1316 2945 2231 2999; baseline -0.005 -12"><span class='ocrx_word' id='word_1_628' title='bbox 1316 2950 1450 2987; x_wconf 87' lang='lat' dir='ltr'><strong>Arsen.</strong></span> <span class='ocrx_word' id='word_1_629' title='bbox 1471 2951 1570 2988; x_wconf 91' lang='lat' dir='ltr'><strong>Viol.</strong></span> <span class='ocrx_word' id='word_1_630' title='bbox 1591 2963 1629 2999; x_wconf 92' lang='lat' dir='ltr'>p.</span> <span class='ocrx_word' id='word_1_631' title='bbox 1652 2952 1700 2987; x_wconf 86' lang='lat'>62</span> <span class='ocrx_word' id='word_1_632' title='bbox 1720 2949 1778 2986; x_wconf 90' lang='lat' dir='ltr'>ed.</span> <span class='ocrx_word' id='word_1_633' title='bbox 1799 2948 1920 2986; x_wconf 81' lang='lat' dir='ltr'><strong>Walz.</strong></span> <span class='ocrx_word' id='word_1_634' title='bbox 1942 2948 2020 2985; x_wconf 83' lang='lat' dir='ltr'><strong>sine</strong></span> <span class='ocrx_word' id='word_1_635' title='bbox 2037 2959 2138 2984; x_wconf 89' lang='lat' dir='ltr'><strong>nom.</strong></span> <span class='ocrx_word' id='word_1_636' title='bbox 2153 2945 2231 2994; x_wconf 73' lang='lat' dir='ltr'><strong>fab.</strong></span> 
     </span>
    </p>

    <p class='ocr_par' dir='ltr' id='par_1_53' title="bbox 1414 3002 2152 3105">
     <span class='ocr_line' id='line_1_104' title="bbox 1414 3002 2099 3052; baseline -0.004 -12"><span class='ocrx_word' id='word_1_637' title='bbox 1414 3004 1515 3041; x_wconf 81' lang='grc' dir='ltr'>’Άνευ</span> <span class='ocrx_word' id='word_1_638' title='bbox 1534 3005 1637 3052; x_wconf 78' lang='grc' dir='ltr'>τύχης</span> <span class='ocrx_word' id='word_1_639' title='bbox 1654 3006 1732 3052; x_wconf 85' lang='grc' dir='ltr'>γὰρ,</span> <span class='ocrx_word' id='word_1_640' title='bbox 1753 3005 1869 3051; x_wconf 84' lang='grc' dir='ltr'>ὥσπερ</span> <span class='ocrx_word' id='word_1_641' title='bbox 1888 3003 1907 3048; x_wconf 86' lang='grc' dir='ltr'>ἡ</span> <span class='ocrx_word' id='word_1_642' title='bbox 1926 3002 2099 3050; x_wconf 89' lang='grc' dir='ltr'>παροιμία,</span> 
     </span>
     <span class='ocr_line' id='line_1_105' title="bbox 1420 3053 2152 3105; baseline -0.005 -11"><span class='ocrx_word' id='word_1_643' title='bbox 1420 3061 1523 3096; x_wconf 92' lang='grc' dir='ltr'>πόνος</span> <span class='ocrx_word' id='word_1_644' title='bbox 1539 3059 1701 3105; x_wconf 77' lang='grc' dir='ltr'>μονωθεὶς</span> <span class='ocrx_word' id='word_1_645' title='bbox 1718 3057 1822 3092; x_wconf 82' lang='grc' dir='ltr'>οὐκέτ’</span> <span class='ocrx_word' id='word_1_646' title='bbox 1842 3055 1979 3104; x_wconf 80' lang='grc' dir='ltr'>ἀλγύνει</span> <span class='ocrx_word' id='word_1_647' title='bbox 1996 3053 2152 3103; x_wconf 76' lang='grc' dir='ltr'>βροτούς.</span> 
     </span>
    </p>

    <p class='ocr_par' dir='ltr' id='par_1_54' title="bbox 1315 3108 2364 3318">
     <span class='ocr_line' id='line_1_106' title="bbox 1368 3108 2363 3158; baseline -0.006 -11"><span class='ocrx_word' id='word_1_648' title='bbox 1368 3108 1495 3158; x_wconf 88' lang='grc'>(659.)</span> <span class='ocrx_word' id='word_1_649' title='bbox 1516 3127 1549 3156; x_wconf 88' lang='lat'>4.</span> <span class='ocrx_word' id='word_1_650' title='bbox 1578 3110 1717 3147; x_wconf 86' lang='lat' dir='ltr'><strong>Athen.</strong></span> <span class='ocrx_word' id='word_1_651' title='bbox 1737 3108 1785 3152; x_wconf 91' lang='lat' dir='ltr'>X,</span> <span class='ocrx_word' id='word_1_652' title='bbox 1804 3121 1841 3157; x_wconf 88' lang='lat' dir='ltr'>p.</span> <span class='ocrx_word' id='word_1_653' title='bbox 1863 3109 1936 3146; x_wconf 80' lang='lat'>427</span> <span class='ocrx_word' id='word_1_654' title='bbox 1957 3108 2002 3145; x_wconf 87' lang='grc' dir='ltr'>Ε.</span> <span class='ocrx_word' id='word_1_655' title='bbox 2031 3111 2102 3146; x_wconf 81' lang='grc' dir='ltr'>τοῖς</span> <span class='ocrx_word' id='word_1_656' title='bbox 2119 3109 2156 3144; x_wconf 84' lang='grc' dir='ltr'>δὲ</span> <span class='ocrx_word' id='word_1_657' title='bbox 2170 3109 2363 3151; x_wconf 87' lang='grc' dir='ltr'>τετελευτη-</span> 
     </span>
     <span class='ocr_line' id='line_1_107' title="bbox 1316 3159 2364 3212; baseline -0.003 -13"><span class='ocrx_word' id='word_1_658' title='bbox 1316 3166 1394 3200; x_wconf 91' lang='grc' dir='ltr'>κόσι</span> <span class='ocrx_word' id='word_1_659' title='bbox 1412 3169 1479 3200; x_wconf 89' lang='grc' dir='ltr'>τῶν</span> <span class='ocrx_word' id='word_1_660' title='bbox 1496 3166 1609 3212; x_wconf 85' lang='grc' dir='ltr'>φίλων</span> <span class='ocrx_word' id='word_1_661' title='bbox 1627 3165 1793 3210; x_wconf 84' lang='grc' dir='ltr'>ἀπένεμον</span> <span class='ocrx_word' id='word_1_662' title='bbox 1818 3164 1857 3198; x_wconf 86' lang='grc' dir='ltr'>τὰ</span> <span class='ocrx_word' id='word_1_663' title='bbox 1880 3164 2045 3199; x_wconf 87' lang='grc' dir='ltr'>πίπτοντα</span> <span class='ocrx_word' id='word_1_664' title='bbox 2068 3163 2126 3207; x_wconf 88' lang='grc' dir='ltr'>τῆς</span> <span class='ocrx_word' id='word_1_665' title='bbox 2149 3162 2281 3208; x_wconf 76' lang='grc' dir='ltr'>τροφῆς</span> <span class='ocrx_word' id='word_1_666' title='bbox 2297 3159 2364 3196; x_wconf 70' lang='grc' dir='ltr'>άπὸ</span> 
     </span>
     <span class='ocr_line' id='line_1_108' title="bbox 1315 3213 2363 3266; baseline -0.003 -13"><span class='ocrx_word' id='word_1_667' title='bbox 1315 3223 1381 3253; x_wconf 82' lang='grc' dir='ltr'>τῶν</span> <span class='ocrx_word' id='word_1_668' title='bbox 1407 3221 1590 3266; x_wconf 82' lang='grc' dir='ltr'>τραπεζῶν.</span> <span class='ocrx_word' id='word_1_669' title='bbox 1621 3220 1672 3254; x_wconf 87' lang='grc' dir='ltr'>διὸ</span> <span class='ocrx_word' id='word_1_670' title='bbox 1701 3218 1754 3253; x_wconf 82' lang='grc' dir='ltr'>καὶ</span> <span class='ocrx_word' id='word_1_671' title='bbox 1772 3218 1953 3264; x_wconf 81' lang='grc' dir='ltr'>Εὐριπίδης</span> <span class='ocrx_word' id='word_1_672' title='bbox 1978 3216 2057 3262; x_wconf 83' lang='grc' dir='ltr'>περὶ</span> <span class='ocrx_word' id='word_1_673' title='bbox 2083 3216 2141 3259; x_wconf 86' lang='grc' dir='ltr'>τῆς</span> <span class='ocrx_word' id='word_1_674' title='bbox 2167 3213 2363 3256; x_wconf 69' lang='grc' dir='ltr'>Σθενεβοίας</span> 
     </span>
     <span class='ocr_line' id='line_1_109' title="bbox 1316 3268 2258 3318; baseline -0.003 -12"><span class='ocrx_word' id='word_1_675' title='bbox 1316 3272 1435 3318; x_wconf 89' lang='grc' dir='ltr'>φησὶν,</span> <span class='ocrx_word' id='word_1_676' title='bbox 1457 3272 1570 3317; x_wconf 84' lang='grc' dir='ltr'>ἐπειδὴ</span> <span class='ocrx_word' id='word_1_677' title='bbox 1591 3273 1713 3318; x_wconf 78' lang='grc' dir='ltr'>νομίζει</span> <span class='ocrx_word' id='word_1_678' title='bbox 1731 3271 1790 3306; x_wconf 89' lang='grc' dir='ltr'>τὸν</span> <span class='ocrx_word' id='word_1_679' title='bbox 1808 3271 2089 3316; x_wconf 89' lang='grc' dir='ltr'>Βελλεροφόντην</span> <span class='ocrx_word' id='word_1_680' title='bbox 2105 3268 2258 3304; x_wconf 80' lang='grc' dir='ltr'>τεθνάναι</span> 
     </span>
    </p>

    <p class='ocr_par' dir='ltr' id='par_1_55' title="bbox 1422 3323 2126 3425">
     <span class='ocr_line' id='line_1_110' title="bbox 1422 3323 2126 3369; baseline -0.003 -9"><span class='ocrx_word' id='word_1_681' title='bbox 1422 3327 1539 3361; x_wconf 83' lang='grc' dir='ltr'>Πεσὸν</span> <span class='ocrx_word' id='word_1_682' title='bbox 1557 3326 1595 3361; x_wconf 86' lang='grc' dir='ltr'>δέ</span> <span class='ocrx_word' id='word_1_683' title='bbox 1612 3340 1662 3361; x_wconf 91' lang='grc' dir='ltr'>νιν</span> <span class='ocrx_word' id='word_1_684' title='bbox 1679 3324 1827 3369; x_wconf 90' lang='grc' dir='ltr'>λέληθεν</span> <span class='ocrx_word' id='word_1_685' title='bbox 1844 3324 1941 3359; x_wconf 78' lang='grc' dir='ltr'>οὐδὲν</span> <span class='ocrx_word' id='word_1_686' title='bbox 1959 3324 1995 3358; x_wconf 89' lang='grc' dir='ltr'>ἐκ</span> <span class='ocrx_word' id='word_1_687' title='bbox 2011 3323 2126 3369; x_wconf 82' lang='grc' dir='ltr'>χερός·</span> 
     </span>
     <span class='ocr_line' id='line_1_111' title="bbox 1422 3376 2106 3425; baseline -0.004 -12"><span class='ocrx_word' id='word_1_688' title='bbox 1422 3379 1499 3414; x_wconf 83' lang='grc' dir='ltr'>ἀλλ’</span> <span class='ocrx_word' id='word_1_689' title='bbox 1520 3379 1615 3415; x_wconf 79' lang='grc' dir='ltr'>εὐθὺς</span> <span class='ocrx_word' id='word_1_690' title='bbox 1634 3379 1731 3424; x_wconf 81' lang='grc' dir='ltr'>αὐδᾷ·</span> <span class='ocrx_word' id='word_1_691' title='bbox 1759 3379 1806 3425; x_wconf 80' lang='grc' dir='ltr'>τῷ</span> <span class='ocrx_word' id='word_1_692' title='bbox 1825 3377 1991 3425; x_wconf 85' lang='grc' dir='ltr'>Κορινθίῳ</span> <span class='ocrx_word' id='word_1_693' title='bbox 2009 3376 2106 3423; x_wconf 78' lang='grc' dir='ltr'>ξένῳ.</span> 
     </span>
    </p>
   </div>
   <div class='ocr_carea' id='block_1_18' title="bbox 1371 3424 2362 3479">
    <p class='ocr_par' dir='ltr' id='par_1_56' title="bbox 1371 3424 2362 3479">
     <span class='ocr_line' id='line_1_112' title="bbox 1371 3424 2362 3479; baseline -0.008 -12"><span class='ocrx_word' id='word_1_694' title='bbox 1371 3429 1496 3479; x_wconf 87' lang='grc'>(660.)</span> <span class='ocrx_word' id='word_1_695' title='bbox 1526 3447 1557 3475; x_wconf 78' lang='lat'>5·</span> <span class='ocrx_word' id='word_1_696' title='bbox 1602 3429 1724 3466; x_wconf 89' lang='lat' dir='ltr'><strong>Schol.</strong></span> <span class='ocrx_word' id='word_1_697' title='bbox 1756 3429 1851 3466; x_wconf 86' lang='lat' dir='ltr'><strong>Ven.</strong></span> <span class='ocrx_word' id='word_1_698' title='bbox 1882 3427 2074 3475; x_wconf 81' lang='lat' dir='ltr'><strong>Aristoph.</strong></span> <span class='ocrx_word' id='word_1_699' title='bbox 2106 3426 2194 3462; x_wconf 83' lang='lat' dir='ltr'><strong>Pac.</strong></span> <span class='ocrx_word' id='word_1_700' title='bbox 2228 3424 2314 3461; x_wconf 78' lang='lat'><strong>124.</strong></span> <span class='ocrx_word' id='word_1_701' title='bbox 2343 3427 2362 3460; x_wconf 86' lang='grc' dir='ltr'><strong><em>ὁ</em></strong></span> 
     </span>
    </p>
   </div>
   <div class='ocr_carea' id='block_1_19' title="bbox 237 3477 2360 3538">
    <p class='ocr_par' dir='ltr' id='par_1_57' title="bbox 237 3477 2360 3538">
     <span class='ocr_line' id='line_1_113' title="bbox 237 3477 2360 3538; baseline -0.007 -10"><span class='ocrx_word' id='word_1_702' title='bbox 237 3492 294 3531; x_wconf 69' lang='grc' dir='ltr'>τὸν</span> <span class='ocrx_word' id='word_1_703' title='bbox 321 3493 498 3530; x_wconf 81' lang='grc' dir='ltr'>ἀνδοιάντα</span> <span class='ocrx_word' id='word_1_704' title='bbox 524 3489 677 3538; x_wconf 74' lang='grc' dir='ltr'>χορεύειν</span> <span class='ocrx_word' id='word_1_705' title='bbox 705 3487 852 3536; x_wconf 78' lang='lat' dir='ltr'><strong>(Reisk.</strong></span> <span class='ocrx_word' id='word_1_706' title='bbox 881 3485 1067 3536; x_wconf 78' lang='grc' dir='ltr'>χωνεύειν),</span> <span class='ocrx_word' id='word_1_707' title='bbox 1094 3489 1134 3524; x_wconf 84' lang='grc' dir='ltr'>ἂν</span> <span class='ocrx_word' id='word_1_708' title='bbox 1161 3487 1282 3524; x_wconf 81' lang='grc' dir='ltr'>αἷσθά·</span> <span class='ocrx_word' id='word_1_709' title='bbox 1317 3487 1421 3533; x_wconf 87' lang='grc' dir='ltr'>λόγος</span> <span class='ocrx_word' id='word_1_710' title='bbox 1457 3486 1491 3520; x_wconf 88' lang='grc' dir='ltr'>ἐκ</span> <span class='ocrx_word' id='word_1_711' title='bbox 1528 3485 1725 3526; x_wconf 80' lang='grc' dir='ltr'>Σθενεβοίας</span> <span class='ocrx_word' id='word_1_712' title='bbox 1756 3483 1949 3530; x_wconf 80' lang='grc' dir='ltr'>Εὐριπίδου.</span> <span class='ocrx_word' id='word_1_713' title='bbox 1986 3482 2073 3520; x_wconf 77' lang='grc' dir='ltr'>τινὲς</span> <span class='ocrx_word' id='word_1_714' title='bbox 2103 3481 2143 3517; x_wconf 65' lang='grc' dir='ltr'>δὲ</span> <span class='ocrx_word' id='word_1_715' title='bbox 2171 3477 2296 3516; x_wconf 76' lang='grc' dir='ltr'>οἴονται</span> <span class='ocrx_word' id='word_1_716' title='bbox 2327 3479 2360 3514; x_wconf 79' lang='grc' dir='ltr'>ἐκ</span> 
     </span>
    </p>
   </div>
   <div class='ocr_carea' id='block_1_20' title="bbox 2455 125 2477 358">
    <p class='ocr_par' dir='ltr' id='par_1_58' title="bbox 2455 125 2477 358">
     <span class='ocr_line' id='line_1_114' title="bbox 2455 125 2477 358; textangle 90"><span class='ocrx_word' id='word_1_717' title='bbox 2465 331 2477 358; x_wconf 61' lang='lat' dir='ltr'><strong>t</strong></span> <span class='ocrx_word' id='word_1_718' title='bbox 2455 287 2477 323; x_wconf 47' lang='grc' dir='ltr'>ἅτ</span> <span class='ocrx_word' id='word_1_719' title='bbox 2465 254 2476 282; x_wconf 47' lang='grc' dir='ltr'>»ῥυ</span> <span class='ocrx_word' id='word_1_720' title='bbox 2457 236 2473 249; x_wconf 56' lang='grc'>1</span> <span class='ocrx_word' id='word_1_721' title='bbox 2456 175 2475 230; x_wconf 51' lang='lat' dir='ltr'>hle-1(</span> <span class='ocrx_word' id='word_1_722' title='bbox 2458 125 2473 170; x_wconf 50' lang='lat' dir='ltr'>‘it-fv</span> 
     </span>
    </p>
   </div>
   <div class='ocr_carea' id='block_1_21' title="bbox 2461 355 2488 794">
    <p class='ocr_par' dir='ltr' id='par_1_59' title="bbox 2457 355 2488 825">
     <span class='ocr_line' id='line_1_115' title="bbox 2461 355 2488 794; textangle 90"><span class='ocrx_word' id='word_1_723' title='bbox 2464 701 2483 794; x_wconf 40' lang='lat' dir='ltr'><strong>namt.</strong></span> <span class='ocrx_word' id='word_1_724' title='bbox 2461 355 2488 695; x_wconf 38' lang='lat' dir='ltr'>„affingz-og-</span> 
     </span>
    </p>
   </div>
  </div>
 </body>
</html>
