2410 3848
510 747 906 798 ΑΙΣΧΥΛΟΥ
957 742 1437 795 ΠΡΟΜΗΘΕΥΣ
1489 739 1931 792 ΔΕΣΜΩΤΗΣ.

812 1103 882 1143 ΤΑ
910 1103 1018 1142 TO'Y‘
1050 1102 1337 1141 ΔΡΑΜΑΤΟΣ
1367 1100 1624 1140 ΠΡΟΣΩΠΑ

585 1209 741 1240 ΚΡΑΤΟΣ
763 1209 832 1237 ΚΑΙ
855 1209 929 1236 ΒΙΑ.
1209 1214 1214 1227 ·
1482 1203 1683 1234 ΩΚΕΑΝΟΣ.

577 1262 782 1293 ΗΦΑῙΣΤΟΣ.
1483 1259 1525 1286 m
1547 1258 1572 1284 H
1599 1258 1760 1286 INAXOT.

585 1315 837 1345 ΠΡΟΜΗΘΕΤΣ.
1435 1308 1439 1312 ”
1484 1310 1627 1340 ΕΡΜΗΣ.

579 1370 713 1400 ΧΟΡΟΣ
735 1370 975 1398 ΩΚΕΑΝῙΔΩΝ
998 1369 1174 1397 ΝΤΜΦΩΝ.

1040 1658 1385 1698 ΎΠΟΘΕΣΙΣ.

216 1767 422 1815 Προμηθέως
440 1766 474 1801 ἐν
492 1766 612 1812 Σκυθίᾳ
632 1766 807 1811 δεδεμένου
827 1766 879 1801 διὰ
898 1764 936 1800 τὸ
949 1765 1147 1810 κεκλοφέναι
1161 1763 1199 1799 τὸ
1231 1765 1265 1800 ἐν
1293 1763 1456 1810 Κολχίσι,
1481 1762 1572 1808 παρὰ
1597 1763 1634 1798 δὲ
1659 1763 1822 1810 Εὐριπίδῃ
1844 1761 1933 1801 ὅλως
1952 1764 1991 1799 οὗ
2018 1766 2132 1801 κεῖται.
2165 1763 2186 1810 ἦ
2211 1765 2272 1811 μέν

163 1823 232 1868 πῦρ
249 1820 449 1856 πυνθάνεται
466 1818 520 1854 Ἰὼ
537 1819 733 1864 πλανωμένη
752 1819 804 1853 ὅτι
830 1817 898 1853 κατ’
918 1816 1086 1864 Αἴγυπτον
1103 1832 1196 1864 γενο-
1230 1817 1333 1861 σκηνὴ
1352 1819 1411 1851 τοῦ
1430 1817 1596 1861 δράματος
1621 1816 1791 1852 ὑπόκειται
1818 1817 1854 1852 ἐν
1871 1818 1992 1862 Σκυθίᾳ
2010 1817 2064 1852 ἐπὶ
2085 1819 2124 1852 τὸ
2141 1819 2270 1853 Καυκά-

165 1875 245 1918 μένη
266 1873 302 1907 ἐκ
319 1873 378 1917 τῆς
398 1870 601 1917 ἐπαφήσεως
618 1874 678 1906 τοῦ
697 1872 776 1907 Διὸς
798 1870 927 1914 τέξεται
953 1871 1011 1904 τὸν
1021 1869 1196 1916 ”Επαφον.
1229 1883 1304 1905 σιον
1322 1869 1410 1915 ὅρος·
1449 1871 1467 1903 ὁ
1495 1869 1531 1903 δέ
1558 1870 1662 1915 χορὸς
1686 1871 1889 1914 συνέστηκεν
1907 1871 1945 1915 ἐξ
1969 1870 2168 1907 Ὠκεανίδων
2193 1885 2272 1917 νυμ-

163 1924 290 1971 Ἕρμῆς
317 1924 353 1958 δὲ
376 1925 560 1970 παράγεται
583 1924 729 1959 ἀπειλῶν
755 1924 843 1970 αὐτῷ
872 1922 1196 1969 κεραυνωθὴσεσθαι,
1229 1923 1314 1970 φῶν.
1335 1923 1373 1956 τὸ
1392 1922 1427 1956 δὲ
1447 1921 1633 1968 κεφάλαιον
1651 1922 1752 1957 αὐτοῦ
1771 1923 1846 1958 ἐστι
1864 1923 2067 1970 Προμηθέως
2085 1923 2190 1960 δέσις.

166 1978 223 2012 ε’ὰν
239 1977 285 2022 μὴ
305 1975 379 2020 εἴπῃ
391 1979 432 2012 τὰ
445 1979 614 2021 μέλλοντα
632 1975 772 2011 ἔσεσθαι
785 1977 831 2023 τῷ
847 1976 913 2011 Διί.
943 1977 1115 2022 προέλεγε
1132 1974 1197 2021 γὰρ
1278 1973 1407 2009 Ἰστέον
1443 1974 1480 2009 δὲ
1509 1975 1559 2009 ὅτι
1578 1974 1617 2008 οὗ
1645 1977 1727 2009 κατὰ
1754 1977 1811 2010 τὸν
1838 1977 1946 2012 κοινὸν
1979 1977 2085 2021 λόγον
2113 1975 2150 2011 ἐν
2182 1981 2271 2011 Kav-

165 2032 185 2065 ὁ
212 2029 410 2076 Προμηθεὺς
437 2030 481 2065 ὡς
509 2028 739 2073 ε’ξωσθὴσεται
766 2030 785 2063 ὁ
812 2028 892 2064 Ζεὺς
918 2030 976 2072 τῆς
1002 2028 1104 2074 ἀρχῆς
1133 2027 1197 2061 ὑπό
1229 2028 1321 2074 κάσῳ
1341 2026 1431 2072 φησὶ
1450 2027 1606 2062 δεδέσθαι
1624 2028 1683 2061 τὸν
1701 2028 1893 2074 Προμηθέα,
1909 2028 2000 2063 ἀλλὰ
2017 2029 2102 2073 πρὸς
2119 2031 2188 2064 τοῖς
2204 2029 2270 2064 Εὔ-

165 2096 256 2118 τινος
273 2081 396 2115 οἰκείου
414 2082 499 2116 υἱοῦ.
538 2080 637 2117 τέλος
659 2081 695 2116 δὲ
713 2082 856 2128 βροντῆς
871 2079 1048 2127 γενομένης
1067 2079 1197 2125 ἀφανὴς
1227 2079 1385 2126 ρωπαίοις
1402 2079 1520 2125 μέρεσι
1538 2082 1597 2114 τοῦ
1616 2079 1786 2119 Ὠκεανοῦ,
1807 2082 1851 2117 ὡς
1870 2083 1936 2118 ἀπὸ
1954 2083 2020 2116 τῶν
2038 2083 2124 2128 πρὸς
2142 2081 2202 2126 τὴν
2218 2080 2272 2127 Ἰᾢ

166 2136 185 2168 ὁ
203 2133 400 2179 Προμηθεὺς
415 2133 554 2180 γίνεται.
1226 2134 1414 2180 λεγομένων
1432 2133 1544 2177 ἔξεστι
1564 2134 1762 2177 συμβαλεῖν.

219 2188 332 2221 Κεῖται
350 2186 386 2220 δὲ
404 2184 424 2230 ἡ
443 2185 622 2232 μυθοποιία
639 2186 675 2222 ἐν
690 2187 897 2233 παρεκβάσει
921 2185 1010 2232 παρὰ
1029 2185 1198 2230 Σοφοκλεῖ

1302 2318 1330 2325 -

1126 2436 1350 2477 ΑΛΛΩΣ.

235 2545 444 2593 Προμηθέως
455 2546 491 2581 ἐκ
510 2547 589 2584 Διὸς
607 2548 814 2593 κεκλοφότος
831 2549 869 2583 τὸ
881 2550 948 2594 πῦρ
962 2548 1016 2583 καὶ
1030 2548 1210 2585 δεδωκότος
1239 2548 1395 2592 μανθάνει
1415 2548 1492 2595 παρ’
1518 2549 1619 2585 αὐτοῦ
1644 2550 1666 2584 ἃ
1683 2563 1719 2583 τε
1742 2547 1890 2585 πέπονθε
1912 2548 1965 2583 καὶ
1990 2547 2013 2583 ἃ
2031 2547 2196 2588 πείσεται,
2219 2546 2273 2582 καὶ

167 2600 368 2645 ἀνθρώποις,
405 2598 447 2633 δι’
484 2598 524 2634 οὗ
554 2600 673 2646 τέχνας
706 2601 820 2636 πάσας
854 2599 1026 2646 ἅνθρωποι
1059 2598 1207 2647 εὕροντο,
1240 2600 1290 2635 ὅτι
1308 2601 1358 2636 τὶς
1376 2605 1441 2636 τῶν
1458 2602 1558 2644 αὐτῆς
1576 2602 1748 2648 ἀπογόνων
1771 2601 1872 2637 λύσει
1897 2600 2010 2642 αὐτὸν,
2032 2599 2068 2636 ὃς
2093 2598 2133 2644 ἦν
2150 2601 2169 2634 ὁ
2194 2600 2274 2636 Διὸς

167 2652 342 2699 ὀργισθεὶς
365 2654 384 2686 ὁ
415 2652 495 2687 Ζεὺς
522 2652 752 2699 παραδίδωσιν
776 2653 876 2687 αὐτὸν
906 2653 1028 2699 Κράτει
1056 2654 1108 2687 καὶ
1135 2653 1207 2698 Βίᾳ,
1238 2651 1419 2698 Ἡρακλῆς,
1440 2655 1493 2688 καὶ
1511 2653 1562 2688 ὅτι
1582 2655 1617 2688 ἐκ
1634 2655 1693 2698 τῆς
1719 2653 1923 2700 ε’παφήσεως
1940 2656 2000 2688 τοῦ
2019 2654 2098 2688 Διὸς
2114 2651 2203 2696 τέξει
2215 2653 2274 2687 τὸν

166 2707 238 2741 τοῖς
261 2704 362 2740 αὑτοῦ
389 2703 582 2750 ὑπηρέταις,
602 2706 655 2739 καὶ
681 2704 875 2753 Ἡφαίστῳ,
895 2705 939 2741 ὥς
962 2705 1002 2739 ἂν
1028 2704 1209 2751 ἀγαγόντες
1233 2702 1405 2750 Ἐπαφον.
1433 2706 1724 2752 θρασυστομοῦντι
1746 2708 1782 2742 δέ
1806 2705 1978 2752 Προμηθεῖ
2001 2705 2083 2740 κατὰ
2111 2705 2202 2747 Διὸς,
2229 2704 2274 2742 ὣς

168 2759 252 2804 πρὸς
275 2758 316 2793 τὸ
343 2758 539 2792 Καυκάσιον
562 2756 640 2803 ὅρος
669 2757 806 2802 δεσμοῖς
835 2758 986 2804 σιδηροῖς
1014 2757 1116 2791 αὐτὸν
1144 2757 1210 2792 ε’κεῖ
1241 2758 1428 2792 ἐκπεσεῖται
1447 2759 1504 2802 τῆς
1528 2759 1634 2804 ἀρχῆς
1656 2759 1716 2804 ὑφ’
1736 2759 1776 2794 οὗ
1801 2760 1930 2802 τέξεται
1952 2758 2082 2797 παιδὸς,
2107 2757 2161 2792 καὶ
2183 2755 2274 2792 ἄλλα

167 2810 446 2855 προσηλώσαιεν.
481 2807 521 2843 οὗ
550 2809 729 2856 γενομένου
765 2811 1002 2856 παραγίνονται
1037 2810 1146 2844 πᾶσαι
1177 2811 1210 2844 αἱ
1238 2809 1432 2853 βλάσφημα
1453 2811 1599 2856 λέγοντι,
1622 2812 1835 2858 παραγίνεται
1852 2811 1986 2855 Ἑρμῆς,
2014 2811 2094 2846 Διὸς
2115 2808 2273 2856 πέμψαν·

167 2861 355 2897 Ὠκεαναῖαι
374 2861 507 2908 νύμφαι
523 2862 608 2907 πρὸς
630 2862 840 2906 παραμυθίαν
864 2863 977 2902 αὐτοῦ,
996 2861 1049 2895 καὶ
1073 2861 1173 2896 αὐτὸς
1191 2864 1208 2896 ὁ
1240 2875 1307 2901 τος,
1328 2860 1472 2896 ἀπειλῶν
1491 2863 1577 2909 αὐτῷ
1597 2863 1764 2910 κεραυνὸν,
1783 2864 1813 2898 εἶ
1829 2863 1874 2909 μὴ
1896 2863 1939 2898 τὰ
1960 2862 2128 2908 μέλλοντα
2139 2859 2272 2907 συμβή-

167 2913 336 2952 Ὠκεανὸς,
353 2913 390 2951 ὃς
412 2915 452 2958 δὴ
468 2914 521 2948 καὶ
533 2914 684 2961 λέγειτῷ
697 2914 877 2960 Προμηθεῖ,
890 2912 942 2949 ἵνα
953 2913 1110 2948 ἀπελθὼν
1126 2914 1209 2958 πρὸς
1242 2913 1365 2947 σεσθαι
1383 2917 1429 2960 τῷ
1449 2915 1503 2950 Διὶ
1522 2913 1607 2959 εἴπῃ·
1630 2916 1683 2950 καὶ
1707 2916 1751 2961 μὴ
1772 2918 1981 2961 βουλόμενον
2003 2913 2128 2962 βροντὴ
2153 2927 2272 2960 καταρ-

168 2967 229 3002 τὸν
255 2966 320 3001 Δία
347 2965 494 3011 δεήσεσι
523 2966 575 3001 καὶ
597 2967 707 3001 λιταῖς
730 2966 833 3011 πείσῃ
861 2966 961 3001 αὐτὸν
986 2966 1127 3000 ἐκλῦσαι
1150 2968 1209 2999 τοῦ
1240 2966 1382 3011 ραγεῖσα
1403 2966 1502 3001 αὐτὸν
1519 2968 1686 3013 ἀφανίζει.

169 3019 299 3063 δεσμοῦ
317 3018 517 3065 Προμηθέα.
549 3018 601 3053 καὶ
625 3018 822 3064 Προμηθεὺς
840 3019 900 3052 οὐκ
918 3018 968 3063 ε’ᾇ,
993 3018 1032 3051 τὸ
1050 3019 1112 3052 τοῦ
1131 3018 1210 3053 Διὸς
1290 3016 1334 3050 ‘H
1352 3018 1412 3061 μὲν
1431 3019 1534 3064 σκηνὴ
1552 3023 1612 3055 τοῦ
1639 3021 1804 3067 δράματος
1830 3019 1999 3055 ὑπόκειται
2020 3019 2055 3054 ἐν
2078 3017 2200 3063 Σκυθίᾳ
2218 3016 2273 3052 ἐπὶ

170 3070 266 3107 ela-bs·
295 3069 471 3115 ἄκαμπτον
504 3071 556 3105 καὶ
592 3069 714 3115 θρασύ.
753 3071 806 3105 καὶ
837 3068 1120 3116 ἀναχωρήσαντος
1147 3072 1208 3103 τοῦ
1238 3069 1277 3102 τὸ
1290 3070 1480 3105 Καυκάσιον
1491 3070 1579 3118 ὅρος,
1594 3072 1613 3117 ἡ
1629 3072 1665 3108 δὲ
1684 3072 1853 3121 ἐπιγραφὴ
1864 3071 1984 3110 τούτου
1999 3075 2273 3108 ΠΡΟΜΗΘΕΥΣ

169 3120 330 3158 Ὠκεανοῦ
346 3123 568 3172 παραγίνεται
585 3121 640 3157 Ἰὼ
654 3123 862 3168 πλανωμένη,
882 3122 901 3166 ἡ
921 3123 980 3158 τοῦ
996 3120 1143 3168 Ἰνάχου,
1157 3121 1209 3156 καὶ
1239 3126 1484 3158 ΔΕΣΜΩΤΗΣ.
