2488 3860
165 953 234 986 XO.

1107 265 1339 311 BAKXAI.

270 374 412 421 μέμηνας
429 374 502 420 ἤδη,
522 388 575 409 και
591 375 671 420 πρὶν
688 373 826 418 ἐξέστης
843 375 986 421 φρενῶν.

269 427 454 473 στείχωμεν
470 426 572 471 ἡμεῖς,
593 428 718 471 Κάδμε,
736 426 964 472 κάξαιτώμεθα

268 479 351 525 ὑπέρ
369 493 406 513 τε
422 477 552 519 τούτου,
572 479 689 524 καίπερ
709 478 803 515 ὄντος
819 478 948 525 ἇγρίου,

267 531 352 577 ὑπέρ
369 545 406 566 τε
422 531 565 570 πόλεως,
585 532 643 566 τὸν
661 531 737 565 θεὸν
753 531 855 575 μηδὲν
872 530 945 565 νέον

268 583 359 629 δρᾶν.
396 581 475 618 ἀλλ’
496 582 577 617 ἕπου
594 597 652 629 μοι
670 583 824 618 κισσίνου
841 582 991 630 βάκτρου
1002 580 1095 627 μέτα·

265 639 370 682 πειρῶ
387 635 418 670 δ’
437 634 599 680 ἀνορθοῦν
617 635 702 680 σῶμ’
721 635 811 680 ἐμὸν,
831 634 921 680 κάγὼ
938 636 977 669 τὸ
996 635 1069 669 σόν·

264 687 403 733 γέροντε
420 685 451 722 δ’
470 687 615 734 αἰσχρὸν
633 686 691 723 δύο
709 689 836 723 πεσεῖν·
863 686 924 723 ’ίτω
941 686 972 721 δ’
987 686 1084 731 ὅμως.
1136 687 1197 729 365

268 742 315 787 τῷ
334 738 467 786 Βακχίῳ
483 739 550 785 γὰρ
567 743 615 788 τῷ
634 742 712 775 Διὸς
730 740 936 775 δουλευτέον.

267 791 415 828 Πενθεὺς
433 790 462 826 δ’
483 791 572 827 ὅπως
588 791 633 837 μὴ
650 791 771 828 πένθος
788 791 932 827 εἰσοίσει
949 791 1062 836 δόμοις

264 846 335 880 τοῖς
353 845 460 887 σοῖσι,
480 844 604 889 Κάδμε·
630 845 767 889 μαντικῇ
784 843 846 888 μὲν
862 843 901 878 οὐ
917 842 1020 889 λέγω,

269 899 339 932 τοῖς
354 896 550 943 πράγμασιν
565 896 612 931 δέ·
638 899 732 943 μῶρα
748 896 814 943 γὰρ
829 899 937 943 μῶρος
954 895 1061 942 λέγει.

265 947 379 989 Ὁσία,
397 949 502 983 πότνα
520 947 615 992 θεῶν,
1042 960 1117 993 στρ.
1136 955 1199 989 370

262 999 364 1036 Ὀσία
381 1000 423 1045 δ’,
441 1000 463 1035 ἃ
480 1001 563 1035 κατὰ
580 1003 644 1047 γᾶν

262 1054 412 1100 χρυσέαν
427 1052 577 1099 πτέρυγα
594 1053 722 1100 φέρεις,

264 1106 343 1140 τάδε
360 1104 512 1141 Πενθέως
529 1102 622 1146 ἀίεις,

1138 428 1201 469 36ο

265 1155 347 1194 ἀΐεις
365 1159 429 1204 οὐχ
447 1157 546 1192 ὁσίαν

264 1209 364 1257 ὕβριν
380 1210 415 1246 ἐς
430 1208 488 1244 τὸν
506 1211 659 1256 Βρόμιον,

263 1263 322 1298 τὸν
339 1263 489 1307 Σεμέλας
506 1263 565 1296 τὸν
581 1264 669 1309 παρὰ
688 1261 971 1307 καλλιστεφάνοις

265 1314 488 1361 εὐφροσύναις
499 1314 637 1358 δαίμονα
646 1319 777 1361 πρῶτον
786 1315 940 1360 μακάρων
950 1328 962 1355 ,·
983 1311 1020 1350 ὃς
1030 1310 1102 1350 τάδ’
1114 1312 1196 1358 ἔχει,

266 1367 434 1403 θιασεύειν
450 1381 487 1401 τε
503 1368 631 1413 χοροῖς,

266 1420 349 1465 μετά
365 1418 395 1453 τ’
415 1419 519 1454 αὐλοῦ
536 1419 682 1465 γελάσω

267 1470 462 1508 ἀποπαῦσαί
474 1485 511 1505 τε
523 1472 690 1518 μερίμνας,
706 1473 829 1507 ὁπόταν
839 1473 984 1518 βότρυος
996 1469 1083 1515 ἔλθῃ
1096 1469 1198 1516 γάνος

318 1524 354 1558 ἐν
371 1524 457 1559 δαιτὶ
475 1524 569 1564 θεῶν,
1134 1527 1198 1566 380

265 1577 488 1623 κισσοφόροις
513 1575 542 1611 δ’
568 1576 604 1611 ἐν
624 1576 755 1614 θαλίαις
778 1577 920 1624 ἀνδράσι
946 1575 1068 1624 κρατήρ
1094 1573 1198 1611 ὕπνον

263 1629 431 1675 ἀχαλίνων
448 1630 625 1674 στομάτων
764 1629 836 1665 ἀντ.
869 1634 929 1675 385
960 1627 1195 1678 [ἀμφιβάλλῃ.

266 1683 389 1726 ἀνόμου
406 1678 437 1716 τ’
458 1680 654 1728 ἀφροσύνας

264 1735 304 1769 τὸ
320 1735 422 1770 τέλος
439 1733 613 1779 δυστυχία·

264 1789 283 1822 ὁ
301 1787 338 1821 δὲ
355 1788 414 1822 τᾶς
430 1785 572 1832 ἡσυχίας

264 1839 379 1882 βίοτος
397 1840 449 1874 καὶ
465 1840 504 1874 τὸ
523 1840 661 1885 φρονεῖν

1135 1217 1197 1251 375

200 1933 208 1934 7
265 1891 453 1926 ἀσάλευτόν
469 1905 506 1926 τε
521 1891 610 1936 μένει
1133 1902 1197 1936 390

266 1944 319 1978 καὶ
337 1945 472 1989 συνέχει
490 1944 632 1988 δώματα·
659 1943 778 1990 πόρσω
794 1943 860 1990 γὰρ
878 1941 966 1989 ὅμως

267 1995 384 2043 αἰθέρα
401 1996 544 2032 ναίοντες
560 1998 686 2042 ὁρῶσιν
702 1997 744 2031 τὰ
759 1997 892 2043 βροτῶν
909 1994 1086 2043 οὐρανίδαι.

264 2050 303 2084 τὸ
322 2048 435 2095 σοφὸν
451 2048 479 2083 δ’
500 2048 539 2083 οὐ
556 2048 676 2094 σοφία,

265 2102 304 2137 τό
320 2115 358 2136 τε
373 2100 418 2146 μὴ
437 2100 539 2136 θνατὰ
555 2102 706 2147 φρονεῖν.

265 2153 396 2200 βραχὺς
412 2153 502 2188 αἰών·
530 2153 584 2188 ἐπὶ
600 2151 706 2201 τούτῳ
724 2153 764 2189 δέ
783 2168 834 2191 τις
856 2153 897 2189 ἂν
919 2154 1052 2201 μεγάλα
1072 2152 1199 2188 διώκων

315 2206 358 2240 τὰ
373 2205 507 2252 παρόντ’
525 2205 601 2251 οὐχὶ
618 2205 728 2252 φέροι.
1135 2217 1196 2251 395

265 2257 468 2303 μαινομένων
477 2256 547 2294 οἶδε
559 2259 676 2304 τρόποι
690 2258 743 2294 καὶ
761 2258 978 2303 κακοβούλων
990 2255 1069 2307 παρ’
1086 2259 1199 2305 ἔμοιγε

267 2311 394 2356 ἱκοίμαν
410 2311 489 2346 ποτὶ
508 2310 652 2357 Κύπρον,
861 2327 939 2358 στρ.
959 2325 1022 2357 4οο
1041 2309 1196 2360 [φωτῶν.

266 2365 372 2399 νᾶσον
388 2365 447 2400 τᾶς
462 2363 674 2409 Ἀφροδίτας,

265 2414 305 2451 ἶν’
324 2417 357 2450 οἱ
374 2415 595 2462 θελξίφρονες
611 2415 723 2461 νέμον-

267 2481 321 2502 ται
339 2467 509 2503 θνατοῖσιν
518 2466 677 2514 Ἐρωτες,

266 2521 391 2566 Πάφον
407 2517 456 2561 θ’,
473 2519 515 2555 ἂν
531 2522 749 2566 ἑκατόστομοι

266 2573 442 2619 βαρβάρου
458 2576 608 2619 ποταμοῦ
623 2572 700 2619 ῥοαὶ

267 2624 485 2671 καρπίζουσιν
500 2625 673 2671 ἄνομβροι.

1136 2583 1199 2622 405

266 2675 351 2712 ὅπου
368 2677 653 2723 καλλιστευομένα

265 2729 387 2776 Πιερία
401 2728 560 2774 μούσειος
577 2730 668 2775 ἔδρα,

268 2781 375 2826 σεμνὰ
392 2781 506 2817 κλιτὺς
523 2781 709 2826 Ὀλύμπου,

269 2832 370 2868 ἐκεῖσ’
389 2833 450 2880 ἆγε
466 2847 519 2877 με,
539 2836 662 2879 Βρόμιε
679 2834 811 2879 Βρόμιε,

267 2884 476 2931 προβακχῆιε
494 2885 611 2930 δαῖμον

268 2936 337 2972 ἐκεῖ
351 2939 496 2984 χάριτες,
515 2937 583 2972 ἐκεῖ
600 2937 637 2973 δὲ
653 2936 768 2974 πόθος·

267 2989 335 3024 έκεῖ
351 2989 387 3024 δὲ
404 2990 571 3034 βάκχαισι
587 2988 681 3034 θέμις
698 2988 717 3024 ὅ

266 3042 286 3076 ὅ
303 3041 428 3086 δαίμων
445 3042 464 3075 ὁ
484 3041 562 3078 Διὸς
577 3044 655 3078 παῖς

266 3092 376 3140 χαίρει
393 3093 454 3138 μὲν
471 3092 655 3135 θαλίαισιν,

269 3142 366 3188 φιλεῖ
383 3144 411 3180 δ’
430 3145 671 3191 ὀλβοδότειραν
688 3145 745 3181 Εἰ-

266 3195 378 3243 ρήναν,
397 3197 626 3243 κουροτρόφον
642 3196 730 3232 θεάν.

267 3247 348 3284 ἴσαν
363 3247 394 3284 δ’
413 3249 447 3285 ἔς
463 3262 501 3283 τε
518 3249 576 3284 τὸν
593 3248 713 3292 ὄλβιον

267 3301 326 3336 τόν
341 3315 379 3336 τε
394 3300 531 3347 χείρονα
547 3300 623 3335 δῶκ’
641 3301 732 3347 ἔχειν

266 3350 357 3388 οἴνου
373 3352 496 3399 τέρψιν
513 3352 652 3388 ἄλυπον·

268 3406 363 3448 μισεῖ
378 3403 407 3439 δ’
426 3402 454 3452 ᾧ
469 3404 514 3450 μὴ
531 3407 634 3440 ταῦτα
649 3404 758 3450 μέλει,

269 3457 352 3492 κατὰ
369 3458 459 3502 φάος
475 3456 591 3493 νύκτας
608 3470 645 3491 τε
662 3457 772 3502 φίλας

270 3507 408 3543 εὐαίωνα
426 3509 553 3553 διαζῆν·

272 3560 387 3607 σοφὰν
403 3559 433 3597 δ’
451 3560 588 3609 ἀπέχειν
603 3560 752 3610 πραπίδα
768 3560 876 3609 φρένα
891 3573 930 3601 τε

1138 2847 1202 2878 410

785 2989 794 3002 ‘
814 3003 874 3026 ειν.

1135 3003 1198 3055 :¹¹⁵

1136 3212 1201 3244 420

1138 3470 1198 3504 42⁵

1245 533 1312 563 ΘΕ.

1243 1421 1315 1451 ΠΕ.

1243 1947 1298 1978 ΔΙ.

1243 2052 1315 2081 ΠΕ.

1244 2105 1299 2134 ΔΙ.

1243 2157 1315 2186 ΠΕ.

1244 2210 1300 2239 ΔΙ.

1243 2262 1316 2293 ΠΕ.

1245 2316 1300 2346 ΔΙ.

1243 2368 1317 2398 ΠΕ.

1243 2474 1317 2503 ΠΕ.

1243 2524 1301 2555 ΔΙ.

1243 2577 1317 2608 ΠΕ.

1245 2682 1316 2712 ΠΕ.

1244 2734 1301 2764 ΔΙ.

1243 2786 1316 2815 ΠΕ.

1244 2838 1300 2868 ΔΙ.

1245 2890 1316 2920 ΠΕ.

1244 2943 1300 2972 ΔΙ.

1244 2995 1316 3024 ΠΕ.

1244 3047 1300 3076 ΔΙ.

1244 3099 1315 3128 ΠΕ.

1244 3149 1299 3180 ΔΙ.

1243 3203 1315 3232 HE.

1244 3255 1298 3284 ΔΙ.

1242 3306 1315 3336 ΠΕ.

1244 3359 1300 3389 ΔΙ.

1243 3412 1316 3441 ΠΕ.

1244 3463 1299 3492 ΔΙ.

1243 3515 1315 3544 ΠΕ.

2200 267 2277 316 331

1347 377 1523 420 περισσῶν
1539 387 1629 419 παρα
1646 374 1780 419 φωτῶν.

1348 426 1387 460 τὸ
1403 425 1533 471 πλῆθος
1550 423 1570 458 ὅ
1586 439 1619 459 τι
1635 426 1674 459 τὸ
1693 426 1904 473 φαυλότερον

1348 478 1484 522 ἐνόμισε
1500 477 1623 523 χρῆταί
1641 491 1690 517 τε,
1710 478 1787 512 τόδε
1804 492 1855 513 τοι
1873 478 2001 525 λέγοιμ’
2019 480 2069 515 ὅν.

1350 529 1492 571 Πενθεῦ,
1508 531 1692 576 πάρεσμεν,
1711 526 1799 573 τήνδ’
1819 530 1924 576 ἄγραν
1940 530 2148 577 ἠγρευκότες,

1347 581 1403 628 ἐφ’
1420 580 1461 626 ἣν
1477 583 1642 628 ἔπεμψας,
1662 581 1729 615 οὐδ’
1749 581 1882 628 ἄκρανθ’
1902 582 2113 629 ὡρμήσαμεν.

1347 636 1366 668 ὁ
1384 634 1447 680 θὴρ
1464 633 1493 669 δ’
1512 632 1563 669 ὅδ’
1583 633 1660 678 ἡμῖν
1675 637 1790 679 πρᾷος,
1809 633 1878 668 οὐδ’
1898 635 2075 671 ὑπέσπασε

1347 688 1441 733 φυγῇ
1458 685 1546 727 πόδ’,
1566 684 1645 721 ἀλλ’
1665 686 1786 720 ἔδωκεν
1801 682 1862 720 οὐκ
1879 686 1966 721 ἄκων
1980 689 2091 735 χέρας,

1347 738 1416 774 οὐδ’
1435 739 1554 784 ὠχρὸς,
1573 736 1642 773 οὐδ’
1661 737 1815 781 ἤλλαξεν
1831 738 1973 775 οἰνωπὸν
1989 740 2097 786 γένυν,

1345 792 1456 837 γελῶν
1473 791 1509 825 δέ
1528 791 1581 825 καὶ
1599 790 1668 824 δεῖν
1686 788 1846 836 κάπάγειν
1865 790 1992 836 ἐφίετο,

1345 843 1440 888 ἔμενέ
1456 857 1504 885 τε,
1522 842 1644 887 τούμὸν
1662 842 1818 888 εὐτρεπὲς
1834 842 2036 888 ποιούμενος.

1347 895 1438 941 κάγὼ
1456 892 1499 930 δι’
1521 894 1633 930 αἰδοῦς
1650 890 1756 937 εἷπον,
1777 894 1802 929 ὦ
1820 893 1901 938 ξέν’,
1920 895 1984 941 οὐχ
2002 897 2084 931 ἑκὼν

1344 947 1416 993 ἄγω
1434 961 1487 990 σε,
1506 945 1658 982 Πενθέως
1676 945 1718 987 δ’,
1736 945 1773 982 ὅς
1789 946 1824 991 μ’
1844 947 1984 994 ἔπεμψ’,
2003 948 2196 986 ἐπιστολαῖς

1346 999 1382 1035 ἃς
1402 997 1432 1033 δ’
1452 997 1493 1034 αὖ
1511 999 1556 1033 σὺ
1573 999 1703 1043 βάκχας
1722 995 1843 1044 εἷρξας,
1862 998 1901 1036 ἃς
1919 999 2136 1047 συνήρπασας
2183 1015 2185 1021 ’

1346 1050 1494 1095 κᾶδησας
1511 1051 1546 1085 ἐν
1563 1051 1722 1095 δεσμοῖσι
1738 1050 1911 1096 πανδήμου
1929 1053 2062 1101 στέγης,

1345 1102 1491 1150 φροῦδαί
1506 1103 1538 1149 γ’
1559 1103 1677 1138 ἐκεῖναι
1693 1102 1873 1147 λελυμέναι
1890 1105 1975 1150 πρὸς
1992 1105 2136 1152 ὀργάδας

1348 1158 1522 1202 σκιρτῶσι,
1543 1156 1684 1202 Βρόμιον
1701 1153 1960 1201 ἀνακαλούμεναι
1980 1156 2068 1194 θεόν.

1347 1208 1514 1253 αὐτόματα
1531 1206 1560 1242 δ’
1580 1207 1692 1242 αὐταῖς
1710 1208 1819 1253 δεσμὰ
1836 1207 1972 1253 διελύθη
1990 1210 2112 1250 ποδῶν,

1348 1259 1467 1304 κλῇδές
1478 1259 1508 1294 τ’
1528 1260 1651 1304 ἀνῆκαν
1668 1257 1797 1307 θύρετρ’
1816 1259 1894 1296 ἄνευ
1913 1261 2031 1306 θνητῆς
2046 1264 2157 1309 χερός.

1347 1313 1488 1347 πολλῶν
1505 1310 1534 1348 δ’
1555 1311 1602 1347 ὅδ’
1623 1311 1704 1358 ἁνὴρ
1722 1312 1897 1357 θαυμάτων
1914 1314 1983 1359 ἥκει
2000 1315 2111 1352 πλέως

1348 1365 1382 1401 ἐς
1398 1365 1503 1399 τάσδε
1521 1363 1646 1410 θήβας·
1675 1365 1732 1399 σοὶ
1750 1365 1786 1400 δὲ
1803 1364 1914 1400 τᾶλλα
1930 1367 1995 1413 χρὴ
2011 1367 2137 1412 μέλειν.

1347 1416 1495 1462 μέθεσθε
1512 1421 1638 1465 χειρῶν
1653 1415 1757 1452 τοῦδ’·
1785 1417 1822 1452 έν
1838 1418 1979 1464 ἄρκυσιν
1993 1420 2060 1466 γὰρ
2077 1419 2123 1454 ῶν

1346 1469 1406 1504 οὐκ
1423 1471 1520 1506 ἔστιν
1537 1467 1640 1506 οὕτως
1658 1470 1743 1506 ὠκὺς
1761 1469 1851 1505 ὥστε
1867 1469 1902 1516 μ’
1922 1472 2089 1518 ἐκφυγεῖν.

1346 1523 1429 1570 ἀτὰρ
1447 1523 1486 1558 τὸ
1503 1524 1564 1568 μὲν
1583 1521 1669 1568 σῶμ’
1690 1523 1749 1557 οὐκ
1766 1522 1920 1569 ἄμορφος
1938 1521 1978 1567 εἷ,
1997 1524 2082 1568 ξένε,

1347 1576 1391 1612 ὧς
1409 1576 1442 1612 ἐς
1458 1578 1623 1623 γυναῖκας,
1644 1572 1700 1621 ἐφ’
1720 1574 1802 1622 ὅπερ
1821 1576 1855 1612 ἐς
1872 1575 1988 1620 Θήβας
2004 1578 2112 1623 πάρει·

1345 1629 1517 1674 πλόκαμός
1534 1643 1571 1663 τε
1587 1629 1653 1674 γάρ
1671 1642 1735 1663 σου
1753 1628 1879 1670 ταναὸς,
1899 1628 1938 1662 οὐ
1955 1629 2065 1672 πάλης
2081 1628 2157 1676 ὕπο,
2219 1644 2257 1676 45
2261 1642 2279 1676 5

1345 1680 1443 1726 γένυν
1459 1680 1537 1724 παρ’
1558 1680 1658 1725 αὐτὴν
1675 1679 1862 1726 κεχυμένος,
1881 1680 1988 1717 πόθου
2005 1682 2125 1720 πλέως·

1346 1734 1470 1780 λευκήν
1486 1748 1522 1768 τε
1540 1734 1658 1779 χροιὰν
1676 1732 1710 1768 ἐς
1726 1734 1938 1779 παρασκευὴν
1954 1734 2053 1780 ἔχεις,

1347 1787 1412 1832 οὐχ
1429 1786 1527 1832 ἡλίου
1546 1787 1718 1828 βολαῖσιν,
1738 1783 1816 1819 ἀλλ’
1836 1786 1900 1821 ὑπὸ
1919 1789 2026 1826 σκιᾶς,

1346 1839 1407 1884 τὴν
1424 1838 1630 1886 Ἀφροδίτην
1647 1839 1794 1882 καλλονῇ
1814 1837 2010 1885 θηρώμενος.

1345 1895 1486 1938 πρῶτων
1503 1892 1563 1936 μὲν
1580 1889 1639 1925 οὖν
1656 1904 1712 1935 μοι
1730 1890 1832 1933 λέξον
1849 1890 1944 1928 ὅστις
1961 1888 1995 1926 εἷ
2007 1892 2112 1938 γένος.

1344 1946 1384 1980 οὐ
1402 1946 1526 1990 κόμπος
1544 1943 1660 1980 οὐδείς·
1688 1941 1801 1989 ῥᾴδιον
1819 1942 1847 1978 δ’
1866 1944 1969 1980 εἰπεῖν
1984 1945 2070 1979 τόδε·

1344 1998 1404 2033 τὸν
1421 1997 1591 2043 ἀνθεμώδη
1610 1998 1750 2041 Τμῶλον
1767 1993 1871 2031 οἶσθά
1887 2011 1952 2032 που
1971 1996 2090 2031 κλύων.

1344 2047 1421 2093 οἷδ’,
1441 2049 1478 2087 ὃς
1495 2052 1534 2085 τὸ
1552 2048 1704 2096 Σάρδεων
1721 2048 1807 2083 ἄστυ
1824 2050 2026 2096 περιβάλλει
2043 2047 2164 2097 κύκλῳ.

1346 2102 1497 2139 ἐντεῦθέν
1512 2102 1591 2148 εἶμι,
1610 2101 1714 2136 Λυδία
1732 2099 1770 2135 δέ
1786 2116 1842 2147 μοι
1859 2102 1988 2148 πατρίς.

1343 2154 1447 2192 πόθεν
1465 2155 1501 2190 δὲ
1518 2155 1655 2190 τελετὰς
1673 2151 1768 2188 τάσδ’
1789 2154 1879 2200 ἄγεις
1895 2154 1939 2190 εἷς
1958 2153 2107 2188 Ἐλλάδα
2121 2169 2132 2194 ,·

1346 2209 1510 2246 Διόνυσος
1527 2207 1610 2252 ἡμᾶς
1629 2205 1782 2250 εῖσέβησ’
1803 2208 1822 2240 ὁ
1839 2209 1898 2241 τοῦ
1917 2208 2005 2243 Διός.

1346 2261 1426 2298 Ζεύς
1443 2260 1472 2296 δ’
1492 2260 1560 2296 ἔστ’
1582 2260 1648 2294 ἐκεῖ
1665 2272 1724 2299 τις,
1743 2257 1780 2294 ὃς
1798 2258 1889 2295 νέους
1905 2258 2007 2293 τίκτει
2025 2256 2143 2299 θεοῦςς

1345 2314 1418 2355 οὐκ,
1436 2313 1515 2348 ἀλλ’
1536 2314 1554 2346 ὁ
1572 2312 1718 2356 Σεμέλην
1735 2310 1850 2346 ἐνθάδε
1869 2309 1984 2354 ζεύξας
1996 2311 2126 2357 γάμοις.

1346 2369 1474 2414 πότερα
1491 2366 1527 2400 δὲ
1545 2364 1670 2411 νύκτωρ
1690 2363 1723 2398 σ’
1742 2363 1762 2408 ἢ
1781 2362 1849 2398 κατ’
1869 2362 1947 2409 ὄμμ’
1965 2362 2172 2411 ἦνάγκασεν;

1345 2421 1433 2466 ὁρῶν
1450 2420 1588 2465 ὁρῶντα,
1607 2418 1661 2451 καὶ
1678 2416 1816 2451 δίδωσιν
1833 2415 1941 2463 ὄργια.

1344 2472 1387 2506 τὰ
1405 2469 1433 2505 δ’
1453 2470 1538 2517 ὄργι’
1560 2469 1635 2504 ἐστὶ
1651 2468 1710 2504 τίν’
1731 2468 1820 2503 ἰδέαν
1836 2468 1957 2514 ἔχοντά
1975 2483 2053 2509 σοι,-

1346 2521 1460 2570 ἄρρητ’
1481 2519 1740 2567 ἀβακχεύτοισιν
1757 2520 1876 2556 εἰδέναι
1891 2522 2035 2568 βροτῶν.

1344 2578 1416 2621 ἔχει
1433 2574 1461 2610 δ’
1481 2575 1597 2618 ὄνησιν
1612 2575 1704 2609 τοῖσι
1722 2571 1860 2608 θύουσιν
1876 2574 1970 2614 τίνα,-

1345 2629 1385 2664 οὐ
1403 2627 1495 2672 θέμις
1513 2625 1654 2661 ἀκοῦσαί
1671 2624 1720 2669 σ’,
1740 2625 1815 2660 ἔστι
1832 2624 1861 2660 δ’
1879 2625 1945 2669 ἄξι’
1965 2625 2093 2662 εἰδέναι.

1345 2679 1383 2716 εὖ
1399 2678 1488 2715 τοῦτ’
1509 2678 1762 2723 ἐκιβδήλευσας,
1780 2676 1822 2713 ἵν’
1841 2677 1983 2713 ἀκοῦσαι
2000 2678 2099 2713 θελω.

1346 2731 1506 2775 ἀσέβειαν
1523 2730 1678 2766 ἀσκοῦντ’
1696 2730 1781 2777 ὄργι’
1800 2729 1948 2777 ἐχθαίρει
1965 2729 2054 2765 θεοῦ.

1344 2786 1402 2820 τὸν
1419 2783 1496 2818 θεὸν
1513 2784 1593 2829 ὁρᾶν
1609 2784 1674 2829 γὰρ
1692 2782 1760 2828 φῂς
1778 2783 1910 2828 σαφῶς,
1927 2784 2022 2819 ποῖός
2038 2796 2088 2820 τις
2104 2781 2165 2827 ἧν,·

1347 2837 1461 2873 ὁποῖος
1478 2834 1586 2880 ἤθελ’·
1614 2834 1674 2869 οὐκ
1691 2835 1757 2882 ἐγὼ
1775 2833 1917 2870 ’τασσον
1932 2836 2020 2871 τόδε.

1343 2887 1431 2924 τοῦτ’
1450 2886 1491 2922 αὐ
1507 2886 1767 2933 παρωχέτευσας
1785 2885 1833 2927 εὖ,
1853 2887 1967 2923 κούδὲν
1983 2887 2102 2934 λέγων.

1345 2940 1437 2984 δόξει
1448 2954 1499 2976 τις
1515 2938 1637 2984 ἀμαθεῖ
1653 2940 1749 2985 σοφὰ
1767 2940 1877 2986 λέγων
1894 2940 1954 2975 οὐκ
1971 2937 2008 2973 εὖ
2024 2940 2162 2986 φρονεῖν
2216 2944 2278 2983 480

1343 2991 1446 3037 ἦλθες
1462 2992 1499 3026 δὲ
1515 2995 1632 3038 πρῶτα
1649 2990 1736 3039 δεῦρ’
1754 2991 1845 3038 ἅγων
1860 2992 1919 3027 τὸν
1936 2991 2073 3036 δαίμονα
2086 3006 2098 3032 ‚-

1343 3046 1409 3080 πᾶς
1425 3042 1620 3090 ἀναχορεύει
1636 3044 1820 3090 βαρβάρων
1836 3042 1908 3079 τάδ’
1929 3043 2037 3090 ὄργια.

1343 3096 1511 3143 φρονοῦσι
1527 3097 1593 3143 γὰρ
1610 3097 1722 3131 κάκιον
1737 3094 1911 3140 Ἑλλήνων
1926 3094 2027 3132 πολύ.

1343 3146 1416 3182 τάδ’
1435 3146 1473 3182 εὖ
1488 3162 1529 3195 γε
1545 3149 1687 3193 μᾶλλον·
1714 3149 1747 3183 οἱ
1765 3150 1858 3192 νόμοι
1876 3148 1913 3183 δὲ
1931 3149 2100 3193 διάφοροι.

1342 3201 1384 3235 τὰ
1402 3199 1430 3234 δ’
1449 3200 1505 3247 ἱρὰ
1523 3200 1649 3247 νύκτωρ
1664 3199 1684 3245 ἢ
1702 3199 1777 3245 μεθ’
1796 3199 1920 3246 ἡμέραν
1932 3201 2062 3239 τελεῖςς

1344 3250 1470 3298 νύκτωρ
1486 3252 1529 3287 τὰ
1545 3252 1670 3287 πολλά·
1699 3252 1871 3297 σεμνότητ’
1891 3253 1961 3297 ἔχει
1979 3253 2112 3288 σκότος.

1341 3303 1429 3337 τοῦτ’
1448 3305 1482 3340 ἐς
1497 3306 1652 3350 γυναῖκας
1669 3304 1783 3339 δόλιόν
1799 3304 1875 3339 ἐστι
1892 3304 1946 3339 καὶ
1963 3303 2099 3350 σαθρόν.

1346 3355 1405 3390 κάν
1421 3354 1526 3402 ἡμέρᾳ
1541 3356 1581 3390 τό
1597 3355 1629 3402 γ’
1648 3355 1792 3402 αἰσχρὸν
1809 3355 1939 3402 ἐξεύροι
1955 3369 2006 3392 τις
2022 3355 2074 3390 ὅν.

1344 3406 1437 3451 δίκην
1454 3421 1496 3442 σε
1514 3407 1626 3445 δοῦναι
1643 3408 1694 3443 δεῖ
1712 3409 1936 3454 σοφισμάτων
1954 3410 2068 3442 κακῶν.

1345 3459 1387 3493 σὲ
1405 3457 1433 3493 δ’
1452 3458 1592 3504 ἀμαθίας
1608 3474 1649 3506 γε
1669 3459 1867 3502 κάσεβοῦντ’
1883 3461 1917 3496 ἐς
1929 3461 1988 3494 τὸν
2004 3458 2091 3494 θεόν.

1343 3510 1388 3546 ὣς
1405 3509 1531 3557 θρασὺς
1548 3513 1567 3545 ὁ
1583 3512 1714 3556 βάκχος
1731 3511 1811 3546 κούκ
1827 3511 2038 3559 ἀγύμναστος
2053 3512 2177 3558 λόγων.

1341 3560 1411 3608 εἴφ’
1431 3561 1451 3598 ὅ
1467 3575 1500 3598 τι
1516 3561 1635 3598 παθεῖν
1651 3563 1712 3599 δεῖ·
1738 3563 1772 3599 τί
1788 3578 1831 3610 με
1846 3564 1886 3600 τὸ
1903 3563 2010 3602 δεινὸν
2026 3563 2186 3613 ἐργάσεις

2219 441 2280 473 4³0

2218 598 2278 632 ⁴³5

2216 859 2281 891 440

2218 1118 2279 1151 445

2217 1380 2281 1413 450

2218 1897 2282 1938 460

2218 2157 2277 2199 465

2218 2429 2280 2461 470

2217 2691 2276 2723 475

2217 3204 2277 3244 485

2217 3470 2277 3504 490
