2488 3860
149 369 206 398 ΚΙ.

147 421 224 451 ΜΥ.

148 473 207 503 ΚΙ.

147 577 223 607 ΜΥ.

147 681 206 711 ΚΙ.

146 733 222 764 ΜΥ.

146 837 192 866 ΚῙ

147 994 223 1024 ΜΥ.

147 1047 224 1076 ΜΥ.

147 1150 204 1179 ΚΙ.

147 1254 222 1283 ΜΥ.

147 1306 222 1335 ΜΥ.

150 1358 226 1388 ΜΥ.

148 1463 203 1492 ΚΙ.

147 1515 205 1544 ΚΙ.

147 1566 223 1596 ΜΥ.

147 1671 222 1700 ΜΥ.

147 1723 222 1752 ΜΥ.

148 1775 224 1804 ΜΥ.

147 890 221 919 ΜΥ.

1003 265 1389 308 ΑΎΣΙΣΤΡΑΤΗ.

253 363 299 399 εἷς
319 363 377 408 ἐμὲ
394 362 564 410 τρέποιτο·
584 363 686 408 μηδὲν
703 362 803 410 ὅρκου
820 364 1018 412 φροντίσῃς.

252 415 337 462 φέρε
353 429 411 451 νυν
427 415 548 462 ἐνέγκω
566 415 726 451 κλινίδιον
743 418 818 464 νῷν.

879 469 1046 514 μηδαμῶς.

250 519 344 567 ἀρκεῖ
358 520 464 566 χαμαὶ
481 520 556 568 νῷν.

636 573 682 617 μὰ
699 573 757 607 τὸν
773 572 933 608 Ἀπόλλω
951 572 995 618 μή
1015 570 1049 608 σ’
1067 573 1144 618 ἐγὼ,

248 624 366 671 καίπερ
382 627 535 659 τοιοῦτον
552 623 641 664 ὄντα,
662 627 845 660 κατακλινῶ
862 626 982 670 χαμαί.

249 676 272 721 ἧ
286 690 339 711 τοι
355 676 437 723 γυνὴ
455 677 555 722 φιλεῖ
569 691 622 720 με,
643 676 727 721 δήλη
745 676 833 712 ’στὶν
851 679 971 713 καλῶς.

251 728 335 768 ι’δοὺ,
356 728 521 763 κατάκεισ’
540 727 665 764 ἀνύσας
683 737 728 775 τι·
757 730 846 776 κάγὼ
862 728 1012 774 ’κδύομαι

248 780 365 821 καίτοι,
384 781 423 815 τὸ
441 781 542 821 δεῖνα,
561 781 687 827 ψίαθός
705 780 775 816 ἐστ’
795 782 962 825 ἐξοιστέα.

247 832 327 868 ποία
343 832 494 879 ψίαθος;
522 831 566 878 μή
585 833 644 878 μοί
659 848 711 880 γε.

687 886 724 930 νὴ
742 886 802 929 τὴν
811 884 983 931 ''Am-epm,

247 937 392 984 αἶσχρὸν
407 938 473 985 γὰρ
491 938 546 973 ἐπὶ
562 939 659 973 τόνου
676 953 728 984 γε.
767 943 822 972 KI.
843 938 899 974 δός
915 938 973 982 μοί
990 951 1047 972 νυν
1064 935 1177 972 κύσαι.

252 988 337 1025 ἰδού.
392 995 451 1026 ΚΙ.
479 991 642 1034 παπαιάξ.
670 989 730 1035 ἧκέ
745 1004 802 1024 νυν
819 989 946 1035 ταχέως
962 990 1061 1025 πάνυ.

250 1041 323 1076 ἰδοὺ
339 1041 478 1088 ψίαθος·
508 1043 696 1083 κατάκεισο,
716 1043 769 1077 καὶ
787 1042 826 1086 δὴ
844 1040 1005 1086 ’κδύομαι.

249 1094 366 1134 καίτοι,
385 1095 424 1129 τὸ
443 1096 543 1135 δεῖνα,
562 1095 841 1139 προσκεφάλαιον
858 1094 917 1128 οὐκ
935 1095 1035 1139 ἔχεις.

249 1145 327 1180 ἀλλ’
346 1146 423 1181 οὐδὲ
442 1145 533 1191 δέομ’
550 1147 668 1192 ἔγωγε.
723 1150 798 1179 ΜΥ.
819 1144 855 1188 νὴ
875 1142 930 1178 Δί’
951 1143 1027 1178 ἀλλ’
1048 1143 1124 1189 ἐγώ.

252 1197 329 1231 ἀλλ’
347 1196 367 1242 ἢ
385 1198 423 1231 τὸ
440 1197 521 1233 πέος
537 1196 605 1232 τόδ’
622 1197 792 1243 “Ηρακλῆς
810 1197 982 1240 ξενίζεται.

249 1248 416 1289 ἀνίστασ’,
436 1248 660 1294 ἀναπήδησον.
717 1255 775 1283 ΚΙ.
804 1249 864 1293 ἤδη
882 1247 976 1283 πάντ’
995 1249 1075 1294 ἕχω.

248 1301 375 1336 ἅπαντα
393 1302 474 1346 δῆτα
485 1314 495 1342 ;
550 1307 607 1336 ΚΙ.
637 1302 734 1347 δεῦρό
753 1315 820 1341 νυν,
841 1300 866 1334 ὦ
883 1298 1039 1347 χρύσιον.

252 1354 290 1387 τὸ
308 1354 475 1400 στρόφιον
491 1354 552 1398 ἤδη
569 1352 704 1398 λύομαι.
733 1354 883 1398 μέμνησό
900 1361 968 1387 νυν·

248 1404 292 1450 μή
310 1405 344 1450 μ’
363 1404 574 1450 ἐξαπατήσῃς
590 1406 632 1440 τὰ
648 1406 724 1452 περὶ
741 1409 807 1440 τῶν
825 1406 1026 1451 διαλλαγῶν.

250 1457 287 1501 νὴ
306 1456 362 1492 Δί’
381 1458 568 1503 ἀπολοίμην
583 1457 659 1503 ἆρα.
714 1463 789 1492 ΜΥ.
820 1456 965 1501 σισύραν
982 1457 1041 1492 οὐκ
1059 1458 1159 1502 ἔχεις.

250 1510 296 1554 μὰ
313 1509 368 1544 Δί’
387 1509 464 1545 οὐδὲ
482 1509 599 1554 δέομαί
615 1511 657 1554 γ’,
677 1509 767 1544 ἀλλὰ
783 1510 888 1551 βινεῖν
904 1507 1083 1552 βούλομαι.

249 1562 375 1605 ἀμέλει,
394 1559 546 1606 ποιήσεις
562 1563 672 1595 τοῦτο·
702 1560 788 1605 ταχὺ
803 1560 869 1606 γὰρ
888 1560 1038 1604 ἔρχομαι.

250 1613 422 1660 ἅνθρωπος
439 1613 607 1660 ἐμιτρίψει
624 1628 665 1658 με
683 1613 736 1647 διὰ
753 1612 794 1646 τὰ
813 1612 1004 1658 στρώματα.

248 1667 360 1712 ἔπαιρε
378 1668 515 1701 σαυτόν.
570 1671 627 1700 ΚΙ.
655 1664 732 1699 ἀλλ’
753 1665 889 1710 ἐπῇρται
907 1666 1005 1698 τοῦτό
1022 1679 1074 1710 γε.

247 1717 368 1760 βούλει
384 1718 515 1765 μυρίσω
530 1731 592 1758 σε;
622 1723 680 1751 ΚΙ.
700 1717 746 1762 μὰ
759 1718 817 1751 τὸν
832 1715 993 1750 Ἀπόλλω
1010 1715 1054 1761 μή
1073 1715 1116 1761 μέ
1125 1730 1177 1762 γε.

249 1770 286 1814 νὴ
305 1771 364 1814 τὴν
379 1769 597 1817 Ἀφροδίτην,
616 1772 656 1814 ἤν
673 1784 709 1804 τε
727 1767 836 1813 βούλῃ
855 1768 886 1815 γ’
906 1770 945 1812 ἤν
963 1782 998 1803 τε
1016 1767 1073 1813 μή.

1118 742 1180 774 920

1115 1042 1176 1086 92'5

1117 1313 1180 1345 930

1119 1574 1177 1606 935

150 1828 208 1857 ΚΙ.
251 1820 314 1856 εἴθ’
334 1822 487 1868 ἐκχυθείη
505 1823 543 1857 τὸ
560 1821 675 1867 μύρον,
696 1821 722 1855 ὦ
739 1824 801 1855 Ζεῦ
819 1821 979 1855 δέσποτα.
1118 1835 1178 1866 940

148 1879 230 1910 MY:
250 1875 400 1920 πρότεινέ
417 1890 475 1910 νυν
490 1875 550 1919 τὴν
567 1876 664 1920 χεῖρα
681 1873 844 1918 κάλείφου
860 1874 986 1915 λαβών.

148 1931 207 1960 ΚΙ.
249 1927 312 1971 οὐχ
329 1925 392 1970 ἡδὺ
408 1927 447 1967 τὸ
463 1926 568 1972 μύρον
583 1927 631 1971 μὰ
647 1926 704 1960 τὸν
720 1925 877 1960 Ἀπόλλω
895 1926 1039 1970 τουτογὶ,

251 1976 280 2010 εἶ
296 1976 341 2020 μὴ
360 1976 582 2022 διατριπτικόν
598 1991 649 2023 γε,
669 1977 747 2010 κούκ
766 1976 842 2018 ὄζον
858 1977 979 2022 γάμων.

149 2033 224 2062 ΜΥ.
250 2027 376 2062 τάλαιν’
397 2028 474 2074 ἐγὼ,
493 2029 531 2063 τὸ
548 2027 676 2063 Ῥόδιον
693 2030 831 2073 ἤνεγκον
848 2026 962 2071 μύρον.

148 2085 207 2114 ΚΙ.
248 2079 382 2126 ἀγαθόν·
413 2081 526 2120 ἔασον,
546 2080 571 2115 ὦ
589 2079 750 2124 δαιμονία.
806 2084 880 2114 ΜΥ.
907 2081 1019 2124 ληρεῖς
1036 2079 1131 2123 ἔχων.

149 2137 207 2166 ΚΙ.

149 2189 225 2220 ΜΥ.

150 2241 207 2270 ΚΙ.

152 2397 226 2428 ΜΥ.

156 2972 212 3000 XO

160 3388 216 3416 ΚΙ.

160 3438 216 3468 XO

159 3543 229 3573 XO·
258 3544 323 3573 ΓΥ.
350 3539 397 3584 μὰ
415 3538 472 3574 Δί’
492 3539 582 3574 ἀλλὰ
599 3538 685 3585 φίλη
705 3538 757 3572 καὶ
774 3537 997 3582 παγγλυκερά.

249 2131 376 2167 κάκιστ’
395 2131 552 2167 ἀπόλοιθ’
572 2135 590 2167 ὁ
608 2136 740 2179 πρῶτον
757 2130 892 2178 ἑψήσας
908 2130 1024 2176 μύρον.
1118 2131 1183 2174 946

250 2185 338 2227 λαβὲ
355 2184 451 2220 τόνδε
467 2184 526 2219 τὸν
542 2184 750 2219 ἀλάβαστον.

773 2234 850 2270 ἀλλ’
870 2234 982 2281 ἕτερον
999 2234 1079 2279 ἔχω.

251 2288 328 2324 ἀλλ’
348 2287 374 2337 ᾧ
394 2288 475 2335 ζυρὰ
492 2288 668 2323 κατάκεισο
687 2288 740 2323 καὶ
755 2286 800 2333 μή
818 2301 875 2333 μοι
893 2287 978 2333 φέρε

251 2341 363 2386 μηδέν.

383 2392 515 2439 ποιήσω
532 2396 635 2429 ταῦτα
652 2394 690 2439 νὴ
708 2393 767 2438 τὴν
775 2392 948 2438 ''Ap-repam.

254 2444 441 2491 ὑπολύομαι
457 2449 551 2493 γοῦν.
579 2446 656 2481 ἀλλ’
676 2445 776 2489 ὅπως,
797 2445 822 2480 ὦ
841 2445 996 2491 φίλτατε,

256 2499 404 2535 σπονδὰς
421 2498 591 2534 ποιεῖσθαι
607 2499 746 2545 ψηφιεῖ.

777 2548 1022 2594 βουλεύσομαι.

255 2602 468 2638 ἀπολώλεκέν
484 2618 526 2648 με
544 2603 778 2649 κάπιτέτριφεν
795 2602 814 2646 ἡ
832 2602 926 2648 γυνὴ,

255 2656 297 2689 τά
314 2654 342 2690 τ’
361 2655 451 2690 ἄλλα
467 2656 574 2690 πάντα
592 2654 805 2701 κάποδείρασ’
825 2652 964 2700 οἴχεται.

255 2705 343 2751 οἴμοι
360 2708 394 2742 τί
409 2707 526 2747 πάθω;
555 2708 627 2742 τίνα
643 2706 786 2751 βινήσω,

254 2761 312 2803 τῆς
330 2759 514 2804 καλλίστης
530 2762 649 2794 πασῶν
665 2758 830 2805 ψευσθείς
844 2772 851 2797 ;

255 2815 325 2847 πῶς
342 2812 476 2856 ταυτηνὶ
492 2810 757 2857 παιδοτροφήσω
770 2823 779 2850 ;

255 2865 320 2898 ποῦ
339 2863 569 2907 Κυναλώπηξ;
630 2871 633 2874 “

254 2915 431 2959 μίσθωσόν
447 2929 505 2960 μοι
522 2915 581 2959 τὴν
598 2913 722 2959 τιτθήν.

217 2993 225 3001 .
246 2972 311 3002 ΓΕ.
341 2968 376 3002 ἐν
394 2968 490 3015 δεινῷ
504 2966 550 3013 γ’,
571 2966 596 3000 ὦ
614 2965 767 3010 δύστηνε,
788 2970 873 3014 κακῷ

256 3020 355 3066 τείρει
372 3019 491 3066 ψυχὴν
508 3019 735 3062 ἐξαπατηθείς.

257 3071 377 3118 κᾶγωγ’
396 3070 545 3115 οἰκτείρω
564 3070 611 3113 σ’,
628 3071 708 3105 αἶαῖ.

256 3125 353 3159 ποῖος
372 3124 438 3170 γὰρ
456 3122 496 3157 ἂν
513 3121 533 3166 ἢ
553 3121 678 3167 νέφρος
695 3121 861 3166 ἀντίσχοι,

257 3175 337 3209 ποία
353 3173 465 3220 ψυχὴ,
485 3175 576 3208 ποῖοι
594 3172 622 3207 δ’
641 3172 763 3219 ὄρχεις,

257 3227 337 3261 ποία
354 3225 383 3261 δ’
402 3223 538 3271 ὀσφύς;
565 3226 660 3260 ποῖος
677 3225 717 3259 ἂν
733 3223 833 3272 ὄρρος

256 3280 535 3322 κατατεινόμενος,

259 3330 312 3364 καὶ
328 3330 372 3375 μὴ
389 3331 493 3372 βινῶν
509 3328 587 3364 τοὺς
604 3327 755 3375 ὄρθρους.

259 3381 284 3416 ὦ
302 3384 376 3422 Ζεῦ,
396 3382 510 3416 δεινῶν
526 3381 778 3425 ἀντισπασμῶν.

221 3460 229 3468 .
249 3439 315 3468 ΓΕ.
344 3434 438 3468 ταυτὶ
455 3433 566 3478 μέντοι
584 3432 654 3467 νυνί
672 3431 706 3467 ‹r’
725 3431 856 3476 ἐποίησ’

261 3485 281 3529 ἡ
299 3486 520 3531 παμβδελυρὰ
537 3485 591 3519 καὶ
607 3486 824 3529 παμμυσαρά.

1118 2455 1181 2489 950

1120 2770 1178 2802 955

1121 3024 1183 3063 960

1122 3283 1181 3324 965

1221 839 1296 870 ΚΗ.

1219 942 1275 972 ΚΙ.

1220 994 1296 1024 ΚΗ.

1220 1100 1262 1129 KI
1268 1119 1276 1126 .

1220 1151 1295 1180 KH.

1219 1203 1274 1231 ΚΙ.

1223 1361 1299 1391 ΚΗ.

1222 1467 1297 1496 ΚΗ.

1221 1519 1275 1548 ΚΙ.

1222 1573 1245 1600 Κ
1252 1573 1275 1600 Ι.

1222 1726 1293 1755 KH.

1205 1826 1275 1860 ’ΚΙ.

1224 2140 1280 2170 ΚΙ.

1222 2193 1296 2222 ΚΗ.

1220 2923 1290 2952 ΧΟ.

1220 3027 1290 3056 ΧΟ.

1220 3080 1290 3108 ΧΟ.

1221 3235 1291 3264 ΧΟ.

1221 3339 1292 3368 ΧΟ.

1123 3549 1185 3583 970
1220 3545 1293 3576 XO.

1118 375 1179 410 915
1225 369 1295 398 ΧΟ.
1317 370 1383 399 ΓΕ.
1411 366 1492 400 ποία
1509 366 1676 411 γλυκερά;

1325 418 1428 464 μιαρὰ
1443 418 1546 464 μιαρὰ
1563 418 1646 463 δῆτ’.
1676 418 1702 453 ὦ
1719 421 1781 453 Ζεῦ
1799 422 1872 459 Ζεῦ,

1326 467 1391 504 εἴθ’
1409 470 1521 515 αὐτὴν,
1541 471 1657 517 ὥσπερ
1675 470 1752 507 τοὺς
1770 472 1910 516 θωμοὺς,

1323 523 1460 569 μεγάλῳ
1477 523 1576 570 τυφῷ
1594 524 1646 558 Καὶ
1662 526 1831 569 πρηστῆρι

1324 573 1521 621 ξυστρέψας
1539 575 1593 610 καὶ
1610 575 1883 622 ξυγγογγυλίσας

1323 623 1432 671 οἴχοιο
1451 628 1576 673 φέρων,
1596 625 1667 662 εἶτα
1684 627 1828 672 μεθείης,

1322 677 1342 722 ἡ
1361 679 1397 712 δὲ
1417 675 1548 725 φέροιτ’
1567 678 1609 714 αὖ
1625 681 1729 715 πάλιν
1746 680 1793 717 εἷς
1810 682 1869 725 τὴν
1885 682 1958 727 γῆν,

1322 727 1390 776 κᾷτ’
1412 731 1571 776 ἐξαίφνης

1321 783 1398 828 περὶ
1415 783 1474 828 τὴν
1490 784 1616 830 ψωλὴν
1632 785 1801 831 περιβαίη.

1319 837 1367 869 πᾶ
1384 837 1444 870 τᾶν
1460 835 1607 871 Ἀσανᾶν
1624 837 1718 872 ἐστιν
1735 840 1756 872 ἁ
1771 837 1893 884 γερωία

1321 886 1342 930 ἦ
1360 888 1413 921 τοὶ
1429 890 1624 931 πρυτάνιες;
1652 891 1703 924 λῶ
1721 904 1753 924 τι
1770 890 1909 934 μυσίξαι
1927 889 2012 924 νέον.

1321 938 1367 973 σὺ
1386 937 1413 972 δ’
1434 934 1468 972 εἶ
1480 939 1624 983 πότερον
1640 938 1825 985 ἅνθρωπος,
1844 938 1864 983 ἢ
1884 940 2093 981 Κονίσαλος;

1320 989 1424 1034 κᾶρυξ
1443 990 1538 1036 ἐγὼν,
1558 990 1584 1024 ὦ
1602 993 1770 1037 κυρσάνιε,
1791 991 1842 1026 ναὶ
1859 992 1905 1025 τὼ
1924 993 1988 1026 σιὼ

1320 1042 1444 1087 ἔμολον
1460 1042 1525 1077 ἀπὸ
1543 1044 1694 1089 Σπάρτας
1711 1044 1786 1089 περὶ
1805 1045 1864 1078 τᾶν
1882 1044 2079 1088 διαλλαγᾶν.

1318 1093 1456 1129 κᾶπειτα
1474 1095 1556 1141 δόρυ
1574 1095 1648 1140 δῆθ’
1667 1095 1732 1130 ὑπὸ
1750 1095 1858 1140 μάλης
1875 1094 1962 1139 ἥκεις
1980 1094 2086 1140 ἕχων;

1318 1146 1357 1180 οὐ
1375 1147 1433 1180 τὸν
1451 1144 1506 1179 Δί’
1525 1146 1584 1180 οὐκ
1602 1147 1739 1193 ἐγώνγα.

1780 1201 1841 1234 ποῖ
1855 1199 2080 1246 μεταστρέφει
2092 1213 2102 1240 ;

1322 1251 1354 1285 τί
1373 1251 1412 1295 δὴ
1430 1252 1620 1297 προβάλλει
1638 1252 1697 1297 τὴν
1712 1251 1879 1298 χλαμύδ’;
1908 1251 1927 1296 ἢ
1945 1254 2134 1298 βουβωνιᾷς

1322 1303 1386 1338 ὑπὸ
1403 1305 1462 1348 τῆς
1479 1304 1559 1339 ὁδοῦ
1571 1317 1581 1344 ;

2196 590 2255 622 92'5

2193 844 2254 880 980

2193 1102 2250 1140 985

1660 1359 1788 1403 παλεόρ
1805 1373 1849 1403 γα
1867 1359 1919 1392 ναὶ
1936 1359 1994 1393 τὸν
2012 1358 2173 1404 Κάστορα

1322 1408 1511 1455 ὥνθρωπος.
1566 1415 1621 1444 ΚΙ.
1650 1409 1725 1444 ἀλλ’
1745 1410 1896 1446 ἔστυκας.
1918 1407 1944 1442 ὦ
1960 1410 2160 1454 μιαρώτατε.

1326 1462 1364 1494 οὐ
1383 1462 1440 1495 τὸν
1458 1461 1512 1495 Δί’
1532 1462 1591 1496 οὐκ
1610 1462 1748 1506 ἐγώνγα·
1777 1461 1851 1505 μηδ’
1870 1460 1912 1496 αὖ
1928 1461 2085 1506 πλαδδίη.

1323 1512 1356 1546 τί
1374 1509 1404 1546 δ”
1423 1511 1499 1546 ἐστί
1517 1526 1574 1546 σοι
1591 1513 1664 1546 τοδί
1674 1524 1684 1552 ;
1730 1517 1805 1546 ΚΗ.
1833 1511 1983 1546 σκυτάλα
2002 1513 2179 1547 Λακωνικά.

1325 1562 1417 1610 ε’ίπερ
1435 1579 1474 1611 γε
1491 1566 1596 1610 χαῦτη
1617 1562 1688 1600 ’στὶ
1707 1565 1855 1608 σκυτάλη
1874 1562 2058 1608 Λακωνική.

1321 1614 1399 1650 ἀλλ’
1419 1616 1462 1651 ὧς
1478 1616 1562 1661 πρὸς
1578 1615 1677 1650 εἰδότ’
1697 1614 1753 1659 ἐμὲ
1774 1614 1818 1649 σὺ
1836 1613 1961 1658 τάληθῆ
1979 1614 2071 1660 λέγε.

1320 1668 1353 1702 τί
1370 1668 1411 1702 τὰ
1428 1664 1601 1714 πράγμαθ’
1620 1666 1696 1711 ὑμῖν
1714 1667 1788 1700 ἐστι
1805 1666 1866 1700 τάν
1884 1665 2123 1709 Λακεδαίμονι;

1324 1721 1413 1766 ὀρσὰ
1431 1719 1641 1764 Λακεδαίμων
1657 1720 1726 1753 πᾶα
1744 1719 1796 1752 καὶ
1814 1718 1866 1752 τοὶ
1885 1716 2056 1763 σύμμαχοι

1321 1773 1462 1808 ἅπαντες
1480 1770 1664 1806 ἐστύκαντι·
1693 1771 1870 1806 Πελλάνας
1887 1771 1923 1805 δὲ
1941 1771 2002 1804 δεῖ.

1323 1824 1389 1860 ἀπὸ
1407 1827 1467 1860 τοῦ
1485 1824 1522 1859 δὲ
1540 1824 1632 1859 τουτὶ
1650 1825 1689 1860 τὸ
1708 1823 1806 1858 κακὸν
1822 1823 1899 1868 ὑμῖν
1918 1822 2075 1858 ἐνέπεσεν
2089 1837 2098 1865 ;

1323 1877 1388 1911 ἀπὸ
1406 1876 1516 1910 Πανός
1531 1887 1539 1914 ;

1557 1926 1626 1965 οὒκ,
1647 1926 1725 1960 ἀλλ’
1743 1925 1856 1972 ἆρχεν,
1876 1927 1946 1966 οἶῶ,
1967 1927 2133 1973 Λαμπιτὼ,

1320 1980 1434 2014 ἔπειτα
1452 1979 1574 2014 τᾶλλαι
1592 1978 1645 2012 ταὶ
1658 1978 1739 2011 κατὰ
1757 1978 1909 2023 Σπάρταν
1926 1978 1993 2022 ἅμα

1319 2033 1470 2077 γυναῖκες
1486 2028 1570 2077 ᾇπερ
1588 2030 1653 2064 ἀπὸ
1670 2031 1747 2074 μιᾶς
1764 2029 1973 2075 ὑσπλαγίδος

1320 2082 1475 2126 ἀπήλααν
1488 2083 1552 2118 τὼς
1569 2081 1688 2128 ἄνδρας
1706 2082 1771 2117 ἀπὸ
1788 2084 1854 2116 τῶν
1870 2082 2042 2116 ὑσσάκων.

1321 2137 1391 2171 πῶς
1408 2133 1466 2169 οῦν
1483 2135 1597 2179 ἕχετε;

2182 1475 2245 1507 990

2187 1732 2245 1762 995

2174 2042 2251 2063 1000

1684 2186 1854 2232 μογίομες.
1883 2186 1923 2220 ἂν
1939 2186 2004 2231 γὰρ
2022 2185 2083 2220 τὰν
2098 2186 2199 2220 πόλιν

1319 2237 1404 2286 ᾇπερ
1421 2238 1705 2285 λυχνοφορίοντες
1723 2237 1974 2284 ἐπικεκύφαμες.

1321 2292 1375 2327 ταὶ
1391 2292 1456 2338 γὰρ
1473 2293 1623 2338 γυναῖκες
1640 2291 1716 2325 οὐδὲ
1734 2294 1780 2324 τῶ
1797 2288 1909 2334 μύρτω
1928 2291 2028 2336 σιγῆν

1322 2345 1426 2384 ἐῶντι,
1446 2344 1524 2390 πρίν
1541 2344 1573 2388 χ’
1591 2342 1732 2378 ἅπαντες
1749 2341 1787 2384 ἐξ
1805 2340 1878 2376 ἑνὸς
1893 2343 1987 2387 λόγω

1323 2396 1471 2432 σπονδὰς
1487 2394 1729 2439 ποιησώμεσθα
1746 2394 1872 2429 ποττὰν
1887 2392 2050 2429 Ἐλλάδα.
2065 2388 2079 2418 Ὗ

1321 2449 1413 2484 τουτὶ
1431 2449 1470 2483 τὸ
1486 2449 1624 2493 πρᾶγμα
1640 2446 1848 2491 πανταχόθεν
1865 2446 2094 2490 ξυνομώμοται

1321 2500 1386 2535 ὑπὸ
1403 2503 1469 2534 τῶν
1484 2500 1657 2545 γυναικῶν·
1686 2496 1760 2543 ἄρτι
1779 2498 1848 2532 νυνὶ
1864 2498 2030 2541 μανθάνω.

1321 2551 1399 2587 ἀλλ’
1419 2552 1463 2588 ὣς
1479 2552 1625 2596 τάχιστα
1642 2550 1751 2595 φράζε
1767 2550 1844 2596 περὶ
1862 2549 2054 2594 διαλλαγῶν

1321 2605 1562 2650 αὐτοκράτορας
1579 2601 1741 2648 πρέσβεις
1758 2601 1965 2646 ἀποπέμπειν
1982 2601 2104 2636 ἐνθαδί.

1322 2657 1386 2703 ἐγὼ
1407 2655 1436 2691 δ’
1455 2656 1585 2701 ἑτέρους
1603 2653 1732 2688 ἐνθένδε
1750 2654 1790 2698 τῇ
1806 2654 1917 2698 βουλῇ
1934 2654 2060 2700 φράσω

1321 2708 1484 2752 πρέσβεις
1501 2706 1651 2745 ἑλέσθαι,
1671 2707 1710 2740 τὸ
1727 2706 1808 2742 πέος
1826 2706 1991 2749 ἐπιδείξας
2008 2706 2093 2741 τοδί.

2173 2354 2248 2385 ¹005

2172 2615 2251 2636 1010

1289 2788 1296 2795 .
1323 2761 1506 2804 πωτάομαι”
1537 2760 1698 2805 κράτιστα
1714 2758 1779 2804 γὰρ
1795 2759 1902 2793 παντᾶ
1918 2758 2043 2804 λέγεις.

1312 2819 1377 2848 ΓΕ.
1406 2811 1501 2847 οὐδέν
1519 2812 1593 2846 ἐστι
1611 2810 1724 2856 θηρίον
1741 2811 1894 2856 γυναικὸς
1911 2810 2136 2855 ἀμαχώτερον,

1322 2865 1398 2899 οὐδὲ
1415 2866 1494 2910 πῦρ,
1514 2863 1582 2897 οὐδ’
1602 2862 1656 2897 ὧδ’
1676 2861 1808 2906 ἀναιδὴς
1825 2862 1961 2898 οὐδεμία
1978 2863 2151 2908 πόρδαλις.
2172 2875 2248 2905 1015

1311 2923 1375 2952 ΓΥ.
1405 2918 1507 2950 ταῦτα
1523 2915 1634 2959 μέντοι
1653 2914 1698 2949 σὺ
1715 2914 1835 2958 ξυνιεὶς
1853 2910 1923 2948 εἶτα
1939 2915 2096 2959 πολεμεῖς
2114 2914 2197 2958 ἐμοὶ,

1323 2969 1409 3012 ἐξὸν,
1430 2967 1455 3002 ὦ
1472 2968 1606 3013 πονηρὲ,
1627 2967 1684 3001 σοὶ
1701 2966 1842 3008 βέβαιον
1859 2965 1907 3010 ἔμ’
1927 2967 2016 3011 ἔχειν
2033 2966 2162 3011 φίλην;

1312 3027 1377 3055 ΓΕ.
1407 3021 1450 3055 ὡς
1468 3019 1533 3066 ἐγὼ
1550 3022 1660 3064 μισῶν
1675 3020 1829 3065 γυναῖκας
1846 3018 2005 3053 οὐδέποτε
2022 3016 2205 3062 παύσομαι.

1311 3079 1375 3107 ΓΥ.
1405 3070 1482 3106 ἀλλ’
1501 3070 1580 3105 ὅταν
1596 3069 1706 3115 βούλῃ
1719 3069 1777 3105 σύ·
1806 3071 1874 3105 νυνὶ
1893 3069 1921 3105 δ’
1934 3072 1974 3104 οὔ
1985 3085 2026 3104 σε
2043 3070 2250 3116 περιόψομαι

1321 3125 1446 3171 γυμνὸν
1463 3120 1534 3158 ὄνθ’
1553 3121 1669 3159 οὕτως.
1697 3121 1759 3167 ὅρα
1782 3123 1847 3169 γὰρ
1866 3123 1908 3158 ὡς
1923 3122 2172 3168 καταγέλαστος
2189 3118 2230 3156 εἴ.

1323 3177 1413 3211 ἀλλὰ
1430 3175 1489 3220 τὴν
1506 3174 1638 3220 ἐξωμίδ’
1657 3174 1785 3210 ἐνδύσω
1804 3190 1846 3209 σε
1863 3173 2043 3221 προσιοῦσ’
2064 3174 2142 3220 ἐγώ.
2171 3187 2246 3209 1021

1313 3234 1379 3263 ΓΕ.
1408 3229 1508 3262 τοῦτο
1525 3227 1586 3272 μὲν
1601 3227 1648 3272 μὰ
1665 3228 1723 3262 τὸν
1740 3225 1796 3262 Δί’
1813 3227 1852 3261 οὗ
1869 3227 2014 3271 πονηρὸν
2032 3225 2222 3270 ἐποιήσατε·

1324 3279 1401 3315 ἀλλ’
1420 3279 1474 3314 ὑπ’
1493 3279 1595 3325 ὀργῆς
1610 3279 1676 3326 γὰρ
1694 3281 1839 3324 πονηρᾶς
1856 3279 1909 3313 καὶ
1926 3277 1993 3312 τότ’
2013 3278 2136 3312 ἀπέδυν
2154 3277 2231 3323 ἐγώ.

1313 3337 1378 3367 ΓΥ.
1406 3334 1521 3377 πρῶτα
1537 3332 1598 3376 μὲν
1620 3331 1733 3376 φαίνει
1755 3330 1787 3377 γ’
1806 3328 1898 3377 ἀνήρ·
1928 3327 1986 3364 εἶτ’
2004 3330 2043 3364 οὐ
2060 3330 2248 3376 καταγέλα-

1376 3398 1458 3419 στος
1475 3380 1515 3418 εἶ.
2171 3394 2252 3424 1024

1325 3434 1375 3470 κεῖ
1399 3450 1440 3479 με
1457 3435 1501 3479 μὴ
1518 3433 1661 3476 ’λύπεις,
1681 3436 1748 3482 ἐγὼ
1766 3437 1831 3470 σοῦ
1849 3434 1909 3469 κᾶν
1925 3434 2002 3468 τόδε
2020 3434 2058 3467 τὸ
2076 3432 2191 3479 θηρίον

1323 3487 1421 3522 τούπὶ
1438 3486 1633 3535 τώφθαλμῷ
1650 3486 1796 3530 λαβοῦσ’
1816 3487 1947 3530 ἐξεῖλον
1964 3485 2015 3525 ἂν,
2035 3484 2054 3519 ὃ
2072 3487 2129 3519 νῦν
2147 3485 2207 3519 ἔνι.

1311 3545 1376 3575 ΓΕ.
1405 3538 1494 3574 τοῦτ’
1513 3538 1563 3582 ἄρ’
1582 3537 1622 3583 ἦν
1637 3553 1679 3584 με
1692 3539 1917 3586 τούπιτρῖβον,
1931 3535 2106 3573 δακτύλιος
2119 3536 2249 3572 οὑτοσί·
