2488 3860
893 299 1525 344 ΘΕΣΜΟΦΟΡῙΑΖΟΎΣΑῙ.

291 401 403 437 πάσας
419 398 449 434 δ’
466 398 572 435 εἷδέας
588 397 760 443 ἐξήτασεν,

290 453 398 488 πάντα
414 450 443 486 δ’
462 451 654 494 ἐβάστασεν
670 450 781 495 φρενὶ,
801 453 929 486 πυκνῶς
945 463 982 483 τε

289 504 463 540 ποικίλους
478 504 603 549 λόγους
618 502 752 548 ἀνεῦρεν

291 555 328 591 εὖ
344 555 600 599 διεζητημένους.

291 606 372 643 ὥστ’
390 607 431 642 ἂν
447 607 477 641 εἶ
492 607 589 653 λέγοι
604 605 680 652 παρ’
699 605 800 650 αὐτὴν

291 660 472 703 Ξενοκλέης
488 660 507 693 ὁ
526 658 700 705 Καρκίνου,
719 658 775 692 δο-

291 713 359 746 κεῖν
375 711 416 745 ἂν
431 711 542 750 αὐτὸν,
561 711 605 746 ὣς
622 707 757 758 ἐγῷμαι,

290 765 395 799 πᾶσιν
411 763 487 808 ὑμῖν

291 815 442 861 ἄντικρυς
457 814 559 859 μηδὲν
574 814 698 859 λέγειν.

189 872 254 903 ΡΥ.
274 873 313 902 Β.
341 866 465 913 ὀλίγων
482 865 574 900 ἕνεκα
592 865 692 910 καύτὴ
709 864 881 911 παρῆλθον
896 862 1061 910 ῥημάτων.

196 1703 266 1732 XO.

291 919 334 953 τὰ
349 919 410 963 μὲν
425 918 491 964 γὰρ
508 916 585 952 ἄλλ’
603 915 684 962 αὕτη
703 918 922 962 κατηγόρηκεν
938 913 986 948 εὐ·

291 970 314 1005 ἃ
330 969 359 1005 δ’
377 970 443 1016 ἐγὼ
459 969 620 1008 πέπονθα,
639 971 741 1003 ταῦτα
757 968 853 1012 λέξαι
868 965 1049 1011 βούλομαι.

293 1023 365 1067 ἐμοὶ
381 1023 447 1069 γὰρ
464 1020 545 1067 ἁνὴρ
562 1020 722 1056 ἀπέθανεν
737 1021 798 1065 μὲν
815 1020 850 1054 ἐν
867 1017 1003 1065 Κύπρῳ,

290 1074 448 1120 παιδάρια
463 1073 561 1108 πέντε
578 1072 779 1112 καταλιπὼν,
798 1070 868 1118 ἁγὼ
884 1072 983 1115 μόλις

293 1125 609 1172 στεφανηπλοκοῦσ’
629 1126 774 1166 ἔβοσκον
792 1123 827 1158 ἐν
843 1124 914 1158 ταῖς
929 1120 1110 1167 μυρρίναις.

294 1178 376 1213 τέως
392 1178 452 1222 μὲν
469 1176 527 1212 οὖν
543 1176 620 1211 ἀλλ’
638 1175 801 1221 ἡμικάκως
819 1175 1019 1218 ἐβοσκόμην·

295 1232 353 1265 νῦν
369 1229 398 1264 δ’
417 1229 514 1265 οὗτος
531 1231 566 1263 ἐν
582 1230 695 1263 ταῖσιν
710 1227 907 1274 τραγῳδίαις
922 1228 1027 1261 ποιῶν

294 1282 372 1317 τούς
389 1281 508 1327 ἄνδρας
525 1280 738 1315 ἀναπέπεικεν
754 1279 814 1313 οὐκ
831 1275 912 1313 εἶναι
930 1275 1037 1311 θεούς·

295 1333 376 1368 ὥστ’
395 1332 499 1368 οὐκέτ’
519 1333 716 1377 ἐμπολῶμεν
732 1329 802 1365 οὐδ’
820 1330 867 1366 εἷς
883 1329 999 1374 ἥμισυ.

295 1388 352 1421 νῦν
369 1384 427 1420 οὖν
443 1386 628 1420 ἁπάσαισιν
643 1385 790 1429 παραινῶ
807 1382 861 1416 καὶ
875 1381 967 1427 λέγω

294 1440 413 1472 τοῦτον
430 1438 574 1471 κολάσαι
590 1437 649 1470 τὸν
665 1435 767 1480 ἄνδρα
783 1435 922 1469 πολλῶν
937 1431 1066 1469 οὕνεκα·

294 1489 394 1535 ἇγρια
409 1488 476 1535 γᾲρ
492 1488 588 1533 ἡμᾶς,
609 1486 635 1521 ὦ
651 1488 812 1534 γυναῖκες,
831 1485 893 1532 δρᾷ
912 1484 1005 1524 κακὰ,

294 1540 345 1576 ὅτ’
364 1541 399 1575 ἐν
415 1541 565 1587 ἀγρίοισι
581 1540 652 1575 τοῖς
667 1539 828 1584 λαχάνοις
844 1537 943 1572 αὐτὸς
959 1534 1110 1581 τραφείς.

295 1591 373 1628 ἀλλ’
391 1592 437 1628 εἷς
454 1592 580 1639 ἀγορὰν
596 1592 721 1643 ἄπειμι·
750 1590 800 1624 δεῖ
814 1589 879 1636 γὰρ
897 1589 1056 1633 ἀνδράσιν

295 1644 417 1688 πλέξαι
435 1645 624 1690 στεφάνους
642 1641 915 1687 συνθηματιαίους
931 1638 1068 1674 εἴκοσιν.

295 1697 407 1743 ἕτερον
424 1695 466 1731 αὖ
482 1710 514 1730 τι
528 1697 620 1740 λῆμα
636 1697 735 1729 τοῦτο

298 1749 510 1795 κομψότερον
526 1747 570 1782 ἔτ’
589 1745 608 1791 ἢ
626 1748 665 1781 τὸ
682 1747 845 1793 πρότερον
861 1744 1080 1790 ἀναπέφηνεν.

298 1798 352 1835 οἷα
369 1798 611 1845 κάστωμύλατο

1156 1234 1218 1267 4⁵0

1159 1493 1219 1525 455

244 1875 253 1877 <
299 1853 358 1887 οὐκ
375 1851 503 1898 ἄκαιρα,
522 1851 647 1898 φρένας
664 1851 804 1896 ἔχουσα,

198 2063 276 2094 ΜΝ.

300 1905 352 1938 καὶ
368 1903 586 1939 πολύπλοκον
603 1901 706 1947 νόημ’,
725 1902 795 1936 οὐδ’
811 1899 956 1940 ἀσύνετ’,
975 1898 1067 1934 ἀλλὰ

299 1956 420 1992 πιθανὰ
435 1957 554 1991 πάντα.
583 1955 634 1989 δεῖ
649 1955 686 1989 δὲ
703 1952 823 1997 ταύτης

296 2008 354 2050 τῆς
369 2004 491 2052 ὕβρεος
507 2005 583 2050 ἡμῖν
595 2007 653 2040 τὸν
669 2005 772 2052 ἄνδρα
788 2006 978 2052 περιφανῶς
994 2006 1107 2040 δοῦναι
1117 2004 1218 2048 δίκην.

296 2059 335 2092 τὸ
352 2058 423 2102 μὲν,
442 2057 469 2091 ὦ
485 2060 645 2101 γυναῖκες,
664 2057 901 2102 ὀξυθυμεῖσθαι
921 2058 1058 2104 σφόδρα
1158 2058 1222 2099 466

298 2109 472 2156 Εὐριπίδῃ,
491 2108 614 2144 τοιαῦτ’
632 2108 818 2145 ἀκουούσας
835 2110 928 2149 κακὰ,

298 2162 338 2196 οὐ
355 2161 539 2206 θαυμάσιόν
556 2160 640 2201 ἐστ’,
659 2161 728 2197 οὐδ’
747 2161 868 2204 ἐπιζεῖν
884 2161 944 2205 τὴν
959 2159 1080 2206 χολήν.

299 2213 399 2257 καύτὴ
416 2213 481 2259 γὰρ
498 2212 609 2260 ἔγωγ’,
628 2211 733 2249 οὕτως
748 2213 884 2258 ὀναίμην
900 2216 966 2247 τῶν
983 2213 1114 2252 τέκνων,

297 2268 388 2310 μισῶ
404 2266 463 2299 τὸν
478 2264 569 2310 ἄνδρ’
587 2265 720 2304 ἐκεῖνον,
739 2264 769 2299 εἶ
785 2265 829 2309 μὴ
846 2265 1013 2309 μαίνομαι.

298 2317 386 2361 ὅμως
402 2316 432 2351 δ’
450 2317 485 2352 ἐν
501 2315 687 2361 ἀλλήλαισι
703 2316 769 2363 χρὴ
787 2317 899 2352 δοῦναι
915 2319 1030 2363 λόγον·

298 2369 393 2403 αὐταὶ
408 2369 474 2414 γάρ
491 2369 604 2413 ἐσμεν,
623 2366 770 2414 κούδεμί’
787 2369 916 2415 ἐκφορὰ
932 2371 1050 2415 λόγου.

299 2421 333 2455 τί
349 2420 438 2455 ταῦτ’
458 2421 599 2466 ἔχουσαι
617 2422 723 2455 κεῖνον
739 2420 917 2463 αἰτιώμεθα

299 2471 428 2519 βαρέως
445 2487 482 2506 τε
498 2472 657 2518 φέρομεν,
676 2472 706 2506 εἶ
723 2471 772 2507 δύ’
791 2471 881 2517 ἡμῶν
897 2471 917 2516 ἢ
935 2473 1010 2519 τρία

301 2525 382 2558 κακὰ
399 2524 553 2567 ξυνειδὼς
570 2521 641 2559 εἶπε
658 2525 791 2570 δρώσας
807 2524 929 2570 μυρίας
1066 2559 1070 2565 ,

301 2577 366 2622 ἐγὼ
382 2576 448 2622 γὰρ
465 2575 546 2619 αὐτὴ
563 2580 706 2622 πρῶτον,
725 2574 777 2611 ἵνα
793 2575 926 2620 μᾶλλην
941 2575 1044 2622 λέγω,

301 2627 422 2672 ξύνοιδ’
441 2628 562 2672 ἐμαυτῇ
577 2628 693 2663 πολλὰ
709 2627 800 2662 δείν’·
829 2628 932 2662 ἐκεῖνο
950 2628 979 2662 δ’
997 2627 1056 2662 οὖν

301 2681 497 2719 δεινότατον,
516 2679 572 2714 ὅτε
590 2679 702 2725 νύμφη
720 2680 781 2723 μὲν
797 2678 836 2723 ἦν
853 2681 940 2724 τρεῖς
957 2678 1089 2723 ἡμέρας,

301 2735 320 2767 ὁ
338 2731 366 2766 δ’
384 2732 466 2777 ἀνὴρ
482 2731 561 2778 παρ’
580 2731 653 2776 ἐμοὶ
669 2731 835 2765 καθεῦδεν·
862 2730 903 2774 ἦν
920 2730 948 2765 δ’
967 2731 1039 2775 ἐμοὶ
1056 2730 1172 2776 φίλος,

302 2784 410 2830 ὅσπερ
426 2797 468 2828 με
485 2784 694 2829 διεκόρευσεν
710 2781 816 2817 οὖσαν
833 2782 973 2817 ἑπτέτιν.
1162 2785 1225 2824 480

302 2835 399 2872 οὗτος
414 2834 509 2883 πόθῳ
525 2849 590 2880 μου
606 2834 712 2869 ’κνυεν
729 2833 839 2868 ἐλθὼν
855 2833 915 2878 τὴν
931 2832 1044 2880 θύραν·

303 2885 371 2932 κᾷτ’
390 2886 487 2922 εὐθὺς
503 2887 617 2933 ἔγνων·
645 2883 716 2920 εἶτα
733 2885 917 2927 καταβαίνω
934 2885 1054 2931 λάθρα.

303 2943 322 2975 ὁ
340 2939 368 2974 δ’
386 2939 467 2985 ἀνὴρ
485 2938 602 2984 ἐρωτᾷ,
619 2939 682 2973 ποῖ
699 2937 743 2972 σύ
761 2938 987 2978 καταβαίνεις;
1005 2955 1058 2961 -·
1075 2937 1172 2977 ὅποι;

305 2992 458 3037 στρόφος
474 2989 507 3034 μ’
526 2990 597 3035 ἔχει
613 2990 673 3034 τὴν
684 2988 834 3036 γαστέρ’,
854 2988 948 3035 ὦνερ,
967 2988 1104 3033 κώδύνη·

303 3044 338 3079 ἐς
353 3044 411 3078 τὸν
428 3041 566 3088 κοπρῶν’
585 3040 644 3076 οὖν
660 3042 812 3087 ἔρχομαι.
830 3059 883 3065 -
897 3041 1015 3084 βάδιζέ
1030 3048 1100 3076 νυν·

304 3092 379 3141 κᾷθ’
398 3096 417 3128 ὁ
433 3094 494 3138 μέν
510 3094 623 3139 ἔτριβε
639 3094 799 3140 κεδρίδας,
818 3093 968 3137 ἄννηθον,
986 3093 1131 3138 σφάκον·

305 3147 370 3193 ἐγὼ
388 3146 424 3180 δὲ
442 3145 633 3190 καταχέασα
651 3145 712 3178 τοῦ
729 3144 906 3189 στροφέως
922 3142 1011 3189 ὕδωρ

304 3197 448 3243 ἐξῆλθον
465 3198 509 3232 ὦς
525 3197 583 3230 τὸν
598 3196 731 3240 μοιχόν·
760 3191 817 3229 εἶτ’
835 3192 1008 3241 ἠρειδόμην

303 3250 394 3295 παρὰ
412 3250 469 3283 τὸν
484 3245 612 3292 Ἀγυιᾶ,
632 3246 726 3288 κύβδ’
744 3246 883 3291 ἐχομένη
900 3247 959 3290 τῆς
975 3247 1112 3293 δάφνης.

304 3301 393 3336 ταῦτ’
412 3298 615 3335 οὐδεπώποτ’
633 3295 715 3343 εἶφ’,
734 3297 836 3345 ὁρᾶτ’,
854 3298 1046 3344 Εὐριπίδης·

305 3353 374 3388 οὐδ’
393 3353 438 3388 ὣς
455 3352 520 3387 ὑπὸ
536 3354 602 3385 τῶν
618 3349 749 3385 δούλων
764 3364 801 3384 τε
818 3350 1037 3396 κώρεωκόμων

307 3402 527 3448 σποδούμεθ’,
545 3402 586 3447 ἢν
601 3402 646 3447 μὴ
662 3401 785 3447 ’χωμεν
801 3401 924 3447 ἕτερον,
942 3402 982 3436 οὐ
999 3401 1102 3447 λέγει·

306 3455 375 3492 οὐδ’
393 3457 447 3496 ὣς,
467 3455 546 3490 ὅταν
561 3453 704 3499 μάλισθ’
723 3454 787 3488 ὑπό
804 3467 864 3487 του
878 3453 1053 3497 ληκώμεθα

306 3507 367 3552 τὴν
383 3506 491 3552 νύχθ’,
509 3505 611 3541 ἕωθεν
627 3505 776 3552 σκόροδα
793 3504 1040 3550 διαμασώμεθα,

306 3574 338 3595 ιν
364 3558 580 3606 οσφρόμενος
596 3558 679 3605 ἀνὴρ
694 3557 761 3593 ἀπὸ
778 3558 909 3604 τείχους
925 3557 1039 3592 εἰσιὼν

1159 2275 1222 2308 470

1161 2534 1222 2567 475

1162 3045 1224 3084 485

1163 3311 1227 3343 490

1165 3569 1225 3600 495

1262 1650 1333 1679 XO.

2194 300 2273 342 541

1351 399 1454 444 μηδὲν
1470 404 1568 434 κακὸν
1585 399 1667 445 δρᾶν
1683 400 1899 445 ὑποτοπῆται.
1928 399 2038 440 ταῦθ’,
2056 399 2148 446 ὁρᾷς,

1352 450 1518 486 οὐπώποτ’
1536 447 1639 486 εἶπεν.
1667 451 1696 485 εἷ
1713 452 1750 486 δὲ
1767 452 1911 498 Φαίδραν
1926 452 2086 497 λοιδορεῖ,

1353 503 1429 548 ἡμῖν
1445 503 1478 538 τί
1494 502 1583 537 τοῦτ’
1601 502 1672 537 ἔστ’
1686 516 1695 543 ;
1723 501 1792 538 οὐδ’
1810 503 1903 538 ἐκεῖν’
1921 502 2031 550 εἴρηκέ
2045 517 2109 542 πω,

1354 556 1398 591 ὡς
1415 554 1435 599 ἦ
1452 555 1534 599 γυνὴ
1553 555 1708 589 δεικνῦσα
1724 555 1838 598 τάνδρὶ
1855 557 2060 600 τοῦγκυκλον

1354 606 1408 641 ὑπ’
1425 605 1548 651 ὄρθρον
1565 604 1635 639 οἶόν
1653 605 1757 642 ἐστιν,
1776 605 2059 650 ἐγκεκαλυμμένον

1354 659 1413 692 τὸν
1428 659 1548 702 μοιχὸν
1566 658 1767 703 ἐξέπεμψεν,
1786 657 1846 691 οὐκ
1863 656 1971 703 εἴρηκέ
1986 673 2051 692 πω.

1355 709 1468 755 ἑτέραν
1485 709 1513 743 δ’
1533 706 1629 757 ἐγῷδ’
1647 708 1668 754 ἦ
1685 709 1829 754 ’φασκεν
1846 710 1972 744 ὢδίνειν
1988 709 2070 756 γυνὴ

1355 760 1426 805 δέχ’
1444 760 1577 807 ἡμέρας,
1596 760 1658 797 ἔως
1674 761 1810 807 ἐπρίατο
1827 762 1970 796 παιδίον·

1356 815 1375 847 ὁ
1393 812 1422 847 δ’
1441 813 1522 859 ἀνὴρ
1539 811 1728 859 περιήρχετ’
1747 812 1895 847 ὠκυτόκι’
1914 812 2107 858 ὠνούμενος·

1356 866 1395 899 τὸ
1413 864 1442 900 δ’
1459 864 1618 911 εἷσέφερε
1633 867 1738 912 γραῦς
1755 865 1790 900 ἐν
1805 863 1914 911 χύτρᾳ
1929 866 1968 899 τὸ
1985 866 2127 904 παιδίον,

1355 915 1411 951 ἵνα
1427 916 1472 962 μὴ
1488 916 1594 965 βοῴη,
1614 917 1715 964 κηρίῳ
1731 917 1956 962 βεβυσμένον·

1357 966 1422 1003 εἷθ’
1439 969 1484 1004 ὣς
1499 969 1634 1004 ἔνευσεν
1651 968 1670 1012 ἦ
1689 968 1844 1015 φέρουσ’,
1864 968 1961 1005 εὐθὺς
1976 969 2054 1014 βοᾷ,

1357 1020 1479 1055 ἄπελθ’
1496 1020 1630 1061 ἄπελθ’,
1649 1021 1710 1065 ἤδη
1728 1021 1793 1067 γὰρ
1811 1020 1893 1066 ὦνέρ
1909 1035 1966 1065 μοι
1984 1021 2069 1055 δοκῶ

1357 1073 1475 1112 τέξειν·
1504 1074 1543 1107 τὸ
1559 1073 1626 1119 γὰρ
1642 1071 1743 1118 ἦτρον
1759 1073 1818 1117 τῆς
1833 1071 1958 1118 χύτρας
1975 1073 2163 1107 ἐλάκτισεν.

1357 1125 1409 1170 χώ
1425 1125 1487 1170 μὲν
1501 1124 1652 1172 γεγηθὼς
1667 1124 1813 1171 ἔτρεχεν,
1833 1123 1852 1169 ἦ
1871 1123 1900 1159 δ’
1919 1124 2106 1168 ἐξέσπασεν

1359 1177 1395 1211 ἐκ
1413 1179 1473 1211 τοῦ
1490 1178 1658 1221 στόματος
1674 1178 1734 1211 τοῦ
1750 1177 1895 1216 παιδίου,
1914 1178 1952 1210 τὸ
1971 1176 1999 1211 δ’
2019 1176 2205 1223 ἀνέκραγεν.

1361 1225 1424 1263 εἷθ’
1443 1228 1463 1273 ἡ
1480 1229 1582 1275 μιαρὰ
1597 1228 1712 1275 γραύς,
1731 1226 1751 1273 ἦ
1769 1227 1884 1274 ’φερεν
1900 1229 1939 1263 τὸ
1955 1228 2099 1268 παιδίον,

1361 1280 1414 1315 θεῖ
1427 1282 1590 1326 μειδιῶσα
1606 1281 1692 1326 πρὸς
1708 1282 1767 1315 τὸν
1783 1280 1886 1326 ἄνδρα
1903 1280 1956 1314 καὶ
1972 1281 2078 1327 λέγει,

1359 1333 1447 1367 λέων
1462 1332 1551 1367 λέων
1568 1347 1626 1367 σοι
1641 1333 1790 1379 γέγονεν,
1809 1332 2019 1379 αὐτέκμαγμα
2037 1334 2111 1372 σὸν,

1362 1386 1404 1419 τά
1420 1383 1449 1419 r‘
1467 1383 1545 1419 ἄλλ’
1563 1384 1780 1428 ἁπαξάπαντα
1797 1384 1850 1418 καὶ
1866 1385 1905 1418 τὸ
1922 1384 2066 1419 πόσθιον
2225 1398 2285 1428 515

1361 1440 1408 1484 τῷ
1426 1437 1477 1484 σῷ
1493 1438 1711 1482 προσόμοιον,
1732 1436 1903 1482 στρεβλὸν
1920 1436 2036 1482 ὥσπερ
2053 1434 2227 1482 κύτταρον.

1361 1488 1451 1523 ταῦτ’
1470 1489 1509 1522 οὐ
1526 1491 1684 1532 ποιοῦμεν
1701 1489 1743 1522 τὰ
1760 1488 1862 1527 κακά;
1891 1487 1929 1531 νὴ
1946 1488 2007 1532 τὴν
2016 1486 2190 1534 Ἀρτεμιν,

1362 1539 1453 1584 ἡμεῖς
1468 1555 1522 1587 γε.
1551 1537 1620 1586 κᾷτ’
1638 1540 1799 1586 Εὐριπίδῃ
1818 1538 2018 1584 θυμούμεθα,

1362 1593 1458 1627 οὐδὲν
1473 1591 1643 1627 παθοῦσαι
1658 1593 1770 1637 μεῖζον
1785 1590 1805 1636 ἢ
1824 1592 2024 1638 δεδράκαμεν
2038 1604 2047 1631 ;

1362 1644 1454 1679 τουτὶ
1470 1644 1582 1689 μέντοι
1600 1643 1802 1688 θαυμαστὸν,

1363 1696 1484 1731 ὁπόθεν
1501 1695 1616 1742 εὑρέθη
1634 1697 1672 1730 τὸ
1689 1697 1812 1742 χρῆμα,

1363 1750 1459 1793 χῆτις
1477 1747 1640 1794 ἐξέθρεψε
1655 1749 1751 1794 χώρα

1364 1799 1460 1844 τήνδε
1477 1799 1537 1844 τὴν
1554 1799 1712 1845 θρασεῖαν
1729 1798 1828 1834 οὕτω.

1363 1853 1443 1887 τάδε
1459 1852 1524 1898 γὰρ
1542 1851 1644 1886 εἰπεῖν
1661 1852 1720 1896 τὴν
1736 1854 1924 1897 πανοῦργον

1365 1904 1447 1938 κατὰ
1463 1905 1502 1938 τὸ
1520 1904 1665 1950 φανερὸν
1682 1901 1740 1938 ὧδ’
1759 1903 1897 1938 ἀναιδῶς

1365 1955 1425 1990 οὐκ
1442 1955 1483 1990 ἂν
1500 1954 1610 2002 ᾠόμην
1627 1956 1663 1990 ἐν
1679 1954 1755 1999 ἡμῖν

1364 2006 1441 2040 οὐδὲ
1458 2005 1627 2050 τολμῆσαί
1641 2005 1716 2040 ποτ’
1734 2004 1786 2039 ιῖν.

1364 2056 1442 2091 ἀλλ’
1460 2057 1546 2092 ἅπαν
1562 2056 1680 2103 γένοιτ’
1699 2057 1739 2091 ἂν
1756 2057 1830 2101 ἤδη·

1363 2108 1422 2152 τὴν
1438 2109 1616 2155 παροιμίαν
1633 2108 1661 2143 δ’
1681 2109 1800 2143 ἐπαινῶ

1365 2161 1425 2204 τὴν
1441 2162 1597 2195 παλαιάν·
1625 2160 1689 2195 ὑπὸ
1707 2159 1792 2207 λίθῳ
1808 2159 1873 2205 γὰρ

1365 2212 1465 2247 παντί
1479 2227 1546 2247 που
1561 2211 1627 2258 χρὴ

1365 2263 1410 2308 μὴ
1429 2264 1512 2307 δάκῃ
1528 2262 1639 2309 ῥήτωρ
1657 2263 1781 2309 ἀθρεῖν.
2229 2275 2290 2305 530

1365 2314 1443 2349 ἀλλ’
1462 2316 1502 2350 οὐ
1517 2317 1582 2362 γάρ
1600 2316 1675 2350 ἐστι
1691 2319 1758 2349 τῶν
1770 2312 1997 2358 ἀναισχύντων
2010 2311 2115 2358 φύσει
2131 2316 2292 2358 γυναικῶν

1365 2367 1462 2402 οὐδὲν
1479 2368 1590 2402 κάκιον
1606 2366 1653 2403 εἷς
1670 2367 1796 2401 ἅπαντα
1813 2365 1902 2409 πλὴν
1919 2365 1970 2411 ἄρ’
1988 2364 2008 2409 ἢ
2025 2366 2185 2408 γυναῖκες.

2219 619 2279 650 5οο

2207 877 2280 926 ’505

2224 1137 2284 1168 5ιο

2120 1646 2190 1681 ἀντ.
2227 1658 2243 1688 5
2250 1657 2288 1679 20

2230 1917 2289 1948 525

1266 2425 1330 2454 ΓΥ.
1350 2424 1388 2454 Γ.
1417 2421 1458 2453 οὔ
1477 2433 1529 2454 τοι
1548 2419 1595 2464 μὰ
1617 2419 1676 2463 τὴν
1685 2417 1890 2465 ”Αγλαυρον,
1910 2416 1936 2451 ὦ
1955 2419 2116 2464 γυναῖκες,
2141 2415 2178 2451 εὖ
2199 2417 2287 2463 φρο-

1265 2942 1344 2972 ΜΝ.

1417 2485 1512 2511 νειτε,

1366 2522 1443 2558 ἀλλ’
1471 2522 1491 2567 ἢ
1519 2521 1738 2569 πεφάρμαχθ’
1766 2521 1786 2567 ἢ
1817 2524 1914 2557 κακόν
1940 2536 1972 2557 τι
2001 2520 2086 2566 μέγα
2114 2519 2289 2557 πεπόνθατ’

1417 2575 1516 2615 ἄλλο,

1366 2625 1486 2670 ταύτην
1502 2627 1605 2661 ἐῶσαι
1621 2626 1681 2670 τὴν
1698 2626 1828 2673 φθόρον
1845 2629 1979 2661 τοιαῦτα
1995 2625 2218 2671 περιυβρίζειν
2232 2639 2248 2669 5
2251 2638 2269 2668 3
2274 2636 2290 2669 5

1365 2678 1449 2723 ἡμᾶς
1478 2679 1620 2714 ἁπάσας.
1650 2678 1679 2712 εἰ
1712 2679 1772 2722 μὲν
1799 2677 1858 2713 οὖν
1887 2692 1937 2714 τις
1963 2679 2068 2713 ἔστιν·
2109 2677 2139 2711 εἶ
2168 2678 2204 2711 δὲ
2234 2677 2291 2722 μὴ,

1417 2729 1508 2774 ἡμεῖς

1365 2781 1462 2816 αὐταί
1477 2797 1517 2828 γε
1534 2782 1586 2816 καὶ
1604 2782 1646 2816 τὰ
1662 2782 1822 2827 δουλάρια
1839 2781 1967 2827 τέφραν
1982 2781 2086 2816 ποθὲν
2102 2782 2274 2822 λαβοῦσαι

1367 2831 1485 2877 ταύτης
1503 2833 1771 2879 ἀποψιλώσομεν
1787 2834 1845 2867 τὸν
1860 2835 1988 2879 χοῖρον,
2007 2831 2059 2867 ἵνα
2076 2832 2216 2877 διδαχθῇ

1363 2885 1446 2931 γυνὴ
1462 2887 1616 2931 γυναῖκας
1633 2883 1720 2919 οὐσα
1734 2885 1781 2929 μὴ
1802 2889 1906 2921 κακῶς
1922 2885 2034 2931 λέγειν
2051 2886 2089 2919 τὸ
2107 2886 2238 2919 λοιπόν.

1363 2937 1408 2981 μὴ
1448 2937 1530 2981 δῆτα
1563 2938 1621 2971 τόν
1653 2951 1694 2982 γε
1727 2938 1855 2983 χοῖρον,
1892 2936 1918 2970 ὦ
1958 2938 2119 2983 γυναῖκες.
2165 2935 2195 2970 εἷ
2227 2936 2292 2980 γὰρ

1416 2990 1519 3032 οὔσης
2230 3000 2292 3031 540

1364 3039 1551 3088 παρρησίας
1568 3039 1670 3083 κάξὸν
1686 3039 1798 3086 λέγειν
1814 3039 1893 3074 ὅσαι
1910 3041 2080 3085 πάρεσμεν
2097 3040 2209 3079 ἀσταὶ,

1366 3088 1424 3125 εἶτ’
1444 3088 1536 3126 εἶπον
1553 3091 1761 3137 ἁγίγνωσκον
1778 3091 1861 3138 ὑπὲρ
1879 3092 2060 3137 Εὐριπίδου
2078 3091 2196 3130 δίκαια,

1365 3143 1420 3178 διὰ
1449 3145 1548 3177 τοῦτο
1578 3144 1776 3188 τιλλομένην
1809 3158 1851 3188 με
1885 3144 1937 3178 δεῖ
1963 3144 2075 3178 δοῦναι
2110 3143 2201 3186 δίκην
2230 3141 2290 3188 ὐφ’

1418 3195 1526 3239 ὑμῶν;

1264 3252 1328 3283 ΓΥ.
1348 3252 1384 3282 Γ.
1414 3247 1453 3281 οὐ
1470 3247 1594 3293 γάρ·σε
1611 3247 1663 3282 δεῖ
1677 3247 1789 3281 δοῦναι
1806 3247 1918 3291 δίκην;
1946 3246 2018 3291 ἥτις
2033 3249 2115 3291 μόνη
2133 3246 2291 3290 τέτληκας

1365 3298 1448 3344 ὑπὲρ
1486 3298 1606 3344 ἀνδρὸς
1642 3298 1817 3339 ἀντειπεῖν,
1858 3298 1895 3335 ὃς
1932 3297 2017 3343 ἡμᾶς
2054 3298 2170 3333 πολλὰ
2208 3298 2291 3332 κακὰ

1416 3350 1571 3395 δέδρακεν
2229 3361 2289 3393 545

1366 3401 1515 3445 ἐπίτηδες
1532 3401 1694 3447 εὑρίσκων
1710 3403 1846 3448 λόγους,
1865 3401 1950 3436 ὅπου
1966 3401 2047 3447 γυνὴ
2064 3401 2192 3446 πονηρὰ

1365 3452 1506 3498 ἐγένετο,
1531 3453 1750 3489 Μελανίππας
1771 3456 1875 3489 ποιῶν
1898 3454 2040 3498 Φαίδρας
2060 3459 2110 3486 τε·
2138 3453 2286 3496 Πηνελό-

1415 3518 1480 3548 πην
1497 3504 1534 3539 δὲ

1366 3555 1530 3591 oium-o?
1549 3555 1692 3600 ε’ποίησ’,
1711 3555 1763 3591 ὅτι
1778 3556 1861 3602 γυνὴ
1879 3555 2029 3602 σώφρων
2045 3555 2160 3599 ἔδοξεν
2176 3552 2267 3590 εἶναι.
