2488 3860
567 621 1014 671 ΑΙΣΧΥΛΟΥ
1086 622 1304 670 ΕΠΤΑ
1379 621 1524 671 ΕΠΙ
1595 621 1897 672 ΘΗΒΑΣ.

840 979 909 1017 ΤΑ
937 980 1044 1018 ΤΟΎ·
1076 981 1361 1020 ΔΡΑΜΑΤΟΣ
1391 979 1642 1020 ΠΡΟΣΩΠΑ

562 1083 780 1112 ΕΤΕΟΚΛΗΣ.

560 1136 737 1165 Arm-:on
759 1135 1036 1166 ΚΑΤΑΣΚΟΠΟΣ.

562 1189 695 1219 ΧΟΡΟΣ
717 1189 941 1217 ΠΑΡΘΕΝΩΝ.

1228 1092 1236 1224 1

1635 1083 1802 1112 ΙΣΜΗΝΗ.

1634 1135 1845 1162 ΑΝΤΙΓΟΝΗ.

1634 1187 1770 1217 ΚΗΡΥΞ.

1065 1476 1408 1515 ΎΠΟΘΕΣΙΣ.

226 1583 266 1618 ‘O
286 1583 386 1620 Λάῖος
403 1583 463 1617 τοῦ
477 1580 653 1621 Λαβδάκου
666 1580 736 1615 υἱὸς
750 1577 795 1614 ὣν
808 1578 1007 1622 ἐβασίλευεν
1021 1579 1057 1613 ἐν
1069 1574 1209 1621 θήβαις,

180 1637 314 1682 γυναῖκα
331 1634 526 1679 κεκτημένος
543 1633 728 1676 Ἰοκάστην,
747 1631 807 1676 τὴν
824 1631 989 1678 θυγατέρα
1010 1633 1071 1665 τοῦ
1088 1637 1210 1665 Μενοι-

179 1688 270 1723 κέως·
302 1683 325 1730 ᾗ
348 1686 523 1721 συνελθεῖν
545 1686 598 1720 καὶ
625 1684 722 1720 τέκνα
743 1685 884 1729 ποιῆσαι
907 1683 966 1718 οὐκ
993 1683 1129 1728 ἐτόλμα,
1153 1683 1213 1719 τὰς

180 1741 238 1774 τοῦ
255 1739 418 1775 Πέλοπος
435 1738 549 1774 δεδιὼς
566 1738 660 1783 ἀράς.
689 1735 779 1779 φασὶ
796 1737 862 1783 γὰρ
879 1735 931 1771 ὅτι
948 1737 1006 1771 τὸν
1021 1738 1082 1770 τοῦ
1099 1734 1210 1770 Πέλο-

182 1806 242 1827 πος
259 1791 330 1825 υἱὸν
347 1790 559 1836 Χρύσιππον,
580 1793 616 1825 ὃς
633 1787 674 1833 ἦν
690 1789 779 1837 αὐτῷ
796 1789 834 1831 ἐξ
851 1788 959 1832 ἄλλης
975 1788 1140 1834 γυναικὸς,
1161 1788 1214 1822 καὶ

179 1843 239 1877 οὐκ
257 1843 292 1877 ἐκ
309 1843 368 1886 τῆς
386 1842 549 1889 θυγατρὸς
561 1844 621 1876 τοῦ
640 1840 806 1884 Οἰνομάου
817 1839 1062 1885 Ἱπποδαμείας,
1082 1842 1101 1874 ὁ
1115 1840 1214 1875 Λάῒος

179 1895 341 1941 ἥρπασεν,
357 1894 511 1940 ἐρασθεὶς
528 1894 641 1932 αὐτοῦ,
661 1894 715 1927 καὶ
728 1892 817 1940 αὐτῷ
829 1892 1036 1938 συνεγένετο,
1052 1892 1106 1926 καὶ
1121 1895 1212 1937 πρῶ-

179 1961 237 1983 τος
254 1947 290 1981 ἐν
302 1946 488 1992 ἀνθρώποις
501 1946 561 1989 τὴν
574 1944 840 1991 ἀρρενοφθορίαν
857 1944 1020 1988 ὑπέδειξε,
1036 1943 1215 1990 καθώσπερ

180 1998 220 2043 δὴ
239 1998 292 2032 καὶ
309 2000 328 2033 ὁ
346 1997 427 2034 Ζεὺς
444 1998 479 2032 ἐν
497 1997 597 2036 θεοῖς,
616 1998 678 2031 τὸν
696 1995 888 2041 Γανυμήδην
904 1997 1071 2042 ἁρπάσας.
1100 1995 1213 2042 ὅπερ“
1196 2011 1215 2030 ο

180 2050 308 2096 Πέλοψ
330 2049 444 2095 μαθὼν
460 2051 518 2084 τὸν
536 2050 638 2083 Λάῖον
656 2050 866 2095 κατηράσατο
889 2048 927 2091 ἐξ
949 2048 1072 2084 οἰκείας
1091 2049 1214 2093 φονευ-

181 2102 275 2146 θῆναι
296 2103 408 2148 γονῆς.
441 2102 513 2137 ἐπεὶ
534 2103 618 2148 γοῦν
637 2103 656 2135 ὁ
681 2102 780 2136 Λάῖος
803 2099 844 2135 δι’
869 2099 908 2135 ὃν
934 2098 1059 2147 εἴρηται
1093 2101 1216 2145 τρόπον

182 2154 279 2190 ἅπαις
295 2154 357 2198 ἤδη
374 2153 595 2200 παρήκμαζεν,
615 2153 662 2188 εἰς
685 2154 724 2187 τὸ
747 2155 807 2187 τοῦ
828 2151 1046 2188 ’Λπόλλωνος
1065 2153 1216 2197 μαντεῖον

180 2206 380 2252 παρεγένετο
398 2204 578 2252 ἐρωτήσων
595 2205 624 2239 εἰ
642 2205 712 2239 δέοι
729 2204 972 2240 τεκνώσασθαι.
1003 2203 1157 2250 ἐξήνεγκε
1181 2204 1215 2238 δέ

181 2258 269 2306 αὐτῷ
284 2258 323 2292 τὸ
339 2256 548 2304 χρηστήριον

336 2309 393 2354 Μὴ
412 2311 531 2356 σπεῖρε
547 2310 670 2344 τέκνων
686 2309 793 2344 ἄλοκα
810 2309 972 2352 δαιμόνων
988 2307 1060 2353 βίᾳ.

180 2361 298 2403 λαβὼν
315 2361 351 2396 δὲ
369 2363 428 2396 τὸν
443 2363 600 2408 χρησμὸν
613 2375 666 2396 και
683 2360 839 2396 ἀπελθὼν
852 2358 1022 2406 ἐφύλαττε
1037 2358 1083 2404 μὴ
1098 2372 1216 2393 συνευ-

181 2412 303 2447 νασθαι
320 2413 362 2456 τῇ
379 2412 446 2457 ἰδία
467 2413 608 2458 γυναικί.
642 2413 678 2447 ἐν
693 2412 752 2456 μιᾷ
775 2412 813 2446 δε
835 2415 901 2445 τῶν
918 2409 1047 2456 ἡμερῶν
1068 2423 1115 2443 τω
1139 2407 1216 2455 οἴνῳ

179 2463 356 2510 βαρυνθεὶς
378 2463 527 2508 συνῆλθε
549 2466 590 2508 τῇ
615 2464 745 2510 γυναικὶ
768 2463 881 2502 αυτοῦ,
901 2461 962 2507 ἀφ’
986 2460 1025 2505 ἧς
1048 2461 1130 2506 ἔσχε
1158 2461 1217 2495 τὸν

181 2515 356 2551 Οἰδίποδα.
384 2515 550 2561 φοβηθεὶς
568 2516 604 2550 δὲ
622 2516 681 2550 τὸν
697 2516 853 2562 χρησμὸν
870 2514 1005 2548 εἰπόντα

291 2567 333 2602 Εἰ
349 2569 415 2614 γὰρ
432 2569 608 2603 τεκνώσεις
624 2567 714 2602 παῖδ’
717 2594 726 2607 ,
746 2567 920 2601 ἀποκτενεῖ
937 2565 970 2600 σ’
989 2566 1008 2599 ὁ
1026 2564 1105 2610 φὺς,

180 2618 285 2655 καθὼς
305 2620 359 2654 καὶ
381 2619 510 2665 Πέλοψ
533 2620 756 2665 κατηράσατο,
775 2617 870 2662 ἡνίκα
893 2619 912 2652 ὁ
938 2617 1096 2652 Οἰδίπους
1124 2616 1213 2662 ἐγεν-

176 2669 270 2715 νήθη,
290 2670 492 2718 διατορήσας
508 2671 586 2707 τοὺς
599 2672 703 2706 πόδας
721 2671 823 2705 αὐτοῦ
837 2670 890 2704 καὶ
902 2669 1070 2715 χρυσέους
1083 2668 1214 2714 κρίκους

178 2723 511 2769 διαπερονησάμενος,
531 2723 566 2758 ἐν
585 2722 763 2768 Κιθαιρῶνι
786 2724 906 2756 τοῦτον
923 2719 1069 2764 ἐξέθετο.
1099 2720 1212 2765 εὗρόν-

178 2789 231 2810 τες
248 2775 286 2810 δέ
305 2789 392 2811 τινες
414 2775 514 2809 αὐτὸν
530 2775 684 2819 ποιμένες
711 2775 765 2808 καὶ
788 2773 1013 2815 ἀναλαβόντες
1036 2770 1214 2817 ἀνήνεγκαν

177 2830 223 2874 τῷ
245 2828 321 2861 τότε
343 2828 486 2869 βασιλεῖ
510 2826 676 2872 Κορίνθου
702 2824 866 2867 Πολύβῳ·
909 2823 946 2860 ὃς
974 2824 1092 2866 λαβὼν
1115 2823 1213 2858 αὐτὸν

175 2878 366 2923 ἐπιμελείας
382 2876 509 2923 ἦξίωσε
527 2879 580 2912 καὶ
598 2877 645 2913 εἰς
662 2878 790 2924 ἀνδρῶν
806 2876 938 2920 ἡλικίαν
949 2877 1085 2921 ἤγαγεν.
1101 2876 1213 2909 ἔπειτα

175 2930 212 2964 δέ
244 2930 402 2966 Οἰδίπους
431 2930 522 2976 παρά
551 2944 640 2965 τινος
668 2928 844 2974 ὑβρισθεὶς
870 2929 923 2962 καὶ
946 2926 1143 2962 ὀνειδισθεὶς
1170 2927 1213 2962 ὣς

175 2981 272 3018 νόθος
289 2982 365 3016 ἐστὶ
383 2982 436 3016 καὶ
459 2982 499 3016 οὐ
521 2980 662 3027 γνήσιος
684 2983 744 3015 τοῦ
767 2978 943 3022 Πολύβου,
963 2978 1112 3023 ἀπῆλθεν
1130 2978 1210 3024 ἐρω,

175 3031 288 3076 τήσων
314 3033 361 3069 εἰς
387 3033 448 3078 τὴν
475 3032 615 3075 Πυθίαν,
639 3034 744 3079 ἤγουν
769 3031 816 3067 εἰς
845 3033 884 3066 τὸ
910 3033 970 3065 τοῦ
997 3030 1213 3065 ’Λπόλλωνος

175 3087 338 3130 μαντεῖον,
353 3085 404 3121 τίς
420 3099 457 3119 τε
474 3083 524 3129 εἴη
543 3085 596 3119 καὶ
613 3084 702 3120 τίνος
714 3085 796 3119 υἱός.
826 3080 898 3118 εἶπε
915 3083 951 3117 δὲ
969 3082 1057 3129 αὐτῷ
1073 3082 1112 3115 τὸ
1128 3096 1210 3126 μαν-

174 3138 263 3171 τεῖον
284 3137 336 3172 ὅτι
359 3136 530 3183 πρόκειταί
556 3150 614 3171 σοι
639 3137 806 3181 φονεῦσαι
829 3136 887 3169 τὸν
908 3134 1034 3179 πατέρα
1063 3147 1128 3167 σου
1158 3134 1212 3167 καὶ

174 3188 274 3234 μητρί
305 3203 370 3223 σου
401 3187 677 3232 συνευνασθῆναι.
723 3185 870 3222 ἀκούσας
900 3187 936 3221 δέ
964 3187 1024 3220 τοῦ
1053 3186 1211 3231 χρησμοῦ

175 3241 376 3286 κατέλειψεν
403 3239 562 3275 ἀπελθεῖν
587 3239 635 3275 εἰς
664 3238 827 3285 Κόρινθον
852 3239 936 3284 πρὸς
963 3238 1022 3272 τὸν
1049 3238 1211 3278 Πόλυβον

175 3292 230 3326 διὰ
245 3292 288 3327 τα
305 3292 469 3339 εἰρημένα,
489 3292 534 3327 ὣς
555 3292 661 3326 δοκῶν
678 3292 736 3325 τὸν
752 3291 915 3331 Πόλυβον
931 3289 1044 3335 λέγειν
1060 3289 1099 3322 τὸ
1123 3302 1207 3334 χρη-

175 3342 314 3389 στήριον
339 3344 467 3390 πατέρα
496 3344 550 3378 καὶ
579 3343 640 3388 τὴν
669 3342 771 3377 αὐτοῦ
803 3342 941 3388 γυναῖκα
974 3341 1109 3385 μητέρα·
1157 3340 1209 3374 καὶ

175 3395 306 3438 ἀπῆλθε
333 3395 393 3440 τὴν
420 3395 454 3432 ἐς
475 3393 591 3439 Θήβας
617 3395 707 3429 ὁδόν.
745 3391 955 3439 διεπορεύετο
983 3392 1020 3426 δὲ
1045 3391 1105 3435 τὴν
1130 3391 1209 3426 ὁδὸν

173 3444 306 3491 ἐκείνην
323 3448 376 3482 καὶ
398 3449 417 3482 ὁ
440 3448 553 3486 Λάῖος,
572 3448 591 3481 ὁ
615 3444 736 3480 τούτου
757 3445 877 3491 πατὴρ,
902 3444 1128 3489 ἀπερχόμενος
1155 3443 1208 3477 καὶ

177 3497 282 3537 οὗτος
294 3499 344 3535 εἰς
372 3500 412 3533 τὸ
436 3499 590 3543 μαντεῖον
615 3495 795 3544 ἐρωτήσων
815 3497 893 3542 περὶ
917 3498 978 3530 τοῦ
1001 3493 1079 3541 παρ’
1106 3493 1208 3529 αὐτοῦ

171 3551 365 3590 ἐκτεθέντος
377 3550 508 3590 παιδὸς,
520 3551 624 3592 ἤγουν
640 3551 701 3585 τοῦ
720 3547 910 3588 Οἰδίποδος,
928 3547 963 3584 τί
977 3547 1108 3592 γέγονε.
1136 3545 1208 3581 ἐπεὶ

1264 1578 1301 1612 δε
1321 1577 1531 1622 συνήντησαν
1548 1578 1663 1624 ἄμφω,
1683 1580 1715 1613 οἱ
1732 1581 1793 1614 τοῦ
1814 1576 1916 1616 Λαΐου
1939 1579 2123 1628 δορυφόροι
2140 1579 2224 1627 πρὸς
2242 1578 2301 1613 τὸν

1264 1629 1430 1667 owen-0811
1457 1627 1562 1667 εἶπον·
1599 1633 1848 1680 παραχώρησον
1870 1634 1896 1668 ὦ
1919 1634 1992 1678 ξένε
2014 1635 2061 1681 τῷ
2077 1632 2218 1675 βασιλεῖ
2241 1631 2301 1675 τῆς

1262 1682 1355 1718 ὁδοῦ.
1394 1686 1412 1718 ὁ
1437 1683 1465 1719 δ’
1490 1685 1550 1719 οὐκ
1574 1685 1725 1730 ἐπείσθη·
1754 1687 1894 1732 πληγεις
1918 1687 1954 1720 δέ
1981 1687 2070 1732 παρὰ
2098 1688 2158 1719 τοῦ
2181 1682 2294 1724 Λαΐου,

1262 1734 1362 1780 ἐμάνη
1388 1737 1443 1771 ἐπὶ
1466 1735 1574 1784 τούτῳ
1592 1738 1645 1772 καὶ
1669 1738 1857 1772 ἀπέκτεινεν
1880 1738 1979 1772 αὐτὸν
1997 1738 2050 1772 καὶ
2073 1738 2197 1773 πάντας
2220 1737 2295 1772 τοὺς

1259 1786 1330 1830 μετ’
1360 1788 1473 1822 αὐτοῦ·
1502 1788 1558 1823 ἕνα
1589 1790 1625 1823 δέ
1655 1791 1757 1834 μόνον
1785 1790 1925 1835 ἀφῆκεν,
1954 1789 1991 1825 ὃς
2018 1790 2183 1835 στραφεὶς
2213 1787 2294 1823 οἴκοι

1259 1838 1445 1886 ἀπήγγειλε
1462 1841 1582 1875 πάντα.
1611 1840 1720 1875 ἐλθὼν
1737 1842 1774 1876 δέ
1793 1842 1839 1878 εἰς
1857 1841 1972 1886 Θήβας
1986 1844 2004 1876 ὁ
2020 1841 2178 1877 Οἰδίπους
2195 1839 2293 1875 ὔστε-

1258 1905 1319 1936 ρον
1342 1891 1418 1937 εὗρε
1447 1894 1546 1927 κακὸν
1573 1893 1685 1929 αὐτοῖς
1712 1893 1916 1938 ἐπικείμενον
1941 1894 2038 1939 μέγα,
2063 1893 2122 1937 τὴν
2145 1893 2293 1956 Σφίγγα,

1258 1957 1330 1985 ητις
1355 1944 1531 1990 αἰνίγματα
1561 1945 1659 1991 ἔλεγε
1683 1946 1735 1980 καὶ
1755 1947 1813 1980 τὸν
1835 1946 1880 1990 μὴ
1905 1944 2068 1990 ἰσχύοντα
2090 1947 2195 1979 λῦσαι
2213 1945 2294 1978 αὐτὰ

1260 1991 1430 2036 κατήσθιε·
1458 1995 1630 2040 προέκειτο
1649 1996 1686 2030 δὲ
1703 1998 1778 2030 τότε
1800 1998 1890 2043 παρὰ
1908 2002 1974 2032 τῶν
1993 1999 2149 2042 Θηβαίων
2166 2002 2212 2046 τῷ
2236 1999 2288 2032 εὑ-

1258 2045 1349 2089 ρόντι
1377 2046 1415 2079 τὸ
1443 2044 1575 2092 α’ίνιγμσ
1606 2048 1664 2091 τῆς
1690 2049 1841 2094 Σφιγγὸς
1865 2051 2028 2095 βραβεῖον
2056 2049 2074 2093 ἡ
2102 2053 2161 2084 τοῦ
2189 2047 2291 2084 Λαΐου

1259 2097 1340 2142 γυνὴ
1358 2096 1525 2142 Ἰοκάστη,
1551 2098 1758 2143 δοθησομένη
1786 2101 1874 2148 αυτῷ
1900 2101 1947 2137 εἰς
1976 2103 2094 2147 γάμον.
2132 2101 2291 2145 εἰπούσης

1258 2163 1318 2183 ουν
1335 2151 1393 2194 τῆς
1411 2150 1562 2196 Σφιγγὸς
1578 2151 1616 2184 τὸ
1635 2165 1768 2196 αινιγμα
1785 2153 1835 2191 τὸ,
1850 2154 2033 2199 τετράπους
2051 2153 2167 2189 δίπους
2185 2168 2221 2188 τε
2239 2167 2292 2188 και

1258 2202 1361 2235 πάλιν
1373 2201 1522 2247 τρίπους,
1542 2200 1560 2235 ὃ
1580 2203 1731 2246 σημαίνει
1741 2205 1800 2238 τὸν
1816 2203 2001 2250 ἄνθρωπον,
2018 2205 2140 2251 ἐφεῦρε
2157 2208 2255 2239 τοῦτο
2270 2207 2289 2239 ὁ

1261 2252 1430 2288 Οἰδίπους·
1451 2252 1470 2296 ἡ
1489 2254 1526 2287 δὲ
1544 2254 1657 2300 Σφὶγξ
1673 2257 1815 2298 μανεῖσα
1833 2256 1966 2291 ἀνεῖλεν
1983 2255 2096 2301 αὑτήν.
2119 2257 2292 2292 συνελθὼν

1259 2319 1317 2338 ουν
1345 2307 1363 2339 ὁ
1388 2304 1547 2341 Οἰδίπους
1569 2306 1609 2349 τῇ
1632 2306 1699 2351 ἰδίᾳ
1721 2308 1820 2353 μητρὶ
1846 2309 1966 2344 παῖδας
1994 2309 2133 2352 ἐποίησε
2162 2310 2289 2344 τέσσα-

1258 2371 1329 2401 ρας,
1357 2357 1415 2391 τὸν
1438 2357 1645 2401 Πολυνείκην
1671 2359 1724 2392 καὶ
1754 2360 1813 2393 τὸν
1838 2359 2030 2404 Ἐτεοκλῆν,
2055 2361 2115 2405 τὴν
2141 2358 2290 2407 Ἀντιγό-

1259 2422 1316 2451 νην
1342 2409 1395 2442 καὶ
1420 2408 1480 2453 τὴν
1507 2406 1677 2453 Ἰσμήνην.
1714 2408 1858 2458 ὕστερον
1881 2412 1918 2447 δὲ
1942 2411 2056 2457 μαθὼν
2078 2414 2117 2447 τὸ
2143 2413 2291 2478 ἀνόμημα

1259 2459 1276 2493 ὃ
1301 2460 1442 2506 ἔδρασεν
1464 2459 1665 2507 ἐτύφλωσεν
1688 2463 1814 2503 ἑαυτὸν,
1839 2465 1909 2500 τοῖς
1940 2465 1976 2498 δὲ
2002 2465 2183 2510 εἰρημένοις
2209 2466 2292 2501 υἱοῖς

1259 2512 1360 2546 αὑτοῦ
1383 2512 1443 2556 τὴν
1459 2514 1639 2555 βασιλείαν
1661 2515 1873 2561 κατέλειψεν.
1903 2517 1975 2551 ἐπεὶ
1998 2517 2034 2550 δέ
2058 2516 2150 2551 οὗτοι
2173 2520 2292 2551 τοῦτον

1259 2563 1338 2598 ὄντα
1359 2566 1493 2610 τυφλὸν
1513 2565 1549 2599 ἐν
1571 2565 1709 2600 οἰκίσκω
1733 2567 1920 2614 καθεῖρξαν,
1941 2569 2149 2614 κατηράσατο
2173 2569 2291 2604 αὐτοὺς

1259 2616 1349 2651 ὥστε
1376 2617 1430 2650 διὰ
1457 2616 1581 2661 ξίφους
1608 2618 1661 2652 καὶ
1683 2619 1833 2663 πολέμου
1856 2620 1915 2664 τὴν
1938 2620 2118 2661 βασιλείαν
2145 2621 2289 2667 διαμερί-

1260 2668 1399 2702 σασθαι.
1428 2668 1468 2703 οὗ
1486 2683 1579 2703 ενεκα
1602 2670 1655 2704 καὶ
1678 2669 1888 2716 φοβούμενοι
1909 2673 1948 2706 τὸ
1972 2674 2056 2716 ὁμοῦ
2078 2673 2139 2717 μὲν
2157 2670 2238 2707 εἶναι
2257 2673 2292 2707 ἐν

1258 2722 1329 2755 ταῖς
1353 2719 1481 2764 Θήβαις
1507 2734 1560 2755 και
1586 2721 1783 2763 βασιλεύειν
1809 2724 2028 2769 κατέλειψαν·
2064 2723 2289 2770 συμπεφωνή-

1259 2785 1337 2806 κασι
1355 2769 1462 2806 δεῖνα
1481 2774 1541 2806 τοῦ
1564 2773 1636 2809 ενὸς
1654 2774 1874 2820 ἐξερχομένου
1897 2777 1955 2820 τῆς
1977 2778 2108 2812 πόλεως
2131 2778 2184 2811 καὶ
2206 2777 2289 2811 ἀπο-

1259 2824 1474 2867 δημοῦντος’
1457 2824 1512 2858 επὶ
1528 2826 1651 2871 χρόνον
1669 2825 1725 2860 ἕνα
1742 2828 1760 2860 ὁ
1779 2826 1891 2873 ἕτερος
1907 2826 2099 2869 βασιλεύοι,
2115 2829 2168 2862 καὶ
2185 2829 2293 2863 πάλιν

1259 2877 1318 2909 τοῦ
1336 2875 1585 2920 ἀποδημοῦντος
1602 2876 1841 2923 εἰσερχομενου
1859 2879 2051 2925 ὑποχωροίη
2070 2882 2089 2914 ὁ
2107 2879 2231 2926 ἕτερος,
2247 2881 2291 2916 ὡς

1259 2926 1334 2961 ἄν’
1316 2941 1351 2961 εκ
1365 2925 1485 2962 τούτου
1503 2926 1642 2974 φύγωσι
1655 2928 1715 2973 τὴν
1727 2929 1821 2976 ἀράν.
1851 2933 1870 2965 ὁ
1876 2934 1970 2992 ,γοῦν
1982 2932 2187 2975 Πολυνείκης
2199 2936 2289 2978 πρῶ-

1259 2992 1315 3014 τος
1332 2978 1412 3013 ὤν’
1394 2979 1575 3025 εκράτησεν
1597 2995 1632 3015 εν
1648 2982 1759 3028 χρόνω
1782 2982 1830 3016 ενὶ
1853 2984 1912 3027 τῆς
1931 2983 2122 3024 βασιλείας,
2142 2998 2212 3018 ειτα
2234 2984 2291 3027 ἐξ·

1258 3029 1341 3074 ἣλθε
1366 3034 1414 3078 τῷ
1434 3030 1606 3066 Ἐτεοκλεῖ
1620 3032 1868 3079 παραχωρήσας
1889 3034 2000 3078 αὐτῆς.
2029 3037 2089 3069 τοῦ
2109 3036 2233 3081 χρόνου
2255 3036 2292 3070 δὲ

1259 3082 1562 3128 συμπληρωθέντος
1575 3084 1629 3118 ἐπὶ
1646 3085 1685 3118 τὸ
1702 3084 1899 3126 βασιλεύειν
1912 3088 1930 3120 ὁ
1943 3087 2149 3130 Πολυνείκης
2160 3087 2213 3120 καὶ
2231 3085 2290 3121 αὖ·

1259 3133 1309 3169 θις
1323 3133 1370 3169 εἰς
1386 3134 1446 3170 τὰς
1460 3133 1576 3178 Θήβας
1592 3135 1792 3182 παρεγένετο
1810 3138 1893 3171 κατὰ
1909 3139 1948 3172 τὸ
1967 3138 2288 3184 συμπεφωνημένον·

1257 3185 1301 3229 μὴ
1318 3185 1541 3231 παραδεχθεὶς
1557 3187 1628 3221 δε’
1612 3188 1677 3222 υπὸ
1694 3187 1912 3225 Ἐτεοκλέους
1930 3189 1977 3225 εἷς
1994 3191 2052 3225 τὸν
2069 3192 2129 3224 τοῦ
2142 3188 2290 3236 Ἀργους

1257 3237 1405 3277 βασιλέα
1426 3236 1622 3283 Ἀδραστον
1648 3238 1790 3284 ἀπῆλθε,
1820 3240 1873 3274 καὶ
1900 3239 2020 3276 τούτου
2054 3242 2207 3287 γαμβρὸς
2236 3240 2291 3276 ἐπὶ

1258 3287 1396 3335 θυγατρὶ
1412 3288 1563 3335 γέγονεν,
1582 3290 1638 3325 ἐπὶ
1655 3290 1844 3336 ὑποσχέσει
1860 3291 2008 3356 τοιαύτῃ,
2028 3291 2079 3327 ἵνα
2098 3291 2290 3338 συνεργήσῃ

1257 3339 1345 3387 αὐτῷ
1371 3342 1391 3375 ὁ
1409 3339 1604 3387 ’Ἄδραστος
1627 3339 1820 3378 ἐπανελθεῖν
1841 3343 1888 3379 εἰς
1915 3344 1975 3388 τὴν
1998 3344 2084 3379 ἰδίαν
2105 3346 2217 3384 πόλιν,
2238 3344 2289 3378 καὶ

1256 3391 1435 3431 βασιλείας
1464 3392 1665 3439 δράξασθαι.
1706 3395 1824 3436 λαβὼν
1850 3395 1961 3430 τοίνυν
1990 3396 2027 3430 ἐκ
2055 3398 2116 3430 τοῦ
2142 3393 2289 3441 Ἀργους

1257 3443 1418 3488 στρατιὰν
1434 3444 1602 3488 πλείστην
1618 3445 1753 3480 ἄπεισιν
1769 3445 1816 3482 εἷς
1840 3445 1956 3490 Θήβας
1979 3448 2061 3482 κατὰ
2084 3449 2144 3481 τοῦ
2168 3446 2290 3480 οἰκείου

1256 3494 1421 3540 ἀδελφοῦ.
1450 3495 1530 3530 ἔνθα
1543 3496 1596 3530 καὶ
1609 3496 1708 3533 αὐτὸς
1720 3498 1773 3532 καὶ
1791 3499 1810 3532 ὁ
1828 3498 1979 3544 ἀδελφὸς
1991 3498 2093 3533 αὐτοῦ
2110 3497 2164 3533 ὑπ’
2180 3497 2286 3542 ἀλλή-

1257 3548 1327 3581 λων
1343 3545 1587 3590 ἐφονεύθησαν.
