2488 3860
251 298 305 348 ιι

319 415 475 457 πίτυλον,
495 411 533 449 ὃς
550 410 620 448 αἷὲν
636 410 677 447 δι’
696 405 865 458 Ἀχέροντ’
883 406 1056 455 ἀμείβεται

325 466 385 501 τὰν
402 465 558 505 ἅστονον,
577 465 807 512 μελάγκροκον

325 516 513 553 ναύστολον
530 517 683 563 θεωρίδα,

324 570 384 604 τὰν
402 570 527 614 ἀστιβῆ
550 567 723 610 ’πόλλωνι,
742 568 803 604 τὰν
819 568 966 606 ἀνάλιον,

1131 302 1431 348 ΑΙΣΧΎΛΟΎ1

1417 407 1461 444 ὧς
1478 408 1618 455 ἐρξάτην
1634 411 1749 446 πολλὰ
1765 413 1827 458 μὲν
1842 413 1994 458 πολίτας,

1416 459 1519 503 ξένων
1534 462 1572 497 δὲ
1588 463 1720 499 πάντων
1738 465 1859 512 στίχας

1414 513 1654 560 πολυφθόρους
1671 515 1707 550 ἐν
1724 513 1790 552 δαΐ.

2283 481 2339 517 9²5

324 622 488 657 πάνδοκον
503 622 550 659 εἷς
567 621 679 668 ἀφανῆ
695 634 733 656 τε
749 620 885 666 χέρσον.

327 674 417 708 ἀλλὰ
434 674 499 721 γὰρ
517 672 634 718 ἥκουσ’
653 672 715 709 αἵδ’
735 673 789 708 ἐπὶ
806 674 935 719 πρᾶγος

324 726 442 771 πικρὸν
458 725 630 772 Ἀντιγόνη
648 727 678 760 τ’
693 723 744 770 ἧδ’
761 723 912 769 Ἰσμήνη,

324 777 444 824 θρῆνον
461 778 639 824 ἀδελφοῖν·
668 777 727 812 οὐκ
745 773 948 822 ἀμφιβόλως

325 827 417 875 οἶμαί
435 829 498 876 σφ’
519 830 644 876 ε’ρατῶν
661 830 697 864 ἐκ
714 828 940 872 βαθυκόλπων

326 881 478 926 στηθέων
495 882 590 927 ἥσειν
606 881 712 928 ἄλγος
730 880 878 924 ἐπάξιον.

328 934 412 978 ἡμᾶς
429 934 466 969 δὲ
484 934 556 978 δίκη
574 935 737 980 πρότερον
755 931 868 978 φήμης

326 988 384 1021 τὸν
401 986 612 1021 δυσκέλαδόν
630 984 663 1020 θ’
682 983 784 1030 ὕμνον
801 982 951 1030 Ἐρινύος

327 1038 421 1083 ἀχεῖν
432 1037 532 1083 Ἀιδᾳ
549 1037 578 1073 τ’

329 1090 452 1137 ἐχθρὸν
468 1089 577 1126 παιᾶν’
597 1090 807 1135 ἐπιμέλπειν.

328 1143 367 1178 ῖὼ
385 1142 679 1187 δυσαδελφόταται
696 1144 815 1177 πασῶν
833 1142 956 1175 ὁπόσαι

330 1195 484 1241 στρόφον
502 1193 645 1238 ἐσθῆσιν
661 1194 938 1239 περιβάλλονται,

331 1246 447 1286 κλαίω,
468 1245 637 1291 στένομαι,
658 1246 710 1280 καὶ
728 1246 829 1281 δόλος
846 1244 954 1278 οὐδεὶς

329 1297 373 1344 μὴ
391 1298 422 1333 ’κ
440 1299 564 1345 φρενὸς
582 1297 689 1344 ὀρθῶς
705 1312 747 1342 με
763 1296 938 1343 λιγαίνειν.

233 1357 311 1388 HM.
333 1351 372 1386 ἶὼ
391 1350 428 1385 ich
447 1349 649 1397 δύσφρονες,

331 1403 445 1450 φίλων
461 1402 600 1438 ἄπιστοι
618 1402 671 1437 καὶ
689 1404 795 1436 κακῶν
812 1398 1004 1446 ἀτρύμονες,

333 1454 453 1499 δόμους
469 1453 640 1502 πατρῴους
661 1455 794 1489 ἑλόντες
811 1452 930 1497 μέλεοι
950 1450 1013 1485 σὺν
1031 1449 1129 1493 ἀλκᾷ.

367 1507 377 1519 2
494 1507 509 1516 .
537 1505 546 1518 ‚
586 1504 598 1516 Α
690 1505 699 1516 .
845 1505 854 1516 ,

233 1514 314 1544 ΗΜ.
335 1509 453 1553 μελεοι
471 1505 534 1551 δηθ
566 1520 599 1540 οι
615 1507 756 1550 μελεους
774 1505 934 1540 θανατους

335 1558 470 1607 εὕροντο
489 1558 598 1603 δόμων
617 1558 670 1593 ἐπὶ
687 1556 789 1602 λύμῃ.

335 1612 373 1647 za,
393 1611 430 1646 ἷὼ
449 1611 608 1656 δωμάτων

336 1663 559 1711 ἐρειψίτοιχοι
577 1662 630 1697 καὶ
647 1662 766 1709 πικρὰς
782 1660 964 1707 μοναρχίας

231 1618 314 1650 HM.

337 1716 472 1755 ἰδόντες,
491 1714 525 1749 τί
538 1714 577 1759 δὴ
596 1712 781 1759 διήλλαχθε
800 1713 863 1748 σὺν
882 1712 1029 1758 σιδάρῳ;

237 1775 318 1806 ΗΜ.
339 1769 442 1815 κάρτα
459 1767 487 1802 δ’
506 1767 613 1811 ἀληθῆ
631 1767 755 1813 πατρὸς
775 1765 936 1800 Οἰδιπόδα

335 1819 440 1856 πότνι’
457 1818 587 1866 Ἐρινὺς
605 1818 773 1865 ἐπέκρανε.

339 1872 380 1908 δι’
400 1870 573 1917 εὐωνύμων
590 1870 795 1916 τετυμμένοι,

337 1924 530 1970 τετυμμένοι
548 1922 636 1968 δῆθ’,
661 1925 741 1968 ὁμο-

338 1978 545 2044 σπλάγχνων
562 1990 599 2010 τε
615 1974 862 2019 πλευρωμάτων

342 2025 362 2044 ο
406 2024 426 2044 ο

233 1879 319 1909 HM.

337 2068 407 2103 αἷαῖ
423 2068 594 2113 δαιμόνιοι,

339 2118 407 2155 αιάἳ
422 2119 450 2155 δ’
470 2120 654 2165 ἀντιφόνων

342 2172 378 2206 ἐκ
396 2172 543 2208 θανάτων
560 2171 647 2217 ἀραί.

340 2221 506 2258 διανταίαν
521 2222 633 2269 λέγεις
650 2223 784 2268 δόμοισι
802 2222 854 2256 καὶ

337 2276 492 2320 σώμασιν
508 2274 771 2321 πεπλαγμένους,

336 2327 505 2374 ἀναυδάτῳ
522 2326 611 2371 μένει

335 2379 439 2426 ἀραίῳ
456 2377 485 2413 τ’
504 2379 540 2413 ἐκ
557 2379 682 2424 πατρὸς

335 2430 515 2477 διχόφρονι
531 2432 660 2478 πότμῳ.

336 2481 439 2527 διήκει
457 2483 493 2517 δὲ
511 2483 564 2516 καὶ
580 2484 681 2517 πόλιν
700 2483 830 2521 στόνος,

334 2534 496 2570 στένουσι
513 2530 646 2580 πύργοι,
668 2534 776 2569 στένει

332 2586 434 2622 πέδον
451 2586 649 2632 φίλανδρον·
678 2586 770 2630 μενεῖ

333 2638 450 2673 κτέανά
467 2637 494 2672 τ’
514 2638 690 2684 ἐπιγόνοις,

332 2690 374 2725 δι’
394 2690 439 2725 ὧν
455 2690 654 2735 αἰνομόροις,

332 2741 373 2776 δι’
393 2742 438 2777 ὢν
456 2743 561 2777 νεῖκος
578 2742 654 2783 ἔβα,

331 2794 384 2828 καὶ
402 2793 543 2828 θανάτου
561 2793 674 2829 τέλος.

332 2846 553 2892 ἐμοιράσαντο
572 2845 602 2879 δ’
619 2845 807 2890 ὀξυκάρδιοι

330 2896 485 2942 κτήμαθ’,
505 2895 587 2931 ὥστ’
605 2894 683 2932 ἴσον
699 2897 830 2941 λαχεῖν.

329 2950 546 2994 διαλλακτῆρι
565 2948 592 2983 δ’
612 2949 671 2983 οὐκ

328 3001 481 3046 ἀμεμφία
498 3000 626 3046 φίλοις,

327 3051 396 3087 οὐδ’
416 3053 568 3098 ἐπίχαρις
578 3051 697 3098 ”Αρης.

330 3105 591 3151 σιδαρόπλακτοι
609 3105 669 3148 μὲν
687 3102 741 3136 ὧδ’
761 3103 891 3147 ἔχουσι,

328 3157 590 3203 σιδαρόπλακτοι
609 3156 644 3190 δέ
663 3155 739 3190 τοὺς
756 3154 906 3199 μένουσι,

326 3207 399 3253 τάχ’
419 3207 459 3243 ἅν
476 3221 526 3243 τις
543 3206 642 3247 εἴποι,
662 3207 769 3246 τίνες;

326 3261 444 3306 τάφων
461 3258 622 3307 πατρῴων
639 3257 755 3303 λα’χαι.

237 2225 320 2258 HM.

233 2485 315 2518 HM.

227 2848 311 2881 HM.

225 3108 308 3140 HM.

226 3316 307 3347 HM.

375 3468 510 3514 φρενὸς,
529 3466 551 3500 ἃ

325 3518 520 3564 κλαιομένας
536 3532 601 3563 μου
618 3515 745 3563 μινύθει
763 3517 870 3552 τοῖνδε
889 3517 980 3552 δυοῖν
998 3516 1162 3552 ἀνάκτοιν.
1194 3529 1255 3561 920

1232 3567 1239 3579 ,

226 3575 308 3608 ΗΜ.
326 3571 471 3617 πάρεστι
488 3569 517 3605 δ’
536 3569 639 3606 εἶπεῖν
656 3568 706 3605 ἐπ’
725 3568 897 3604 ἀθλίοισιν

337 3312 448 3357 δόμων
459 3311 537 3356 μάλ’
557 3311 643 3356 ἀχὰν
661 3310 695 3346 ἐς
712 3309 768 3346 οὖς
785 3309 973 3356 προπέμπει

326 3363 461 3410 δαϊκτὴρ
479 3365 570 3409 γόος,
590 3363 804 3401 αὖτόστονος,
823 3360 1032 3405 αὐτοπήμων.

325 3416 507 3462 δαϊόφρων,
537 3415 577 3449 οὐ
612 3413 814 3459 φιλογαθὴς,
843 3411 970 3457 ἐτύμως
1000 3411 1189 3457 δακρυχέων
1221 3412 1254 3445 ἐκ

1299 3257 1347 3286 [Σ.

1299 3310 1371 3339 ΑΝ.

1301 3361 1350 3389 [Σ.

1300 3413 1370 3442 AN.

1299 3464 1351 3493 [Σ.

1299 3515 1369 3546 ΑΝ.

1118 3568 1189 3603 dm.
1208 3583 1253 3616 7·
1300 3567 1347 3597 [Σ.

1193 3320 1252 3352 9¹5

1314 566 1396 598 ΗΜ.
1418 562 1456 598 ἷὼ
1475 565 1621 601 δυσαίων
1639 568 1727 613 σφὶν
1743 571 1765 603 ἁ
1781 573 1926 607 τεκοῦσα

1194 619 1256 652 860
1413 617 1479 661 πρὸ
1500 619 1612 653 πασᾶν
1633 620 1757 655 ὁπόσαι
1771 626 1959 670 τεκνογόνοι
1976 627 2159 670 κέκληνται.

1414 668 1515 702 παῖδα
1538 670 1596 703 τὸν
1613 670 1714 708 αὖτᾶς
1736 675 1840 710 πόσιν
1856 676 1940 722 αὑτᾷ
1964 676 2083 722 θεμένα
2110 676 2227 714 τούσδ’
2244 677 2344 723 ἔτεχ’,

1465 721 1497 754 οἱ
1515 720 1543 755 δ’
1563 720 1618 755 ὧδ’
1638 722 1769 758 ἐτελεύ·
2283 744 2346 776 930

1414 784 1521 806 τασαν
1539 772 1592 808 ὑπ’
1612 774 1866 822 ἀλλαλοφόνοις
1881 782 2004 827 χερσὶν
2021 783 2280 830 ὁμοσπόροισιν.

1314 827 1395 855 ΗΜ.
1417 824 1604 871 ὁμόσποροι
1623 826 1705 870 δῆτα
1722 830 1775 864 καὶ
1792 831 2013 879 πανώλεθροι,
2202 849 2280 881 στρ-
2305 833 2335 870 δ’

1197 875 1256 915 865
1415 875 1583 920 διατομαῖς
1601 878 1640 912 οὐ
1658 879 1788 924 φίλαις,
2285 899 2346 936 935

1415 926 1498 971 ἔριδι
1515 930 1704 976 μαινομένᾳ,

1415 978 1537 1015 νείκεος
1555 980 1590 1014 ἐν
1606 984 1757 1030 τελευτᾷ.

1314 1034 1395 1064 HM.
1416 1031 1579 1066 πέπαυται
1598 1034 1626 1068 δ’
1645 1035 1756 1080 ἔχθος,
1777 1037 1812 1072 ἐν
1829 1038 1866 1074 δέ
1883 1040 1962 1086 γαίᾳ

1416 1082 1474 1124 ζόα
1491 1084 1668 1134 φονορύτῳ

1199 1137 1261 1177 870
1413 1134 1578 1178 μέμικται·
1607 1140 1710 1185 κάρτα
1728 1140 1756 1175 δ’
1776 1140 1840 1177 εἴσ’
1859 1143 2004 1189 ὅμαιμοι.
2283 1162 2348 1196 940

1414 1188 1531 1232 πικρὸς
1547 1190 1653 1237 λυτὴρ
1672 1193 1803 1229 νεικέων

1415 1239 1433 1271 ὁ
1451 1238 1585 1277 πόντιος
1602 1243 1710 1286 ξεῖνος
1728 1245 1764 1279 ἐκ
1781 1248 1886 1293 πυρὸς
1904 1248 2019 1285 συθεὶς

1416 1289 1534 1333 θηκτὸς
1552 1294 1703 1340 σίδαρος·
1732 1299 1850 1344 πικρὸς
1867 1300 1903 1334 δὲ
1920 1301 2100 1347 χρημάτων

1120 1356 1198 1389 στρ,
1218 1339 1261 1375 α’.
1416 1344 1512 1379 κακὸς
1530 1345 1671 1390 δατητὰς
1680 1346 1786 1394 ’Άρης
2283 1371 2345 1405 945

1202 1398 1262 1437 875
1414 1394 1497 1439 ἀρὰν
1513 1397 1668 1446 πατρῴαν
1685 1400 1786 1437 τιθεὶς
1803 1402 1922 1447 ἀλαθῆ.

1315 1449 1396 1479 ΗΜ.
1417 1446 1536 1491 ἔχουσι
1553 1452 1672 1496 μοῖραν
1689 1453 1862 1499 λαχόντες,
1883 1454 1909 1489 ὦ
1926 1456 2058 1500 μέλεοι,
2212 1458 2284 1494 dvr-
2303 1456 2347 1496 ‘3'-

1416 1498 1599 1536 διοσδότων
1617 1503 1737 1548 ἀχέων·

1416 1550 1479 1585 ὑπὸ
1498 1552 1533 1586 δέ
1553 1555 1682 1597 σώματι
1699 1558 1761 1602 γᾶς

1017 1606 1086 1640 ἀντ,
1106 1602 1149 1639 α’,
1203 1606 1266 1638 880
1415 1604 1561 1640 πλοῦτος
1579 1606 1736 1648 ἶίβυσσος
1754 1611 1862 1645 ἔσται.
2281 1628 2344 1663 950

1315 1658 1397 1688 ΗΜ.
1419 1653 1457 1687 ἶὼ
1474 1657 1618 1694 πολλοῖς
1636 1659 1872 1698 ἐπανθίσαντες

1203 1711 1263 1750 885
1414 1706 1549 1742 πόνοισι
1567 1708 1694 1755 γενέαν·

1416 1761 1554 1806 τελευτᾷ
1572 1761 1600 1796 δ’
1619 1761 1681 1797 αἵδ’
1701 1765 1916 1811 ἐπηλάλαξαν

1247 1861 1250 1864 Ι
1416 1811 1493 1857 ἀραὶ
1511 1814 1568 1848 τὸν
1584 1814 1664 1857 ὀξὺν
1682 1819 1793 1862 νόμον,

1118 1879 1195 1908 στρ,
1216 1864 1244 1906 β
1255 1888 1264 1897 .
1416 1866 1638 1910 τετραμμένου
1655 1872 1834 1916 παντρόπῳ
1852 1872 1947 1918 φυγᾷ
1963 1873 2091 1918 γένους.
2277 1891 2316 1925 9?
2321 1893 2338 1925 5

1418 1915 1538 1951 ἕστακε
1556 1918 1584 1952 δ’
1598 1917 1703 1955 ''A-ras*
1720 1922 1880 1966 τροπαῖον
1899 1923 1934 1957 ἐν
1951 1922 2085 1964 πύλαις,
2299 1915 2309 1923 “

1200 1973 1262 2012 890
1417 1968 1452 2002 ἐν
1470 1966 1521 2004 αἷς
1539 1970 1714 2011 ἐθείνοντο,
1735 1974 1788 2007 καὶ

1415 2014 1507 2049 δυοῖν
1525 2016 1691 2062 κρατήσας
1708 2019 1811 2063 ἔληξε
1829 2020 1964 2066 δαίμων.
2282 2033 2346 2075 960

1316 2069 1385 2099 AN.
1414 2067 1568 2103 παισθεὶς
1586 2069 1738 2106 ἔπαισας.

1782 2129 1835 2159 ῙΣ.
1882 2127 1927 2161 σὺ
1945 2127 1974 2163 δ’
1993 2128 2106 2167 ἔθανες
2123 2135 2339 2171 κατακτανὼν.

1311 2173 1383 2203 AN.
1413 2169 1486 2216 δορὶ
1505 2168 1534 2206 δ’
1550 2173 1672 2209 ἔκανες.

1310 2225 1362 2254 ΙΣ.
1410 2222 1482 2268 δορὶ
1501 2224 1530 2258 δ’
1543 2224 1666 2261 ἔθανες.

1201 2271 1260 2312 895
1309 2277 1382 2306 AN.
1410 2276 1625 2317 μελεόπονος.

1309 2328 1365 2357 ῙΣ.
1411 2327 1634 2373 μελεοπαθής.

1308 2380 1381 2409 AN.
1408 2375 1468 2411 ἴτω
1487 2379 1621 2426 δάκρυα.

1308 2432 1360 2461 ΙΣ.
1407 2427 1465 2463 ἴτω
1482 2432 1573 2476 γόος.

1033 2478 1103 2513 ἀντ,
1123 2475 1171 2520 β’.
1199 2489 1260 2521 900
1308 2484 1380 2513 AN.
1409 2483 1596 2527 πρόκεισαι,
1634 2491 1686 2521 ΙΣ.
1715 2492 1885 2529 κατακτάς.
2277 2505 2338 2547 065

1306 2534 1378 2564 AN.
1407 2530 1444 2575 ἧὲ
1462 2531 1510 2577 ἠὲ,
1529 2535 1677 2578 μαίνεται
1694 2541 1807 2585 γόοισι
1825 2542 1928 2590 φρήν.
2263 2567 2328 2597 στρ

1307 2587 1358 2616 12.
1406 2583 1497 2620 ἐντὸς
1515 2586 1551 2620 δὲ
1569 2590 1685 2636 καρδία
1704 2593 1824 2630 στένε..
2332 2580 2340 2588 ’

1305 2638 1378 2668 ΑΝ.
1408 2635 1446 2668 ἷὼ
1465 2635 1503 2670 ἶὼ
1520 2640 1684 2687 πάνδυρτε
1703 2643 1760 2679 σύ.

1306 2690 1358 2719 1Σ.
1405 2687 1449 2721 σὺ
1467 2687 1495 2722 δ’
1514 2689 1592 2725 αὖτε
1610 2695 1662 2728 καὶ
1679 2697 1854 2734 πανάθλιε.

1197 2750 1255 2782 905
1305 2742 1378 2771 AN.
1406 2740 1490 2784 πρὸς
1507 2742 1614 2786 φίλου
1632 2746 1769 2791 ἔφθισο.
2275 2769 2339 2806 970

1305 2793 1357 2822 ΙΣ.
1404 2791 1456 2824 καὶ
1474 2792 1581 2837 φίλον
1598 2796 1738 2834 ἔκτανες.
1762 2818 1773 2847 j

1304 2845 1376 2874 AN.
1406 2842 1510 2877 διπλᾶ
1526 2846 1649 2892 λέγειν.

1305 2896 1356 2926 ΙΣ.
1403 2893 1506 2929 διπλᾶ
1524 2896 1553 2930 δ’
1571 2900 1664 2944 ὁρᾶν.

1303 2948 1376 2978 AN.
1396 2945 1505 2989 ἀχέων
1522 2949 1621 2984 τοίων
1638 2953 1708 2987 τάδ’
1729 2955 1879 3003 ἐγγύθεν.

1278 3026 1281 3047 ¹
1303 2999 1354 3029 12.
1400 2996 1510 3033 πέλας
1527 2998 1588 3034 αἵδ’
1608 3003 1754 3050 ἀδελφαὶ
1772 3009 1961 3057 ἀδελφεῶν.

1195 3062 1214 3093 9
1222 3061 1257 3109 1'0
1303 3050 1372 3081 XO.
1402 3047 1445 3111 ld)¹
1457 3051 1557 3095 μοῖρα
1574 3055 1793 3105 βαρυδότειρα
1810 3065 1948 3110 μογερὰ,
2236 3097 2240 3103 -
2272 3084 2332 3118 975

1114 3114 1191 3145 στρ,
1207 3111 1231 3143 γ
1247 3126 1255 3134 ,
1402 3103 1518 3135 ποτνιιὶ
1536 3102 1564 3136 τ’
1584 3105 1724 3142 Οἰδίπου
1743 3114 1833 3152 σκιὰ,

1399 3151 1532 3212 ’μέλαιν’
1551 3152 1690 3201 Ἐρινὺς,
1710 3159 1730 3204 ἦ
1743 3166 1951 3213 μεγασθενής
1969 3183 2018 3206 τις
2036 3168 2078 3207 εἷ.

1301 3205 1371 3235 ΑΝ.
1393 3203 1430 3245 ηέ
1448 3201 1485 3247 ἠὲ
1503 3205 1669 3244 δυσθέατα
1686 3211 1819 3257 πήματα
2263 3229 2332 3264 dvr-

1401 3254 1539 3298 ἐδείξατ’
1558 3258 1593 3292 ἐκ
1612 3261 1723 3307 φυγᾶς
1741 3266 1824 3309 ἐμοί.

1400 3306 1469 3341 οὐδ’
1488 3306 1570 3343 ἵκεθ’
1591 3311 1634 3347 ὡς
1655 3316 1857 3355 κατέκτανεν.

1398 3358 1519 3395 σωθεὶς
1536 3361 1571 3395 δὲ
1590 3366 1703 3408 πνεῦμ’
1722 3368 1909 3412 ἀπώλεσεν.

1398 3408 1511 3452 ὤλησε
1529 3410 1569 3454 δὴ
1583 3414 1672 3449 τόδε.

1396 3463 1450 3497 καὶ
1467 3463 1537 3500 τόδ’
1557 3466 1738 3513 ἐνόσφισε.

1399 3514 1502 3548 τάλαν
1518 3521 1629 3559 γένος.

1395 3565 1498 3600 τάλαν
1518 3568 1633 3605 πάθος.
