2488 3860
161 1409 223 1439 HE
229 1431 237 1439 .

162 1461 231 1491 ΕΥ.

162 1565 238 1596 HE.

560 902 1349 956 ΑΡΙΣΤΟΦΑΝΟΥΣ
1420 902 1876 959 ΟΡΝΙΘΕΣ.

514 1306 784 1338 ΕΥΕΛΠῙΔΗΣ.

268 1349 389 1400 Ὀρθὴν
405 1348 562 1390 κελεύεις,
580 1348 603 1395 ᾖ
618 1351 657 1385 τὸ
675 1351 811 1397 δένδρον
828 1347 982 1395 φαίνεται
998 1360 1008 1388 ;

266 1403 487 1450 διαρραγείης·
515 1403 575 1448 ἥδε
592 1401 620 1437 δ’
639 1401 681 1437 αὖ
698 1403 814 1449 κρώζει
830 1402 945 1437 πάλιν.

269 1456 314 1496 τί,
334 1455 361 1490 ὦ
376 1454 505 1502 πονῆρ’,
524 1454 591 1489 ἅνω
610 1455 696 1489 κάτω
713 1452 964 1498 πλανῦττομεν;

265 1507 470 1553 ἀπολούμεθ’
489 1507 604 1543 ἄλλως
620 1507 680 1551 τὴν
697 1507 775 1541 ὁδὸν
790 1503 1066 1552 προφορουμένω.

264 1561 304 1595 τὸ
322 1559 350 1595 δ’
369 1560 427 1605 ἐμὲ
444 1561 570 1607 κορώνῃ
587 1558 782 1604 πειθόμενον
797 1559 856 1592 τὸν
872 1557 991 1592 ἄθλιον
1174 1567 1191 1598 5

265 1613 345 1647 ὁδοῦ
362 1612 551 1658 περιελθεῖν
568 1611 689 1646 στάδια
704 1612 803 1646 πλεῖν
819 1609 840 1655 ἢ
857 1610 965 1655 χίλια.

165 1670 232 1700 ΕΥ.
260 1665 299 1699 τὸ
317 1664 346 1699 δ’
366 1665 423 1710 ἐμὲ
441 1666 563 1712 κολοιῷ
579 1663 776 1708 πειθόμενον
791 1663 850 1697 τὸν
867 1660 1038 1707 δύσμορον

161 1774 237 1804 HE.

163 1826 233 1856 ΕΥ.

161 1879 237 1908 ΠΕ;

161 1931 232 1961 ΕΥ-

162 1983 231 2014 ΕΥ.

167 2506 234 2537 ΕΥ.

163 2609 234 2640 Er.

265 1717 506 1762 ἀποσποδῆσαι
522 1716 601 1752 τοὺς
618 1714 740 1761 ὄνυχας
755 1718 822 1749 τῶν
839 1712 1024 1749 δακτύλων.

265 1768 343 1804 ἀλλ’
362 1768 431 1803 οὐδ’
449 1768 535 1804 ὅπου
550 1769 612 1815 γῆς
630 1767 732 1813 ε’σμὲν
749 1763 811 1802 οἶδ’
829 1765 928 1813 ἔγωγ’
947 1766 1008 1800 ἔτι.

270 1821 432 1856 ἐντευθενὶ
448 1821 510 1866 τὴν
523 1820 655 1867 πατρίδ’
674 1819 714 1854 ἂν
731 1818 879 1866 ἐξεύροις
897 1817 942 1853 σι’)
958 1832 1024 1853 που
1038 1829 1049 1858 ;

265 1873 334 1909 οὐδ’
353 1873 393 1908 ἂν
409 1874 456 1919 μὰ
473 1872 585 1919 Δία,γ’
605 1871 754 1907 ἐντεῦθεν
769 1870 1019 1915 Ἐξηκεστίδης.

270 1924 371 1971 οἴμοι.
435 1931 510 1960 ΠΕ.
539 1925 585 1960 σὺ
601 1925 673 1969 μὲν,
693 1923 719 1958 ὦ
736 1925 808 1963 τᾶν,
826 1923 886 1967 τὴν
902 1923 981 1958 ὁδὸν
997 1919 1119 1966 ταύτην
1134 1917 1195 1957 ἴθι.

268 1976 289 2022 ἦ
308 1978 398 2013 δεινὰ
414 1978 459 2013 νὼ
477 1977 632 2024 δέδρακεν
648 1976 708 2011 ὁὺκ
725 1979 791 2011 τῶν
807 1974 942 2022 ὀρνέων,

266 2032 286 2065 6
302 2031 535 2074 πινακοπώλης
551 2029 757 2075 Φιλοκράτης
773 2029 1010 2074 μελαγχολῶν,

266 2081 304 2119 ὃς
320 2081 397 2117 τώδ’
411 2083 542 2128 ἔφασκε
559 2083 624 2129 νῷν
641 2081 789 2127 φράσειν
805 2081 864 2115 τὸν
880 2079 998 2125 Τηρέα,

266 2136 325 2171 τὸν
341 2133 455 2180 ἔποφ’,
474 2133 512 2170 ὃς
528 2133 618 2180 ὅρνις
635 2131 754 2180 ἐγένετ’
774 2133 810 2167 ἐκ
826 2135 893 2167 τῶν
910 2131 1043 2178 ὀρνέων·

267 2186 429 2222 κάπέδοτο
446 2187 505 2222 τὸν
520 2187 582 2231 μὲν
599 2185 824 2231 θαρρελείδου
840 2184 972 2219 τουτονὶ

268 2240 402 2274 κολοιὸν
418 2238 560 2281 ὀβολοῦ,
578 2237 709 2282 τηνδεδὶ
725 2238 928 2284 τριωβόλου.

269 2291 316 2326 τὸ
334 2290 362 2326 δ’
382 2291 442 2326 οὐκ
458 2289 509 2337 ἄρ’
528 2286 636 2334 ᾔστην
651 2289 749 2324 οὐδὲν
765 2290 854 2323 ἄλλο
871 2288 961 2334 πλὴν
979 2289 1118 2323 δάκνειν.

267 2344 322 2378 καὶ
338 2345 396 2378 νῦν
412 2342 446 2378 τί
463 2342 622 2388 κέχηνας;
651 2339 730 2376 ἔσθ’
742 2340 819 2376 ὅποι
837 2341 919 2375 κατὰ
929 2344 995 2375 τῶν
1007 2342 1138 2387 πετρῶν
1160 2352 1201 2375 20

266 2394 352 2440 ἡμᾶς
367 2393 413 2430 ἔτ’
430 2394 541 2439 ἅξεις;
561 2394 600 2429 οὗ
616 2395 682 2440 γάρ
700 2393 770 2428 ἐστ’
791 2391 930 2428 ἐνταῦθά
947 2406 998 2429 τις

266 2448 354 2483 ὁδός.
378 2451 453 2482 HE.
465 2447 543 2482 οὐδὲ
555 2447 602 2491 μὰ
615 2445 671 2480 Δί’
687 2445 827 2481 ἐνταῦθά
838 2445 870 2492 γ’
881 2445 1028 2491 ἀτραπὸς
1038 2444 1198 2489 οὐδαμοῦ.

271 2498 292 2543 ἦ
310 2498 340 2534 δ’
358 2498 378 2543 ἡ
397 2500 522 2545 κορώνη
539 2500 599 2544 τῆς
616 2499 697 2533 ὁδοῦ
714 2511 747 2532 τι
763 2497 858 2544 λέγει
874 2497 974 2543 πέρι;

271 2551 311 2586 οὗ
327 2551 431 2586 ταύτὰ
448 2551 564 2597 κρώζει
579 2550 627 2595 μὰ
643 2549 708 2585 Δία
724 2551 782 2584 νῦν
798 2564 836 2584 τε
854 2550 907 2584 καὶ
923 2550 1012 2584 τότε.

271 2603 306 2638 τί
322 2603 362 2648 δὴ
378 2603 472 2649 λέγει
488 2603 566 2650 περὶ
582 2603 642 2646 τῆς
658 2601 739 2637 ὁδοῦ
753 2614 763 2641 ;

807 2653 842 2687 τί
858 2652 888 2687 δ’
906 2653 995 2688 ἄλλο
1011 2653 1044 2700 γ’
1062 2652 1082 2698 ἦ

265 2701 430 2746 βοῦκουσ’
447 2704 632 2739 ἀπέδεσθαί
648 2704 739 2750 φησί
754 2718 820 2749 μου
837 2704 916 2741 τοὺς
933 2704 1137 2746 δακτύλους;

272 2756 313 2790 οὗ
330 2755 437 2791 δεινὸν
453 2755 512 2791 οὖν
529 2756 598 2801 δῆτ’
618 2756 712 2791 ἐστὶν
727 2755 813 2801 ἡμᾶς
825 2757 1000 2802 δεομένους

267 2807 303 2844 ἐς
319 2809 460 2854 κόρακας
477 2808 595 2842 ἐλθεῖν
612 2809 666 2843 καὶ
681 2809 1026 2855 παρεσκευασμένους,

266 2860 379 2895 ἔπειτα
395 2859 440 2905 μὴ
459 2858 601 2906 ’ξευρεῖν
618 2859 780 2895 δύνασθαι
797 2861 856 2905 τὴν
873 2862 972 2901 ὁδόν;

266 2910 360 2956 ἡμεῖς
375 2912 454 2958 γὰρ,
474 2911 596 2958 ὦνδρες
611 2913 645 2947 οἱ
660 2913 822 2958 παρόντες
839 2913 875 2947 ἐν
892 2914 997 2960 λόγῳ,

266 2965 369 2998 νόσον
386 2966 550 3008 νοσοῦμεν
565 2963 626 3008 τὴν
642 2963 790 2998 ἐναντίαν
806 2965 907 2999 Σάκα·

278 3015 289 3028 ‘
302 3015 364 3060 μὲν
379 3016 445 3062 γὰρ
463 3015 509 3050 ὣν
525 3015 585 3050 οὔκ
603 3015 707 3051 ἀστὸς
725 3016 925 3059 ἐσβιάζεται,

271 3069 359 3112 ’μεῖς
376 3067 413 3101 δὲ
430 3068 526 3112 φυλῇ
543 3068 597 3102 καὶ
612 3068 701 3114 γένει
717 3068 904 3112 τιμώμενοι,

267 3118 368 3154 ἀστοὶ
384 3118 454 3163 μετ’
472 3119 597 3158 ἀστῶν,
616 3119 655 3154 οὗ
674 3121 859 3161 σοβοῦντος
875 3120 1009 3157 οὐδενὸς

267 3170 491 3215 ἀνεπτόμεσθ’
510 3170 546 3204 ἐκ
562 3172 621 3215 τῆς
637 3171 795 3216 πατρίδος
812 3171 939 3217 ἀμφοῖν
954 3173 1082 3213 ποδοῖν,

268 3222 370 3267 αὐτὴν
386 3222 446 3267 μὲν
463 3222 503 3257 οὗ
519 3221 670 3267 μισοῦντ’
689 3222 812 3267 ἐκείνην
828 3223 888 3268 τὴν
903 3226 1005 3259 πόλιν

268 3275 308 3309 τὸ
324 3274 369 3319 μὴ
387 3274 427 3309 οὗ
443 3275 592 3320 μεγάλην
608 3271 690 3309 εἶναι
707 3273 812 3319 φύσει
830 3276 1024 3321 κεύδαίμονα

269 3326 323 3361 καὶ
338 3327 425 3361 πᾶσι
442 3325 552 3370 κοινὴν
569 3326 761 3361 ε’ναποτῖσαι
776 3326 942 3373 χρήματα.

269 3378 302 3412 οἱ
317 3378 379 3422 μὲν
394 3378 460 3424 γὰρ
477 3376 536 3412 οὖν
551 3377 697 3424 τέττιγες
714 3377 770 3412 ’ἕνα
785 3378 858 3423 μῆν’
876 3378 897 3424 ἣ
915 3379 975 3414 δύο

270 3429 325 3464 ἐπὶ
341 3433 408 3464 τῶν
424 3430 551 3475 κραδῶν
568 3427 697 3475 ᾅδουσ’,
715 3428 882 3474 Ἀθηναῖοι
899 3429 929 3466 δ’
945 3432 996 3466 ἀεὶ

271 3481 326 3516 ἐπὶ
342 3484 408 3516 τῶν
425 3482 523 3516 δικῶν
539 3481 660 3527 ᾄδουσι
677 3482 783 3517 πάντα
800 3483 858 3517 τὸν
873 3483 962 3525 βίον.

272 3532 327 3568 διὰ
342 3535 446 3569 ταῦτα
462 3533 558 3570 τόνδε
573 3535 632 3570 τὸν
648 3534 754 3570 &Aaou
770 3534 959 3581 Βαδίζομεν.

1160 1829 1197 1851 10

1162 2088 1197 2122 ¹5

1161 2611 1200 2645 25

1158 2926 1200 2956 30

1158 3186 1198 3217 35

1157 3446 1199 3475 40

1348 1292 1466 1325 κανοῦν
1482 1289 1512 1326 δ’
1529 1291 1646 1338 ἔχοντε
1663 1292 1717 1328 καὶ
1732 1291 1860 1341 χύτραν
1876 1295 1931 1330 καὶ
1946 1299 2104 1343 μυρρίνας

1345 1343 1545 1388 πλανώμεθα
1563 1345 1717 1388 ζητοῦντε
1733 1347 1837 1381 τόπον
1852 1347 2059 1394 ἀπράγμονα,

1347 1394 1431 1429 ὅπου
1449 1395 1679 1443 καθιδρυθέντε
1697 1398 1917 1444 διαγενοίμεθ’
1935 1400 1989 1435 ἄν.

1346 1449 1365 1481 6
1383 1447 1420 1482 δὲ
1437 1450 1564 1485 στόλος
1580 1451 1645 1497 νῷν
1662 1450 1737 1484 ἐστι
1753 1451 1844 1498 παρὰ
1860 1452 1919 1487 τὸν
1934 1454 2042 1499 Τηρέα

1346 1500 1405 1534 τὸν
1421 1500 1541 1541 ἔποπα,
1559 1501 1637 1548 παρ’
1656 1502 1780 1538 ἐκείνου
1795 1503 1963 1539 πυθέσθαι
1981 1506 2135 1551 δεομένω,

1345 1549 1378 1586 εἴ
1391 1566 1456 1586 που
1473 1552 1627 1598 τοιαύτην
1643 1551 1710 1589 εἶδε
1726 1557 1827 1590 πόλιν
1842 1553 1864 1601 ᾗ
1880 1556 2052 1593 ’πέπτατο.

2242 1416 2272 1447 45

1243 1609 1317 1638 HE.
1345 1603 1453 1640 οὗτος.
1508 1611 1575 1640 ΕΥ.
1604 1607 1638 1641 τί
1654 1607 1768 1649 ἕστιν;

1241 1660 1315 1690 ΠΕ.
1776 1659 1796 1705 ἦ
1815 1662 1947 1708 κωρώνη
1964 1677 2022 1708 μοι
2038 1665 2143 1700 πάλαι

1344 1707 1410 1744 ἅνω
1428 1723 1460 1743 τι
1477 1710 1611 1757 φράζει.
2235 1732 2273 1762 50

1244 1766 1308 1797 ΕΥ.
1616 1765 1669 1810 χῶ
1687 1767 1819 1802 κολοιὸς
1835 1766 1954 1802 οὑτοσὶ
1983 1802 1986 1806 ,

1342 1813 1409 1848 ἅνω
1427 1814 1562 1860 κέχηνεν
1579 1816 1724 1863 ὡσπερεὶ
1742 1817 1867 1855 δεικνύς
1884 1819 1918 1854 τί
1933 1828 2003 1864 μοι·

1342 1867 1421 1901 κούκ
1438 1867 1516 1902 ἔσθ’
1534 1867 1624 1905 ὅπως
1641 1870 1700 1904 οὐκ
1717 1871 1811 1905 ἔστιν
1828 1871 1959 1906 ἐνταῦθ’
1978 1872 2087 1919 ὄρνεα.

1341 1918 1500 1963 εἰσόμεθα
1517 1918 1548 1955 δ’
1567 1921 1683 1962 αὐτίκ’,
1702 1922 1742 1966 ἢν
1758 1922 1950 1968 ποιήσωμεν
1966 1926 2100 1970 ψόφον.

1345 1973 1425 2007 ἀλλ’
1443 1971 1537 2009 οἶσθ’
1555 1974 1574 2009 ὃ
1592 1976 1740 2021 δρᾶσον;
1768 1979 1815 2023 τῷ
1834 1977 1949 2011 σκέλει
1967 1977 2039 2012 θένε
2063 1974 2123 2020 τὴν
2136 1978 2270 2025 πέτραν.

1342 2025 1387 2059 σὺ
1405 2026 1441 2060 δὲ
1459 2027 1501 2070 τῇ
1518 2028 1651 2072 κεφαλῇ
1666 2028 1711 2074 γ’,
1730 2026 1770 2063 ἵν’
1787 2026 1810 2072 ᾖ
1827 2029 2006 2066 διπλάσιος
2022 2031 2041 2063 6
2058 2030 2191 2075 ψόφος.
2232 2046 2245 2075 5
2254 2045 2269 2075 5

1343 2077 1387 2111 σὺ
1405 2077 1434 2112 δ’
1452 2077 1510 2114 οὖν
1526 2079 1612 2127 λίθῳ
1630 2081 1740 2127 κόψον
1756 2081 1885 2123 λαβών.

1900 2134 1986 2168 πάνυ
2002 2133 2047 2179 γ’,
2067 2134 2096 2168 εἷ
2113 2135 2214 2170 δοκεῖ.

1239 1977 1316 2007 ΠΕ.

1238 2029 1306 2059 ΕΥ.

1236 2080 1311 2111 ΠΕ.

1236 2133 1318 2165 ΕΥ..

1340 2184 1402 2217 παῖ
1416 2184 1488 2217 παῖ.

1237 2238 1311 2268 HE.
1494 2235 1529 2270 τί
1545 2236 1667 2283 λέγεις,
1686 2236 1803 2278 οὗτος;
1832 2239 1890 2273 τὸν
1907 2237 2015 2272 ἔποπα
2031 2240 2094 2272 παῖ
2109 2239 2239 2278 καλεῖςς

1339 2286 1399 2321 οὐκ
1416 2287 1488 2322 ἀντὶ
1506 2290 1566 2322 τοῦ
1583 2289 1700 2325 παιδός
1718 2289 1751 2324 σ’
1771 2290 1872 2336 ἐχρῆν
1890 2289 2012 2324 ἐποποῖ
2026 2292 2138 2325 καλεῖν
2153 2304 2162 2330 ;

1339 2338 1469 2374 ἐποποῖ.
1497 2339 1650 2384 ποιήσεις
1666 2341 1720 2376 τοί
1735 2356 1777 2386 με
1794 2343 1927 2377 κόπτειν
1943 2340 2038 2378 αὖθις
2054 2341 2096 2376 αὖ
2107 2355 2117 2382 ;

1339 2390 1470 2427 ἐποποῖ.
2231 2400 2272 2431 60

1235 2448 1328 2477 ΤΡΟ.
1484 2444 1570 2480 τίνες
1587 2444 1700 2484 οὗτοι;
1728 2445 1779 2481 τίς
1796 2447 1814 2480 6
1831 2447 1923 2488 βοῶν
1939 2447 1998 2480 τὸν
2014 2446 2180 2490 δεσπότην
2194 2460 2203 2487 ;

1235 2499 1305 2529 ΕΥ.
1329 2492 1509 2530 Ἀπολλον
1525 2496 1738 2543 ἀποτρόπαιε,
1758 2499 1817 2532 τοῦ
1834 2496 2066 2543 χασμήματος.

1235 2552 1328 2581 ΤΡΟ.
1357 2545 1446 2592 οἴμοι
1462 2548 1577 2588 τάλας,
1597 2547 1795 2595 ὀρνιθοθήρα
1811 2549 1943 2584 τουτωί.

1235 2603 1304 2633 ΕΥ.
1337 2597 1441 2635 οὕτως
1457 2613 1490 2633 τι
1507 2600 1614 2635 δεινὸν
1630 2599 1708 2635 οὐδὲ
1725 2602 1865 2636 κάλλιον
1881 2601 1994 2647 λέγειν
2008 2614 2019 2645 ;

1235 2656 1328 2685 ΤΡΟ.
1356 2651 1573 2687 ἀπολεῖσθον.
1628 2658 1697 2687 ΕΥ.
1725 2652 1803 2687 ἀλλ’
1821 2653 1881 2688 οὐκ
1899 2654 2001 2699 ἐσμὲν
2017 2653 2191 2701 ἀνθρώπω.

1235 2708 1328 2737 ΤΡΟ.
2145 2707 2179 2742 τί
2196 2708 2271 2748 δαί;

1235 2759 1303 2789 ΕΥ.
1335 2753 1532 2791 Ὑποδεδιὼς
1550 2756 1667 2803 ἔγωγε,
1686 2757 1831 2799 Λιβυκὸν
1847 2756 1973 2804 ὄρνεον.
2232 2764 2271 2805 65

1234 2811 1326 2841 ΤΡΟ.
1354 2807 1450 2841 οὐδὲν
1465 2807 1589 2853 λέγεις.
1642 2813 1711 2843 ΕΥ.
1739 2809 1793 2844 καὶ
1809 2809 1873 2854 μὴν
1891 2810 1969 2857 ἐροῦ
1985 2811 2027 2846 τὰ
2043 2812 2128 2858 πρὸς
2142 2812 2267 2848 ποδῶν.

1234 2863 1327 2892 ΤΡΟ.
1356 2859 1408 2893 ὁδὶ
1426 2859 1463 2893 δέ
1480 2859 1520 2903 δὴ
1539 2859 1589 2895 τίς
1606 2860 1700 2895 ἐστὶν
1717 2859 1806 2907 ὅρνις
1816 2874 1827 2902 ;
1855 2862 1914 2896 οὐκ
1932 2862 2038 2909 ἐρεῖς;

1235 2915 1310 2945 HE.
1337 2909 1561 2956 Ἐπικεχοδὼς
1578 2912 1684 2959 ἔγωγε
1701 2915 1910 2950 Φασιανικός.

1234 2967 1302 2996 ΕΥ.
1336 2962 1419 3008 ἀτὰρ
1437 2963 1482 2997 σὺ
1499 2963 1533 2997 τί
1550 2963 1664 3007 θηρίον
1679 2964 1755 3000 ποτ’
1769 2962 1803 3000 εἷ
1814 2967 1899 3012 πρὸς
1915 2970 1982 3002 τῶν
1998 2967 2102 3008 θεῶν;

1234 3019 1327 3048 ΤΡΟ.
1355 3014 1444 3060 ὅρνις
1460 3015 1567 3062 ἔγωγε
1583 3016 1716 3053 δοῦλος.

1236 3071 1303 3100 ΕΥ.
1716 3068 1857 3114 ἡττήθης
1873 3071 1961 3107 τινὸς

1336 3117 1557 3164 ἀλεκτρυόνος
1569 3132 1579 3160 ;

1233 3175 1326 3204 ΤΡΟ.
1611 3172 1683 3213 οὒκ,
1700 3173 1780 3209 ἀλλ’
1797 3173 1854 3209 ὅτε
1869 3189 1934 3221 περ
1951 3177 1970 3210 6
1988 3175 2153 3220 δεσπότης

1336 3222 1432 3267 ἔποψ·
1449 3222 1590 3268 ἐγένετο,
1609 3227 1685 3260 τότε
1700 3226 1857 3272 γενέσθαι
1874 3225 1908 3271 μ’
1926 3227 2048 3271 ηὔξατο

1336 3272 1437 3319 ὄρνιν,
1456 3272 1497 3308 ἶν’
1514 3275 1699 3312 ἀκόλουθον
1716 3278 1866 3313 διάκονόν
1883 3278 1911 3312 τ’
1930 3280 2004 3324 ἔχῃ.

1234 3330 1302 3360 ΕΥ.
1335 3325 1438 3359 δεῖται
1454 3327 1519 3372 γὰρ
1537 3326 1626 3373 ὅρνις
1643 3329 1696 3363 καὶ
1714 3330 1865 3365 διακόνου
1882 3333 1991 3370 τινός;

1233 3382 1325 3412 ΤΡΟ.
1353 3375 1450 3413 οὗτός
1465 3377 1510 3424 γ’,
1522 3378 1585 3418 ἆτ’,
1598 3377 1698 3425 οἶμαι,
1710 3383 1872 3427 πρότερον
1885 3382 2057 3428 ἅνθρωπός
2072 3380 2147 3418 ποτ’
2158 3383 2214 3424 ὧν,
2233 3397 2263 3431 55

1335 3429 1411 3462 τοτέ
1427 3429 1489 3473 μὲν
1505 3430 1564 3477 ε’ρᾷ
1582 3432 1704 3478 φαγεῖν
1721 3432 1832 3479 ἀφύας
1849 3435 2046 3480 Φαληρικάς·

1337 3479 1447 3527 τρέχω
1463 3480 1508 3516 ’π’
1526 3481 1638 3527 ἀφῦας
1655 3484 1720 3530 ἐγὼ
1737 3486 1854 3527 λαβὼν
1871 3487 1909 3520 τὸ
1927 3486 2099 3531 τρυβλίον.

1335 3532 1449 3569 ἔτνους
1466 3533 1496 3569 δ’
1513 3534 1674 3579 ἐπιθυμεῖ,
1694 3537 1746 3572 δεῖ
1760 3535 1898 3583 τορύνης
1915 3538 1968 3572 καὶ
1986 3536 2122 3584 χύτρας·

1236 2343 1304 2373 ΕΥ.

1184 3596 1249 3629 3ω
