2488 3860
172 527 243 562 X'O.

178 3145 255 3177 ⁶³11.

176 3249 245 3282 ΕΞ.

178 3404 254 3437 ΘΗ.

243 2962 252 2972 .
276 2937 310 2972 τί
327 2937 355 2973 δ’
374 2953 448 2973 εστι
463 2951 472 2979 ;
500 2943 571 2983 μῶν
587 2954 638 2976 τις
656 2941 818 2988 συμφορὰ
834 2939 975 2989 νεωτέρα

1022 235 1386 298 immmoz'.
2187 215 2265 284 “211

271 363 576 416 Δὓ“ρι>ι1·είπιιθ’’ἡμᾶς
594 367 647 401 καὶ
663 363 888 411 προπέμψατε
906 361 1040 407 χθονός’·
1219 359 1222 414 Ι

273 423 317 458 ὡς
335 419 448 456 οὔποτ’
466 419 574 454 ἄλλον
591 419 693 463 ἄνδρα
711 415 993 462 σωφρονέστερον
1171 458 1180 470 Ι

273 473 419 520 ὄψεσθε,
438 471 488 506 κεῖ
504 471 548 515 μὴ
566 470 655 505 ταῦτ’
676 470 742 516 ε’μῴ
761 469 852 503 δοκεῖ
866 465 980 512 πατρί.
1034 458 1132 507 [στρ.
1151 474 1173 493 α
1187 484 1195 492 ·

271 524 292 569 ἦ
309 525 394 571 μέγα
411 538 467 568 μοι
484 524 526 557 τὰ
543 522 628 556 θεῶν
638 517 854 566 μελεδήμαθ’,
867 518 946 553 ὅταν
959 515 1084 573 φρένας
1097 511 1195 555 ἔλθῃ,

271 573 382 610 λύπας
397 574 566 619 παραιρεῖ·
594 569 732 614 ξύνεσιν
748 569 788 604 δέ
803 567 864 602 τιν’
884 565 997 602 ἐλπίδι
1016 562 1142 598 κευθων

270 623 431 667 λείπομαι
465 622 501 656 ἕν
534 635 572 655 τε
606 618 723 665 τύχαις
754 619 880 653 θνατῶν
910 617 963 650 καὶ
992 615 1027 668 ἐν
1055 613 1197 672 ἔργμασι

271 675 363 709 ἄλλα
378 675 444 720 γὰρ
462 672 609 707 ἄλλοθεν
626 672 809 716 ἀμείβεται,
1009 667 1195 711 wewam·

272 727 356 771 μετὰ
373 725 402 761 δ’
420 722 555 760 ἵσταται
573 725 733 769 ἀνδράσιν
750 723 830 757 αἰὼν
1068 763 1079 776 ’
1175 758 1182 770 η

273 778 534 819 πολυπλάνητος
551 777 615 811 ἀεί.
939 778 1020 802 1110
1038 757 1132 812 [⁰¹⁸²
1152 775 1174 794 α
1186 786 1193 792 ·

276 824 346 863 εἴθε
375 838 434 870 μοι
462 822 624 867 εὖξαμένᾳ
646 819 763 855 θεόθεν
793 820 872 855 τάδε
902 821 1002 865 μοῖρα
1031 818 1213 862 παράσχοι.

276 872 381 917 τύχαν
397 870 471 915 μετ’
490 871 600 912 ὄλβου
619 871 672 904 καὶ
690 870 854 915 ἀκήρατον
871 870 992 914 ἄλγεσι
1010 865 1126 911 θυμόν·

275 922 358 964 δόξα
375 921 411 955 δὲ
427 919 502 966 μήτ’
521 919 658 966 ἀτρεκὴς
675 918 754 965 μήτ’
770 918 812 956 αὖ
828 920 1026 965 παράσημος
1044 917 1139 960 ἐνείη·

273 972 372 1020 ῥᾴδια
391 972 419 1008 δ’
439 972 520 1018 ἤθεα
536 974 595 1007 τὸν
608 974 728 1019 αὔριον
1125 979 1200 1014 1117
1227 995 1228 1011 1

275 1025 554 1070 μεταβαλλομένα
571 1027 694 1069 χρόνον
713 1025 763 1058 ἀεὶ

276 1078 355 1120 βίον
372 1076 625 1122 συνευτυχοίην.

276 1130 386 1164 οὐκέτι
415 1130 481 1175 γὰρ
506 1128 651 1173 καθαρὰν
674 1127 770 1174 φρέν’
800 1129 882 1173 ἔχω,
907 1127 997 1171 παρὰ
1027 1124 1056 1161 δ’
1084 1123 1203 1160 έλπίδα
1228 1150 1229 1158 ,

276 1182 348 1217 ἐπεὶ
365 1182 424 1216 τὸν
440 1180 622 1216 Ἑλλανίας
839 1177 1012 1228 [λεύσσω,
1066 1193 1145 1224 στρ.
1163 1175 1207 1218 β’.

276 1234 513 1280 φανερώτατον
530 1232 644 1279 ἀστέρ’
661 1231 803 1267 Ἀθάνας

278 1285 408 1331 εἴδομεν
425 1283 555 1328 εἴδομεν
574 1285 609 1319 ἐκ
626 1286 751 1330 πατρὸς
769 1285 871 1330 ὀργᾶς

276 1339 386 1372 ἄλλαν
403 1336 454 1372 ἐπ’
473 1333 548 1372 αἶαν
566 1336 706 1380 ἱέμενον.
1128 1345 1202 1376 1125

278 1389 304 1424 ὦ
321 1388 477 1436 ψάμαθοι
494 1387 688 1433 πολιήτιδος
706 1388 806 1423 ἀκτᾶς
1073 1385 1164 1422 1126,
1186 1393 1202 1426 7
1228 1407 1229 1431 3

279 1439 402 1484 δρυμός
419 1437 448 1472 τ’
467 1437 586 1484 ὄρειος,
607 1437 659 1472 ὅθι
678 1441 782 1472 κυνῶν
1227 1435 1230 1470 Ῑ

278 1490 457 1526 ὠκυπόδων
473 1490 557 1535 μέτα
575 1485 676 1536 θῆράς
694 1490 820 1536 ἔναιρεν
1228 1472 1230 1530 ἡ

279 1543 458 1578 Δίκτυνναν
470 1542 559 1587 ἀμφὶ
578 1543 715 1586 σεμνάν.
1124 1541 1205 1574 1130
1228 1549 1231 1573 t

278 1595 386 1629 οὐκέτι
405 1594 566 1641 συζυγίαν
582 1596 706 1629 πώλων
721 1592 857 1628 Ἐνετᾶν
874 1592 1032 1635 ἐπιβάσει
1077 1587 1149 1625 ἆντ.
1168 1594 1204 1634 β’

277 1648 336 1682 τὸν
354 1647 443 1692 ἀμφὶ
461 1646 584 1691 Λίμνος
601 1646 725 1692 τρόχον

278 1699 427 1744 κατέχων
439 1699 518 1734 ποδὶ
534 1697 700 1743 γυμνάδος
716 1697 831 1733 ἰ’ππου.

1221 646 1224 668 1

279 1754 392 1796 μοῦσα
409 1748 436 1785 δ’
456 1749 579 1786 ἄϋπνος
596 1751 643 1785 ὑπ
665 1749 781 1797 ἄντυγι
797 1750 924 1796 χορδᾶν
1131 1759 1207 1790 1135

278 1802 374 1848 λήξει
391 1803 544 1850 πατρῷον
561 1803 622 1837 ἀνὰ
639 1803 752 1847 δόμον·

280 1855 466 1901 ἀστέφανοι
485 1855 521 1889 δέ
539 1857 637 1901 κόρας
654 1855 840 1890 ἀνάπαυλαι
1080 1861 1172 1894 ΙΙ371
1191 1854 1212 1886 8

280 1910 407 1944 Λατοῦς
423 1906 561 1955 βαθεῖαν
578 1907 638 1942 ἀνὰ
654 1908 775 1953 χλόαν·

280 1958 465 2002 νυμφιδίων
483 1956 511 1992 δ’
531 1957 689 1991 ἀπόλωλε
707 1958 801 2002 φυγᾷ
820 1957 864 1998 σᾷ
1134 1972 1215 2003 1140

281 2006 429 2047 λέκτρων
446 2007 573 2049 ἅμιλλα
591 2006 735 2049 κούραις.

279 2053 346 2099 ε’γὼ
365 2053 402 2088 δέ
421 2059 469 2099 σᾷ
487 2054 656 2103 δυστυχίᾳ
674 2057 816 2104 δάκρυσι
835 2060 954 2095 διοίσω
1112 2061 1215 2109 ἐπῳδ,

274 2107 403 2150 πότμον
420 2107 582 2153 ἅποτμον·
612 2108 638 2144 ὦ
655 2111 797 2146 τάλαινα

271 2159 387 2206 μᾶτερ,
409 2159 518 2197 ἔτεκες
535 2160 587 2208 ἄρ’
607 2162 761 2198 ἀνόνατα·
1136 2181 1213 2212 1145

277 2211 346 2256 φεῦ
364 2213 444 2258 φεῦ,

278 2261 382 2304 μανίω
401 2261 541 2297 θεοῖσιν·

279 2311 318 2346 ἰὼ
337 2312 375 2347 leb
393 2314 548 2361 συζυγίαι
565 2313 729 2361 Χαρίτων,

278 2365 312 2399 τί
327 2366 386 2400 τὸν
401 2366 516 2402 τάλαν’
535 2368 570 2403 ἐκ
587 2367 727 2415 πατρίας
743 2371 805 2416 γᾶς

283 2418 341 2452 τὸν
357 2418 454 2453 οὐδὲν
470 2419 550 2456 ἅτας
566 2418 671 2455 α’ίτιον
687 2421 833 2466 πέμπετε
850 2421 945 2457 τῶνδ’
965 2422 1020 2458 ἀπ’
1039 2421 1157 2463 οἵκων;

281 2470 335 2504 καὶ
351 2470 416 2514 μὴν
433 2471 558 2507 ὀπαδὸν
573 2470 776 2508 Ἱππολύτου
793 2472 882 2509 τόνδ’
900 2474 1022 2521 εἷσορῶ
1131 2488 1205 2520 1151

278 2522 408 2566 σπουδῇ
428 2523 627 2570 σκυθρωπὸν
643 2526 728 2572 πρὸς
745 2526 868 2570 δόμους
885 2528 1087 2572 ὁρμώμενον.

236 2598 245 2607 .
278 2575 339 2608 ποῖ
354 2574 415 2620 γῆς
433 2574 555 2611 ἄνακτα
571 2577 676 2621 τῆσδε
694 2578 808 2622 Θησέα
824 2579 939 2623 μολὼν

276 2623 400 2671 εὕροιμ’
419 2625 470 2667 ἂν,
490 2627 516 2662 ὦ
533 2630 703 2675 γυναῖκες;
733 2628 824 2677 εἴπερ
842 2627 929 2672 ἰ’στε,
948 2645 1006 2675 μοι

277 2677 449 2722 σημήνατ’·
478 2678 542 2725 ἂρα
559 2681 662 2715 τῶνδε
679 2681 838 2726 δωμάτων
855 2682 923 2717 ἔσω
937 2695 945 2723 ;

1133 2696 1208 2730 1155

235 2753 245 2763 .
274 2726 324 2764 ὅδ’
342 2730 441 2767 αὐτὸς
458 2731 522 2775 ἔξω
541 2733 699 2777 δωμάτων
715 2733 900 2780 πορεύεται.

233 2807 241 2816 .
276 2784 400 2826 Θησεῦ,
419 2784 577 2829 μερίμνης
595 2784 689 2827 ἄξιον
707 2786 801 2832 φέρω
814 2787 919 2833 λόγον

277 2835 334 2868 σοὶ
352 2835 406 2869 καὶ
422 2835 576 2871 πολίταις
593 2834 628 2870 οἵ
642 2836 671 2870 τ’
689 2836 871 2881 Ἀθηναίων
886 2841 987 2874 πόλιν

277 2886 408 2921 ναίουσι
426 2888 479 2921 καὶ
495 2889 558 2934 γῆς
575 2885 735 2934 τέρμονας
751 2890 953 2936 Τροιζηνίας.

375 2939 394 2950 u

1130 2959 1141 2980 1
1150 2959 1162 2980 1
1168 2949 1208 2980 60

277 2990 400 3026 δισσὰς
418 2991 593 3036 κατείληφ’
611 2993 848 3039 ἀστυγείτονας
863 2995 1000 3034 πο’λεις;

274 3040 473 3078 Ἱππόλυτος
490 3042 595 3077 οὐκέτ’
614 3045 718 3083 ἔστιν,
738 3045 782 3080 ὧς
799 3043 902 3080 εἷπεῖν
918 3046 1007 3083 ἔπος·

280 3089 415 3136 δέδορκε
430 3090 542 3134 μέντοι
560 3091 635 3136 φῶς
653 3091 708 3125 ἐπὶ
726 3093 868 3138 σμικρᾶς
883 3091 1001 3139 ῥοπῆς.

279 3142 363 3187 πρὸς
380 3144 440 3176 τοῦ
454 3155 464 3182 ;
493 3139 535 3176 δι’
552 3142 675 3189 ἔχθρας
690 3146 762 3187 μῶν
778 3156 829 3179 τις
844 3141 885 3188 ἦν
901 3144 1096 3192 ἀφιγμένος,

280 3193 358 3228 ὅτου
375 3192 554 3239 κατῄσχυν’
572 3191 700 3239 ἄλοχον
718 3194 762 3231 ὡς
778 3196 903 3242 πατρὸς
918 3196 978 3242 βίᾳ
994 3209 1004 3237 ;

279 3244 398 3281 οἷκεῖος
414 3246 515 3280 αὐτὸν
531 3244 635 3280 ὤλεσ’
653 3247 807 3292 ἁρμάτων
823 3245 915 3293 ὄχος,

279 3297 357 3342 ἀραί
372 3312 410 3332 τε
426 3300 486 3332 τοῦ
505 3299 569 3333 σοῦ
588 3299 766 3342 στόματος,
785 3297 825 3335 ἃς
842 3297 888 3334 σὺ
905 3303 958 3348 σῷ
973 3302 1074 3348 πατρὶ

279 3350 402 3383 πόντου
419 3349 546 3396 κρέοντι
563 3350 681 3386 παιδὸς
698 3346 815 3396 ἢράσω
831 3350 919 3396 πέρι.

279 3399 305 3434 ὦ
323 3400 394 3435 θεοὶ
410 3402 578 3437 Πόσειδόν
595 3400 642 3442 θ’,
662 3402 707 3438 ὣς
723 3401 774 3448 ἄρ’
792 3399 875 3446 ἦσθ’
893 3403 971 3447 ε’μὸς
987 3405 1094 3452 πατὴρ
1232 3427 1234 3443 ι

281 3451 400 3498 ὀρθῶς,
418 3451 565 3490 ἀκούσας
581 3457 647 3489 τῶν
664 3454 750 3499 ἐμῶν
766 3456 1010 3501 κατευγμάτων.
1133 3467 1212 3502 117ο
1232 3446 1235 3478 ¹

280 3507 351 3543 πῶς
367 3505 421 3541 καὶ
438 3503 567 3541 διώλετ’
585 3504 668 3542 εἶπέ·
697 3505 744 3555 τῷ
757 3507 869 3559 τρόπω
886 3507 988 3555 Δίκης
1232 3486 1238 3544 ¹

1132 3201 1208 3242 1165

1337 352 1476 386 ἔπαισεν
1493 352 1593 384 αὐτὸν
1608 349 1757 397 ῥόπτρου
1775 346 1965 399 αἰσχύναντ’
1985 350 2043 394 ε’μέ
2055 361 2064 390 ;

1117 423 1128 444 1
1141 422 1196 443 ;οο
1241 408 1308 440 ΕΞ.
1343 402 1435 446 ἡμεῖς
1452 402 1513 447 μὲν
1532 402 1632 446 ἀκτῆς
1650 402 1895 448 κυμοδέγμονος
1910 402 2018 438 πέλας

1337 453 1545 500 ψήκτραισιν
1562 450 1672 488 ἵππων
1690 453 1892 497 ε’κτενίζομεν
1909 454 2026 499 τρίχας

1337 507 1520 541 κλαίοντες·
1548 503 1632 549 ἦλθε
1648 507 1714 552 γάρ
1731 519 1782 541 τις
1799 504 1943 551 ἅγγελος
1959 506 2069 550 λέγων

1339 559 1384 594 ὡς
1401 557 1506 593 οὐκέτ’
1526 557 1561 592 ἐν
1577 560 1620 603 γῇ
1639 557 1709 602 τῇδ’
1728 558 1939 603 ἀναστρέψω
1956 558 2042 592 πόδα

1336 610 1548 649 Ἱππόλυτος,
1565 610 1600 644 ἐκ
1618 612 1683 644 σοῦ
1700 608 1867 654 τλήμονας
1885 610 1997 656 φυγὰς
2015 610 2116 656 ἔχων.

1339 665 1358 697 ὁ
1376 662 1405 697 δ’
1423 660 1508 706 ἦλθε
1525 663 1645 696 ταυτὸν
1662 661 1811 708 δακρύων
1829 661 1944 707 φέρων
1960 662 2068 705 μέλος

1338 714 1416 759 ἡμῖν
1433 713 1483 750 ἐπ’
1502 713 1628 750 ἀκταῖς·
1655 714 1756 759 μυρία
1774 712 1803 748 δ’
1821 713 2030 750 ὀπισθόπους

1342 767 1457 813 φίλων
1470 766 1528 810 ’ἅμ’
1547 765 1673 812 ἔστειχ’
1691 765 1816 810 ἡλίκων
1834 764 2006 811 ὁμήγυρις.

1339 819 1451 866 χρόνῳ
1470 819 1505 853 δὲ
1524 817 1639 862 δήποτ’
1659 815 1722 853 εἶπ’
1741 817 1974 863 ἀπαλλαχθεὶς
1989 820 2089 864 γόων,

1339 871 1374 906 τί
1391 868 1482 906 ταῦτ’
1499 869 1592 905 ἀλύω
1608 884 1617 911 ;
1645 869 1803 906 πειστέον
1819 871 1945 914 πατρὸς
1961 871 2090 917 λόγοις.

1340 922 1490 959 ε’ντύναθ’
1508 921 1631 960 ’ίππσυς
1647 923 1774 970 ἅρμασι
1793 922 2014 968 ζυγηφόρους,

1342 977 1460 1021 δμῶες·
1488 977 1588 1011 πόλις
1605 975 1671 1022 γᾶρ
1689 974 1795 1010 οὐκέτ’
1814 975 1908 1009 ἔστιν
1926 974 1984 1019 ἥδε
2000 989 2070 1020 μοι.

1342 1028 1521 1064 τούνθένδε
1537 1027 1650 1072 μέντοι
1667 1029 1733 1064 πᾶς
1750 1026 1832 1073 ἀνὴρ
1849 1025 2017 1073 ἧπείγετο,

1343 1082 1396 1116 καὶ
1414 1081 1548 1115 θᾶσσον
1564 1079 1584 1125 ἢ
1602 1080 1699 1126 λέγοι
1716 1094 1767 1116 τις
1787 1079 2005 1126 ἐξηρτυμένας

1340 1134 1477 1170 πώλους
1493 1130 1572 1179 παρ’
1589 1133 1689 1168 αὐτὸν
1707 1132 1875 1175 δεσπότην
1893 1130 2095 1176 ἐστήσαμεν.

1340 1187 1483 1233 μάρπτει
1501 1185 1538 1220 δὲ
1555 1185 1676 1231 χερσὶν
1693 1184 1784 1229 ἡνίας
1801 1184 1857 1219 ἀπ’
1876 1184 2030 1229 ἄντυγος,

1343 1239 1496 1273 αὐταῖσιν
1513 1236 1718 1284 ἀρβύλαισιν
1735 1238 1887 1283 ἁρμόσας
1902 1236 2004 1271 πόδα.

1344 1291 1398 1326 καὶ
1414 1294 1530 1337 πρῶτα
1547 1290 1608 1334 μὲν
1625 1289 1713 1325 θεοῖς
1731 1286 1795 1324 εἶπ’
1814 1286 2001 1332 ἀναπτύξας
2017 1288 2129 1335 χέρας,

1345 1345 1419 1382 Ζεῦ,
1438 1341 1548 1387 μηκέτ’
1568 1339 1648 1386 ε’ίην,
1668 1341 1697 1376 εἶ
1715 1342 1813 1377 κακὸς
1829 1340 1951 1387 πέφυκ’
1970 1340 2068 1388 ἀνρη·

1344 1393 1499 1430 αἴσθοιτο
1518 1394 1546 1429 δ’
1565 1394 1650 1439 ἡμᾶς
1667 1395 1712 1430 ὡς
1729 1393 1878 1438 ἀτιμάζει
1894 1393 2004 1439 πατὴρ

1344 1449 1418 1491 ἤτοι
1436 1447 1594 1483 θανόντας
1611 1446 1630 1492 ἢ
1650 1444 1738 1488 φάος
1756 1446 1964 1492 δεδορκότας.

1345 1498 1404 1532 κάν
1421 1495 1497 1544 τῷδ’
1516 1496 1620 1543 ε’πῆγε
1638 1496 1772 1542 κέντρον
1790 1497 1823 1532 ἐς
1838 1499 1954 1543 χεῖρας
1970 1498 2086 1539 λαβὼν

1341 1550 1469 1584 πώλοις
1486 1549 1623 1594 ὁμαρτῆ·
1652 1550 1846 1594 πρόσπολοι
1865 1547 1893 1583 δ’
1912 1547 1972 1594 ὑφ’
1990 1549 2134 1596 ἅρματος

1341 1601 1449 1636 πέλας
1466 1602 1613 1645 χαλινῶν
1630 1599 1814 1644 εἱπόμεσθα
1831 1601 1979 1645 δεσπότῃ

1345 1652 1404 1697 τὴν
1421 1652 1517 1688 εὐθὺς
1525 1651 1675 1700 ’Ἄργους
1692 1652 1906 1698 κάπιδαυρίας
1924 1654 2014 1688 ὁδόν.

1344 1705 1416 1740 ἐπεὶ
1434 1704 1463 1739 δ’
1481 1705 1602 1751 ἔρημον
1618 1708 1729 1750 χῶρον
1746 1704 2004 1750 εἰσεβάλλομεν,

1345 1755 1427 1801 ἀκτή
1444 1757 1495 1792 τίς
1513 1756 1588 1791 ἐστι
1605 1756 1799 1792 τούπέκεινα
1816 1758 1921 1803 τῆσδε
1937 1759 2010 1804 γῆς,

1343 1810 1428 1855 πρὸς
1445 1810 1567 1844 πόντον
1583 1808 1644 1853 ἤδη
1663 1809 1791 1853 κειμένη
1809 1811 2004 1855 Σαρωνικόν.

1344 1861 1436 1896 ἔνθεν
1453 1875 1503 1897 τις
1519 1859 1591 1906 ἠχὼ
1608 1861 1743 1907 χθόνιος
1761 1861 1806 1897 ὣς
1821 1862 1946 1907 βροντὴ
1966 1863 2044 1897 Διὸς

1341 1913 1451 1957 βαρὺν
1467 1915 1596 1959 βρόμον
1611 1913 1743 1958 μεθῆκε,
1762 1915 1912 1959 φρικώδη
1931 1913 2058 1949 κλύειν’

1339 1966 1441 2013 ὀρθὸν
1458 1967 1494 2002 δὲ
1513 1966 1603 2012 κρᾶτ’
1622 1967 1771 2010 ἔστησαν
1783 1963 1840 2002 οὕς
1856 1965 1886 2000 τ’
1902 1965 1949 2002 εἷς
1966 1965 2106 2010 οὐρανὸν

1340 2017 1447 2054 ἵπποι·
1476 2019 1552 2064 παρ’
1572 2017 1648 2063 ἡμῖν
1665 2018 1694 2053 δ’
1712 2016 1752 2062 ἦν
1769 2019 1882 2064 φόβος
1899 2019 2042 2054 νεανικὸς

1341 2071 1444 2106 πόθεν
1460 2070 1535 2106 ποτ’
1555 2069 1603 2114 εἴη
1622 2070 1786 2117 φθόγγος.
1817 2071 1850 2106 ές
1867 2067 1896 2105 δ’
1914 2069 2112 2117 ἁλιρρόθους

1342 2123 1443 2160 ἀκτὰς
1460 2123 1720 2169 ἀποβλέψαντες
1738 2124 1809 2168 ἱρὸν
1826 2121 1955 2167 ε’ίδομεν

1342 2174 1415 2220 κῦμ’
1434 2176 1561 2223 οὐρανῷ
1579 2175 1746 2221 στηρίζον,
1766 2174 1846 2209 ὥστ’
1865 2174 2017 2221 ἀφῃρέθη

1344 2228 1523 2274 Σκείρωνος
1540 2227 1640 2262 ἀκτὰς
1657 2226 1745 2271 ὄμμα
1762 2227 1884 2271 τούμὸν
1902 2227 2050 2273 εἰσορᾶν·

1345 2281 1484 2324 ἔκρυπτε
1502 2277 1531 2314 δ’
1548 2278 1685 2323 Ἰσθμὸν
1702 2279 1755 2313 καὶ
1772 2279 1896 2325 πέτραν
1912 2278 2133 2323 Ἀσκληπιοῦ.

1344 2331 1468 2366 κίίπειτι
1487 2331 1667 2375 ἀνοιδῆσάν
1683 2345 1719 2365 τε
1737 2331 1790 2365 καὶ
1806 2330 1905 2376 πέριξ
1922 2330 2032 2377 ἀφρὸν

1343 2384 1453 2420 πολὺν
1470 2384 1636 2428 καχλάζον
1652 2383 1776 2430 ποντίῳ
1794 2381 1970 2429 φυσήματι

1344 2438 1450 2483 χωρεῖ
1464 2437 1548 2482 πρὸς
1565 2435 1676 2474 ἀκτὰς,
1695 2433 1735 2469 οὗ
1753 2434 1932 2481 τέθριππος
1948 2433 1989 2479 ἦν
2005 2434 2098 2481 ὄχος.

1347 2489 1435 2535 αὐτῷ
1452 2488 1488 2522 δὲ
1507 2487 1570 2522 σὺν
1588 2486 1729 2522 κλύδωνι
1747 2487 1800 2521 καὶ
1818 2486 1970 2533 τρικυμία

1348 2540 1419 2585 κῦμ’
1439 2539 1573 2583 ἐξέθηκε
1590 2541 1721 2584 ταῦρον,
1741 2538 1857 2585 ἄγριον
1873 2539 1981 2585 τέρας,

1348 2592 1388 2627 οὗ
1405 2594 1500 2627 πᾶσα
1515 2592 1576 2636 μὲν
1592 2591 1685 2636 χθὼν
1702 2591 1895 2637 φθέγματος
1911 2592 2122 2636 πληρουμένη

1349 2644 1514 2691 φρικῶδες
1532 2642 1780 2689 ἀντεφθέγγετ’,
1800 2642 1962 2689 εἰσορῶσι
1981 2644 2017 2678 δὲ

1349 2698 1508 2742 κρεῖσσον
1522 2694 1626 2739 θέαμα
1643 2695 1836 2741 δεργμάτων
1854 2695 2020 2741 ἐφαίνετο.

1351 2747 1447 2783 εὐθὺς
1464 2748 1501 2781 δὲ
1517 2748 1644 2782 πώλοις
1662 2747 1767 2782 δεινὸς
1784 2747 1937 2792 ἐμπίπτει
1954 2748 2079 2792 φόβος·

1353 2800 1406 2834 καὶ
1424 2800 1591 2842 δεσπότης
1606 2798 1667 2842 μὲν
1682 2799 1870 2832 ἱππικοῖσιν
1887 2796 1987 2843 ἤθεσι

1351 2850 1459 2886 πολὺς
1476 2851 1633 2893 ξυνοικῶν
1649 2849 1773 2896 ἥρπασ’
1791 2848 1882 2894 ἡνίας
1897 2853 2023 2896 χεροῖν,

1352 2903 1445 2938 ἕλκει
1463 2903 1499 2937 δὲ
1518 2903 1629 2946 κώπην
1644 2902 1733 2936 ὥστε
1751 2903 1915 2946 ναυβάτης
1932 2903 2013 2948 ἀνὴρ

1354 2956 1468 2999 ἱμᾶσιν
1485 2954 1520 2989 ἐς
1536 2953 1719 2988 τοῦπισθεν
1735 2952 1884 2999 ἀρτήσας
1901 2954 2011 2998 δέμας·

1353 3007 1386 3040 αἱ
1405 3005 1434 3041 δ’
1454 3006 1650 3040 ἐνδακοῦσαι
1668 3008 1790 3049 στόμια
1805 3008 1964 3052 πυριγενῆ
1982 3005 2116 3049 γνάθοις

1352 3057 1413 3102 βίᾳ
1431 3057 1607 3103 φέρουσιν,
1627 3059 1704 3092 οὔτε
1721 3056 1907 3103 ναυκλήρου
1923 3059 2023 3103 χερὸς

1355 3107 1429 3142 οὔθ’
1442 3106 1659 3150 ἶπποδέσμων
1676 3108 1752 3141 οὔτε
1769 3108 1943 3150 κολλητῶν
1960 3106 2051 3152 ὄχων

1353 3159 1662 3204 μεταστρέφουσαι.
1691 3158 1741 3193 κεῖ
1757 3159 1817 3203 μὲν
1835 3158 1868 3194 ές
1885 3159 1926 3192 τὰ
1942 3159 2097 3203 μαλθακὰ

1353 3211 1450 3256 γαίας
1467 3211 1554 3255 ἔχων
1571 3209 1683 3246 οἴακας
1702 3209 1806 3245 ἶθύνοι
1825 3211 1959 3255 δρόμον,

1354 3261 1568 3308 προύφαίνετ’
1593 3263 1626 3298 ἐς
1652 3262 1896 3308 τοῦμπροσθεν,
1917 3258 1998 3296 ὥστ’
2016 3261 2248 3308 ἀναστρέφειν,

1355 3316 1486 3358 ταῦρος,
1506 3315 1608 3361 φόβῳ
1625 3315 1790 3360 τέτρωρον
1807 3313 1965 3358 ε’κμαίνων
1982 3313 2075 3359 ὅχον·

1356 3365 1385 3399 εῖ
1403 3364 1431 3400 δ’
1451 3366 1484 3401 ἐς
1501 3367 1623 3411 πέτρας
1640 3366 1798 3412 φέροιντο
1810 3369 1992 3411 μαργῶσαι
2010 3365 2147 3412 φρένας,

1356 3420 1437 3463 σιγῇ
1453 3418 1606 3460 πελάζων
1622 3417 1737 3464 ἄντυγι
1754 3418 1937 3461 ξυνείπετο,

1357 3469 1391 3504 ἐς
1407 3468 1503 3503 τοῦθ’
1521 3469 1583 3505 ἕως
1599 3469 1734 3516 ἔσφηλε
1751 3469 1991 3514 κάνεχαίτισεν,

1357 3520 1468 3570 ἁψῖδα
1481 3520 1592 3570 πέτρῳ
1608 3521 1816 3569 προσβαλὼν
1833 3520 2011 3570 ὀχήματος.

2194 516 2270 550 1175

2197 772 2274 802 1180

2200 1033 2274 1070 1185

2201 1302 2279 1334 ¹¹90

2196 1564 2270 1595 1195

2194 1824 2272 1846 1200

2203 2864 2280 2886 1230

2207 3114 2283 3145 ¹²25

2207 3376 2285 3408 1230
