2488 3860
810 271 1212 313 ΣΟΦΟΚΛΕΟΥΣ

145 371 214 404 ΥΛ.
240 367 320 404 ἀλλ’
339 365 418 414 εἶμι,
436 369 554 417 μῆτερ·
585 370 615 406 εἶ
633 371 670 406 δὲ
689 371 875 419 θεσφάτων
891 373 962 420 ἐγὼ,

246 422 354 466 βάξιν
367 421 492 468 κατῄδη
510 424 626 463 τῶνδε,
646 424 707 459 κᾶν
723 426 832 460 πάλαι
848 427 951 473 παρῆ.

0 475 4 520 ’,
247 468 327 523 [νῦν
346 474 378 510 δ’
394 477 414 510 6
431 474 576 520 ξυνήθης
592 478 722 522 πότμος
740 478 801 513 οὐκ
819 478 857 525 ἐᾷ
873 479 1000 526 πατρὸς

245 526 333 573 ἡμᾶς
349 529 569 575 προταρβεῖν,
589 530 667 564 οὐδὲ
686 531 866 575 δειμαίνειν
882 529 999 578 ἄγανῘ,1

246 582 306 615 νῦν
323 581 353 616 δ’
373 581 418 618 ὦς
435 581 578 627 ξυνίημ’,
599 583 698 618 οὐδὲν
716 583 875 630 ἐλλείψω
893 586 932 619 τὸ
950 584 996 630 μὴ
1014 584 1054 620 οὗ

0 639 4 689 f
245 635 362 670 πᾶσαν
377 634 548 670 πυθέσθαι
564 635 660 670 τῶνδ’
679 635 841 680 ἀλήθειαν
857 637 947 684 πέρι.

0 692 10 750 ἶ
139 690 222 736 pn.
247 687 352 733 χώρει
370 701 440 725 νυν.
461 687 489 722 ὦ
505 690 578 723 παῖ.
608 689 662 723 καὶ
679 689 746 736 γὰρ
765 690 898 738 ὑστέρῳ
915 692 956 725 τό
972 689 1005 737 γ’
1025 689 1063 725 εὖ

0 758 6 785 5
244 740 429 787 πράσσειν,
449 740 522 776 ἐπεὶ
539 739 694 782 πύθοιτο,
715 742 832 789 κέρδος
850 743 996 790 ἐμπολᾷ.

143 795 218 827 XO.
247 791 287 828 ὃν
303 793 404 828 αι’όλα
421 792 482 837 νὺξ
501 793 716 841 ἐναριζομένα

246 845 351 881 τίκτει
369 847 559 890 κατευνάζει
577 862 625 887 τε,
646 848 898 896 φλογιζόμενον

240 897 364 934 Ἀλιον
374 898 498 934 Ἀλιον
515 899 609 940 αἷτῶ,

246 954 347 987 τοῦτο
366 952 506 999 καρῦξαι
524 954 584 988 τὸν
599 951 802 999 Ἀλκμήνας,
821 955 903 991 πόθι
920 969 979 1000 μοι
995 954 1078 991 πόθι
1094 969 1174 991 παις

247 1004 331 1040 ναίει
347 1005 437 1046 ποτ’,
457 1004 483 1040 ὦ
500 1007 640 1053 λαμπρᾷ
660 1009 812 1053 στεροπᾷ
830 1007 1023 1054 φλεγέθων,

247 1055 267 1100 ἣ
285 1058 425 1094 ποντίας
441 1059 604 1101 αὐλῶνας,
624 1059 644 1103 ἢ
664 1060 844 1095 δισσαῖσιν
861 1061 1010 1108 ἀπείροις
1023 1061 1160 1102 κλιθεὶς,

246 1108 325 1151 εἴπ’,
345 1110 372 1145 ὦ
390 1109 619 1158 κρατιστεύων
636 1111 707 1146 κατ’
726 1111 829 1157 ὄμμα.

246 1163 439 1210 ποθουμένᾳ
455 1164 523 1211 γὰρ
541 1164 643 1210 φρενὶ
660 1165 870 1212 πυνθάνομαι

245 1217 308 1251 τὰν
325 1216 505 1262 ἀμφινεικῆ
524 1218 722 1265 Δηιάνειραν
739 1218 803 1259 ἀεὶ,

246 1266 302 1304 οἷά
319 1269 380 1304 τιν’
399 1269 521 1305 ἄθλιον
538 1269 642 1317 ὄρνιν,
1131 1285 1188 1318 105

246 1323 289 1357 οὔ
303 1322 379 1358 ποτ’
398 1323 546 1366 εὖνάζειν
562 1322 757 1371 ἀδακρύτων
773 1325 964 1372 βλεφάρων
979 1325 1099 1366 πόθον,
1112 1326 1191 1362 ἀλλ’

246 1376 435 1420 εὔμναστον
452 1376 574 1423 ἀνδρὸς
592 1377 689 1421 δεῖμα
707 1378 885 1425 φέρουσαν
902 1379 984 1414 ὁδοῦ

1048 810 1124 843 στρ.
1145 811 1167 830 α
1180 822 1190 831 .

1149 860 1190 894 95

1133 1128 1188 1150 101

1052 1166 1126 1202 ἆντ.
1145 1182 1188 1202 α.

246 1427 415 1474 ε’νθυμίοις
433 1429 542 1465 εὐναῖς
559 1429 804 1476 ἀνανδρώτοισι
821 1430 1021 1479 τρύχεσθαι,
1042 1432 1145 1467 κακὰν

245 1479 414 1517 δύστανον
431 1482 642 1526 ἐλπίζουσαν
658 1481 773 1520 αἶσαν.
1133 1500 1146 1521 1
1155 1500 1167 1521 1
1176 1500 1189 1522 1

245 1535 363 1570 πολλὰ
379 1536 448 1582 γὰρ
466 1535 550 1570 ὥστ’
569 1536 759 1581 ἀκάμαντος
1039 1552 1118 1585 στρ.
1138 1538 1189 1581 β’.

244 1586 265 1632 ἢ
284 1589 396 1623 Νότου
414 1587 434 1633 ἦ
454 1588 561 1635 Βορέα
578 1603 632 1626 τις

245 1638 362 1685 κύματ’
383 1641 419 1676 ἐν
436 1641 529 1687 εὐρέϊ
543 1643 658 1692 πόντῳ

243 1694 339 1734 βάντ’
360 1695 498 1730 ἐπιόντα
515 1695 543 1730 τ’
562 1694 633 1740 ἴδῃ,
1133 1709 1189 1742 ¹¹5

244 1743 333 1780 οὕτω
352 1747 389 1781 δὲ
407 1747 468 1782 τὸν
486 1748 684 1795 Καδμογενῆ
703 1749 834 1795 τρέφει,
854 1750 893 1784 τὸ
912 1749 942 1784 δ’
961 1750 1054 1794 αὔξει
1071 1752 1193 1792 βιότου

242 1797 452 1841 πολύπονον,
486 1801 604 1848 ὥσπερ
638 1801 793 1849 πέλαγος
821 1802 984 1849 Κρήσιον.
1015 1803 1108 1838 ἀλλά
1141 1818 1195 1841 τις

296 1851 383 1888 θεῶν

243 1903 316 1940 αιέν
332 1906 595 1952 άναμπλάκητον
606 1906 709 1943 Ἀιδα
727 1909 800 1954 σφε
819 1909 930 1954 δόμων
948 1907 1071 1955 ἐρύκει.
1135 1923 1193 1946 120

243 1957 290 1993 ὧν
307 1958 564 2021 ἐπιμεμφομένα
583 1960 617 1995 σ’
637 1963 675 1994 ἁ·
953 1961 1031 1998 α’ντ.
1050 1962 1099 2000 θ’.
1131 1978 1190 2002 122

241 2008 315 2043 δεια
331 2023 404 2054 μεν,
425 2008 522 2044 ἀντία
539 2009 569 2045 δ’
587 2008 688 2045 οἵσω.

239 2061 331 2106 φαμὶ
346 2061 414 2109 γὰρ
432 2062 493 2097 οὐκ
511 2061 691 2110 ἀποτρύειν

240 2113 366 2149 ἐλπίδα
383 2115 444 2150 τὰν
461 2114 592 2161 ἀγαθὰν
1127 2128 1163 2150 12
1167 2126 1185 2160 5

239 2166 364 2213 χρῆναί
391 2167 435 2202 σ’.
465 2168 640 2216 ἀνάλγητα
669 2169 737 2216 γὰρ
764 2167 834 2204 οὔδ’
863 2170 882 2203 6
908 2168 1018 2204 πάντα
1044 2168 1187 2216 κραίνων

289 2219 460 2261 βασιλεὺς

242 2271 391 2315 ἐπέβαλε
409 2274 543 2311 θνατοῖς
558 2275 735 2322 Κρονίδας.
764 2272 843 2309 ἀλλ’
857 2274 912 2310 ἐπὶ
922 2276 1017 2320 πῆμα
1030 2276 1084 2310 καὶ
1097 2274 1188 2320 χαρὰ

240 2326 329 2360 πᾶσι
347 2328 544 2369 κυκλοῦσιν,
565 2326 638 2363 οἷον
655 2328 780 2375 ἄρκτου
801 2329 998 2374 στροφάδες
1015 2326 1187 2362 κέλευθοι.

241 2378 334 2423 μένει
351 2380 418 2427 γὰρ
437 2379 508 2415 οὔτ’
526 2381 628 2416 αἷόλα
969 2381 1073 2429 ε’πῳδ.

242 2430 304 2475 νὺξ
321 2434 504 2479 βροτοῖσιν
521 2436 600 2469 οὕτε
618 2436 728 2482 Κῆρες
746 2436 824 2469 οὔτε
841 2435 1003 2474 πλοῦτος,

241 2483 321 2519 ἀλλ’
340 2485 436 2533 ἄφαρ
457 2487 598 2529 βέβακε,
618 2489 666 2536 τῷ
684 2487 713 2523 δ’
733 2487 911 2535 ἐπέρχεται
929 2486 1060 2534 χαίρειν
1077 2502 1114 2522 τε
1133 2488 1186 2522 καὶ

300 2539 498 2585 στέρεσθαι.
1128 2554 1186 2585 135

242 2588 265 2624 ἂ
282 2593 337 2626 καὶ
355 2592 398 2626 σὲ
416 2593 478 2627 τὰν
495 2593 652 2628 ἄνασσαν
670 2594 814 2629 ἐλπίσιν
830 2593 923 2640 λέγω

242 2643 315 2679 τάδ’
334 2644 406 2680 αἶὲν
421 2643 548 2691 ἴσχειν·
579 2647 652 2681 ἐπεὶ
670 2647 721 2683 τίς
739 2647 804 2681 ὧδε

242 2696 392 2733 τέκνοισι
410 2698 485 2743 Ζῆν’
504 2699 658 2742 ἄβουλον
675 2696 762 2734 εἶδεν
776 2713 786 2740 ;

243 2751 442 2796 πεπυσμένη
461 2752 534 2796 μὲν,
555 2752 600 2788 ὦς
615 2749 700 2799 σάφ’
719 2752 863 2789 εἰκάσαι,
883 2752 963 2787 πάει

245 2803 384 2849 πάθημα
401 2804 537 2849 τούμόν·
569 2805 614 2840 ὡς
633 2804 662 2839 δ’
683 2804 749 2850 ἐγὼ
768 2803 977 2849 θυμοφθορῶ

244 2855 320 2902 μήτ’
341 2857 498 2902 ἐκμάθοις
514 2857 686 2900 παθοῦσα,
707 2859 765 2891 νῦν
783 2855 811 2891 δ’
831 2855 968 2902 ἄπειρος
986 2853 1028 2892 εἶ.

245 2911 285 2944 τὸ
302 2911 369 2957 γὰρ
388 2911 505 2953 νεάζον
523 2910 559 2945 ἐν
576 2910 728 2944 τοιοῖσδε
746 2911 912 2951 βόσκεται

245 2964 413 3009 χώροισιν
430 2963 546 3002 αὑτοῦ,
568 2963 623 2997 καί
641 2977 692 2997 νιν
709 2962 749 2996 οὐ
769 2961 899 2998 θάλπος
919 2961 1009 3005 θεοῦ,

246 3015 318 3051 οὐδ’
338 3015 480 3063 ὄμβρος,
501 3016 580 3051 οὐδὲ
597 3016 796 3059 πνευμάτων
813 3015 912 3050 οὐδὲν
929 3016 1055 3056 κλονεῖ,

247 3068 328 3104 ἄλλ’
348 3068 481 3113 ἡδοναῖς
498 3068 652 3114 ἄμοχθον
670 3067 796 3114 ἐξαίρει
813 3067 894 3110 βίον

248 3121 284 3158 ἐς
301 3121 412 3161 τοῦθ’,
432 3121 495 3158 ἕως
511 3135 563 3157 τις
580 3121 653 3155 ἀντὶ
670 3120 838 3167 παρθένου
854 3120 938 3166 γυνὴ

249 3174 369 3220 κληθῇ,
387 3176 481 3219 λάβῃ
500 3174 529 3208 τ’
549 3175 585 3208 ἐν
602 3174 695 3208 νυκτὶ
713 3172 907 3220 φροντίδων
923 3172 1037 3219 μέρος·

256 3224 348 3272 [ἤτοι
359 3227 446 3274 πρὸς
453 3224 608 3273 ἀνδρὸςῆ
622 3226 746 3260 τέκνων
764 3225 993 3275 φοβουμένη.]

248 3278 318 3314 τότ’
337 3278 378 3314 ἄν
395 3293 446 3315 τις
464 3279 641 3318 εἷσίδοιτο,
662 3278 722 3323 τὴν
740 3278 843 3313 αὑτοῦ
863 3282 1001 3313 σκοπῶν

249 3331 387 3378 πρᾶξιν,
407 3334 562 3367 κακοῖσιν
580 3329 631 3367 οἷς
650 3332 716 3378 ἐγὼ
733 3329 935 3377 βαρύνομαι.

249 3383 341 3428 πάθη
359 3385 421 3430 μὲν
438 3383 498 3420 οὖν
516 3385 556 3429 δὴ
574 3383 679 3420 πόλλ’
699 3383 798 3430 ἔγωγ’
818 3384 1047 3430 ἐκλαυσάμην·

253 3436 289 3471 ἓν
307 3436 350 3476 δ’,
369 3434 554 3472 οἷον”οὕπω
572 3436 740 3483 πρόσθεν,
759 3435 865 3471 αὐτίκ’
884 3437 1002 3481 ἐξερῶ.

253 3489 334 3523 ὁδὸν
350 3490 417 3537 γὰρ
434 3488 519 3535 ἦμος
537 3490 598 3534 τὴν
615 3489 812 3524 τελευταίαν
830 3489 915 3533 ἄναξ

254 3541 380 3588 ὁρμᾶτ’
399 3542 456 3577 ἀπ’
475 3541 576 3578 οἴκων
593 3542 780 3589 Ἡρακλῆς,
799 3541 868 3576 τότ’
889 3542 925 3576 ἐν
943 3543 1058 3587 δόμοις

254 3593 366 3630 λείπει
384 3596 534 3631 παλαιὰν
552 3595 679 3631 δέλτον
698 3594 972 3642 ἐγγεγραμμένην

1124 2393 1183 2425 132

1130 2713 1189 2743 140

146 2755 202 2786 ΔΗ
210 2775 218 2783 .

1137 3239 1196 3270 ¹50

1144 3501 1199 3533 ¹55

1150 598 1193 630 90

1260 271 1595 312 TPAXINIAI.

2198 272 2278 314 1.ss

1334 374 1533 421 ξυνθήμαθ’.
1554 375 1633 420 ἁμοὶ
1650 373 1801 421 πρόσθεν
1819 374 1879 409 οὐκ
1897 375 1979 418 ἔτλη
1997 385 2093 412 ποτε,

1333 428 1488 466 πολλοὺς
1506 429 1636 475 ἀγῶνας
1654 428 1763 471 ἐξιὼν,
1785 430 1877 462 οὔπω
1895 428 2043 473 φράσαι,

1333 482 1414 518 ἀλλ’
1434 482 1479 518 ὥς
1496 496 1529 516 τι
1548 481 1685 526 δράσων
1703 477 1797 523 εἷρπε
1815 481 1875 515 κού
1894 477 2108 524 θανούμενος.

1334 538 1393 571 νῦν
1410 535 1439 570 δ’
1459 535 1504 570 ὡς
1522 533 1568 568 ἔτ’
1588 533 1649 568 οὐκ
1666 533 1712 568 ὢν
1730 529 1803 568 εἶπε
1819 533 1882 578 μὲν
1898 532 2025 578 λέχους
2042 530 2095 565 ὄτι

1335 588 1432 636 χρείη
1449 586 1483 633 μ’
1503 586 1644 622 ἑλέσθαι
1662 587 1794 631 κτῆσιν,
1814 582 1888 621 εἷπε
1905 584 1934 620 δ’
1953 583 1995 630 ἣν
2011 583 2139 619 τέκνοις

1336 644 1457 689 μοῖραν
1472 638 1629 688 πατρῴας
1645 640 1709 687 γῆς
1726 638 1893 684 διαιρετὴν
1911 636 2017 682 νέμοι,

1336 697 1463 744 χρόνον
1478 693 1651 741 προτάξας
1669 693 1714 729 ὡς
1744 692 1904 739 τρίμηνον
1922 690 2018 734 ἡνίκα

1337 751 1450 797 χώρας
1467 748 1565 792 ἀπείη
1584 745 1780 782 κάνιαῦσιον
1794 746 1920 788 βεβώς.

1340 800 1468 850 [τότ’
1450 817 1471 847 η
1489 801 1601 836 θανεῖν
1617 801 1714 847 χρείη
1733 800 1807 845 σφε
1824 798 1909 846 τῷδε
1926 799 1975 845 τῷ
1993 797 2118 844 χρόνω,

1284 852 1289 855 ,
1338 857 1359 902 ἢ
1377 855 1474 892 τοῦθ’
1493 855 1748 901 ὑπεκδραμόντα
1765 854 1826 887 τοῦ
1843 851 1972 898 χρόνου
1989 849 2094 886 τέλος

1339 925 1379 945 το
1396 907 1520 945 λοιπόν
1537 909 1599 954 ἤδη
1619 909 1676 952 ζῆν
1693 904 1854 953 ἀλυπήτῳ
1871 904 1950 952 βίῳ.
1954 897 1974 950 ]

1339 958 1463 995 τοιαῦτ’
1483 959 1611 1004 εφραζε
1627 958 1714 1004 πρὸς
1732 956 1817 991 θεῶν
1835 954 2033 1000 εἱμαρμένα,

1343 1010 1427 1058 [των
1443 1010 1656 1059 Ἡρακλείων
1673 1009 1936 1046 ἐκτελευτᾶσθαι
1953 1007 2067 1042 πόνων
2070 1003 2099 1052 ,]

1342 1064 1387 1099 ὡς
1404 1061 1465 1107 τὴν
1481 1061 1630 1096 παλαιὰν
1648 1061 1763 1106 φηγὸν
1780 1060 1927 1104 αὐδῆσαί
1944 1071 2030 1094 ποτε

1341 1116 1479 1151 Δωδῶνι
1497 1114 1631 1149 δισσῶν
1649 1114 1686 1148 ἐκ
1702 1113 1892 1148 πελειάδων
1909 1112 1990 1158 ἔφη.

1341 1169 1396 1204 καὶ
1413 1168 1518 1203 τῶνδε
1536 1165 1713 1214 ναμέρτεια
1731 1165 1913 1211 συμβαίνει
1930 1165 2057 1211 χρόνου

1341 1224 1403 1257 τοῦ
1421 1223 1480 1256 νῦν
1495 1222 1674 1267 παρόντος,
1695 1219 1740 1255 ὡς
1757 1217 1962 1263 τελεσθῆναι
1978 1217 2104 1264 χρεών.

1344 1274 1434 1310 ὥσθ’
1453 1273 1559 1319 ἡδέως
1576 1270 1744 1308 εὕδουσαν
1761 1271 1944 1316 ε’κπηδᾶν’
1925 1271 1984 1316 εμὲ

1344 1329 1461 1375 φόβῳ,
1480 1326 1596 1373 φίλαι,
1615 1327 1826 1373 ταρβοῦσαν,
1846 1322 1879 1359 εἴ
1893 1339 1936 1369 με
1953 1322 2021 1371 χρὴ
2039 1321 2151 1368 μένειν

1343 1381 1478 1416 πάντων
1495 1379 1640 1426 ἀρίστου
1658 1379 1776 1425 φωτὸς
1794 1376 2030 1424 ἐστερημένην.

1345 1432 1514 1480 εὐφημίαν
1531 1434 1590 1467 νῦν
1605 1429 1694 1478 ισχ’·
1724 1431 1798 1466 ἐπεὶ
1816 1430 2016 1473 καταστεφῆ

1348 1483 1528 1530 στείχονθ’
1575 1486 1643 1531 ὁρῶ
1688 1482 1749 1519 τιν’
1800 1483 1906 1529 ἄνδρα
1949 1484 2036 1530 πρὸς
2079 1495 2191 1530 χαραν
2232 1470 2294 1516 λό-

1394 1550 1477 1583 γων.

1344 1586 1508 1621 δέσποινα
1526 1587 1704 1634 Δῃάνειρα,
1723 1590 1859 1634 πρῶτος
1876 1585 2038 1634 ἀγγέλων

1346 1638 1446 1674 ὄκνου
1464 1654 1507 1674 σε
1524 1638 1636 1675 λύσω.
1665 1642 1724 1675 τὸν
1741 1641 1808 1688 γὰρ
1825 1638 2015 1685 Ἀλκμήνης
2033 1640 2134 1674 τόκον

1347 1693 1401 1727 καὶ
1420 1692 1512 1736 ζῶντ’
1534 1693 1664 1728 ἐπίστω
1683 1695 1738 1728 καὶ
1756 1695 1942 1740 κρατοῦντα
1961 1693 2023 1727 κάκ
2040 1693 2153 1738 μάχης

1346 1744 1462 1811 ἄγοντ’
1478 1745 1634 1793 ἀπαρχὰς
1653 1745 1763 1781 θεοῖσι
1781 1748 1852 1782 τοῖς
1870 1746 2064 1793 ἐγχωρίοις.

1347 1796 1409 1834 τίν’
1428 1795 1534 1839 εἶπας,
1555 1799 1581 1833 ὦ
1598 1813 1724 1846 γεραιε,
1744 1800 1842 1834 τόνδε
1860 1813 1918 1841 μοι
1934 1800 2063 1846 λόγον·
2055 1825 2064 1837 ,

1344 1849 1421 1897 τάχ’
1439 1851 1474 1889 ἐς
1491 1852 1615 1898 δόμους
1634 1852 1719 1888 σοὺς
1735 1853 1795 1888 τὸν
1811 1850 2008 1896 πολύζηλον
2025 1851 2132 1887 πόσιν

1348 1904 1452 1950 ἥξειν,
1472 1905 1622 1951 φανέντα
1640 1905 1706 1940 σὺν
1723 1906 1836 1952 κράτει
1854 1906 2039 1953 νικηφόρῳ.

1346 1958 1400 1993 καὶ
1417 1960 1479 1993 τοῦ
1496 1958 1566 1993 τόδ’
1587 1958 1702 1993 ἀστῶν
1720 1958 1740 2003 ἢ
1759 1958 1864 2003 ξένων
1881 1957 1998 2002 μαθὼν
2014 1957 2151 2004 λέγειςς

1346 2011 1382 2045 ἐν
1398 2010 1560 2056 βουθερεῖ
1575 2013 1715 2056 λειμῶνι
1732 2012 1818 2057 πρὸς
1835 2010 1991 2046 πολλοὺς
2009 2010 2105 2055 θροεῖ

1342 2062 1450 2113 Λίχας
1467 2065 1486 2098 6
1505 2064 1611 2110 κῆρυξ
1629 2066 1744 2098 ταῦτα·
1773 2066 1834 2098 τοῦ
1852 2063 1882 2098 δ’
1902 2063 1968 2109 ἐγὼ
1987 2061 2100 2096 κλύων

1342 2115 1456 2160 ἆπῇέ,
1479 2115 1571 2152 ὅπως
1588 2131 1643 2151 τοι
1659 2120 1794 2163 πρῶτος
1812 2115 1976 2181 ἀγγείλας
1993 2115 2074 2150 τάδε

1341 2170 1428 2215 πρὸς
1445 2171 1511 2204 σοῦ
1529 2183 1562 2203 τι
1580 2169 1774 2216 κερδάναιμι
1793 2169 1847 2204 καὶ
1866 2182 1999 2217 κτῳμην
2015 2168 2130 2214 χάριν.

1239 2227 1316 2256 ΔΗ.
1343 2222 1444 2258 αὐτὸς
1462 2222 1499 2257 δὲ
1516 2226 1589 2258 πῶς
1606 2222 1762 2262 ἄπεστιν,
1783 2220 1877 2268 ε’ίπερ
1896 2221 2032 2266 εὐτυχε’
2042 2233 2052 2260 ;

1240 2280 1304 2309 ΑΓ.
1338 2274 1399 2309 οὐκ
1417 2275 1575 2321 εὐμαρείᾳ
1592 2276 1767 2322 χρώμενος
1783 2277 1912 2319 πολλῇ,
1931 2272 2043 2321 ‘yfen-c.

1343 2326 1456 2376 κύκλῳ
1473 2328 1540 2374 γὰρ
1558 2328 1660 2362 αὐτὸν
1679 2327 1830 2371 Μηλιεὺς
1848 2327 1935 2363 ἄπας
1951 2326 2040 2361 λεὼς

1343 2380 1447 2427 κρίνει
1464 2381 1654 2427 παραστὰς,
1675 2379 1744 2415 οὐδ’
1764 2381 1836 2426 ἔχει
1851 2381 1954 2424 βῆναι
1971 2381 2106 2426 πρόσω.

1342 2435 1381 2468 τὸ
1399 2434 1466 2480 γὰρ
1483 2433 1613 2468 ποθοῦν
1631 2433 1775 2469 ἕκαστος
1793 2432 1947 2478 ἐκμαθεῖν
1965 2432 2080 2467 θέλων

1344 2486 1406 2520 οὐκ
1425 2486 1465 2520 ἂν
1482 2486 1629 2531 μεθεῖτο,
1648 2487 1729 2533 πρὶν
1746 2485 1825 2521 καθ’
1841 2484 1964 2530 ἡδονὴν
1981 2483 2109 2520 κλύειν.

1345 2537 1452 2575 οὕτως
1470 2539 1594 2576 ἐκεῖνος
1612 2554 1677 2584 ουχ
1696 2540 1790 2578 εκὼν,
1811 2540 1928 2573 ἑκοῦσι
1947 2538 1985 2573 δὲ

1345 2590 1513 2635 ξύνεστιν·
1544 2591 1628 2639 ὄψει
1647 2592 1675 2626 δ’
1696 2592 1797 2627 αυτὸν
1814 2591 1918 2626 αὐτίκ’
1939 2591 2086 2637 ἐμφανῆ.

1347 2645 1372 2679 ὦ
1391 2647 1466 2684 Ζεῦ,
1487 2646 1546 2679 τὸν
1565 2643 1665 2689 Οιτης
1684 2645 1810 2690 ἄτομον
1828 2643 1866 2680 ὃς
1882 2643 2017 2689 λειμῶν’
2037 2658 2138 2690 εχεις,

1345 2698 1470 2733 ἔδωκας
1487 2697 1565 2742 ἡμῖν
1582 2698 1674 2732 ἀλλὰ
1692 2697 1758 2732 σὺν
1773 2699 1887 2745 χρόνῳ
1904 2698 2027 2744 χαράν.

1346 2749 1535 2796 φωνήσατ’,
1556 2750 1582 2785 ὦ
1600 2752 1764 2797 γυναῖκες,
1784 2748 1821 2785 αἶ
1835 2749 1865 2784 τ’
1884 2749 1966 2786 εἵσω
1985 2748 2110 2796 στέγης

1346 2801 1383 2837 αἴ
1398 2802 1426 2837 τ’
1446 2803 1540 2839 ἐκτὸς
1558 2804 1676 2848 αὐλῆς,
1697 2804 1742 2839 ὡς
1759 2802 1909 2838 ἄελπτον
1926 2801 2004 2847 ὄμμ’
2024 2802 2099 2847 ἐμοὶ

1347 2854 1463 2901 φήμης
1480 2856 1634 2902 ἀνασχὸν
1650 2857 1758 2902 τῆσδε
1775 2858 1834 2891 νῦν
1851 2853 2080 2902 καρπούμεθα.

1346 2907 1585 2954 ἀνολολυξάτω
1604 2908 1706 2954 δόμος
1724 2908 1899 2955 ἐφεστίοις
1916 2908 2105 2955 ἀλαλαγαῖς

1348 2963 1367 2995 6
1385 2963 1641 3008 μελλόνυμφος,
1662 2962 1698 2996 ἐν
1715 2962 1754 2997 δὲ
1772 2963 1882 2999 κοινὸς
1900 2961 2053 3006 ἀρσένων

1350 3013 1411 3049 ’ίτω
1430 3016 1563 3063 κλαγγὰ
1579 3016 1639 3051 τὸν
1657 3015 1869 3063 εὐφαρέτραν

1350 3067 1511 3104 Ἀπόλλω
1529 3070 1736 3116 προστάταν·

1352 3123 1437 3167 ὁμοῦ
1453 3123 1490 3158 δὲ
1508 3125 1632 3158 παιᾶνα
1649 3123 1760 3158 παιᾶν’

1353 3175 1495 3223 ἀνάγετ’,
1515 3176 1542 3211 ὦ
1559 3177 1732 3224 παρθένοι,

1348 3231 1454 3271 βοᾶτε
1471 3231 1533 3266 τὰν
1551 3232 1750 3278 ὁμόσπορον
1760 3230 1924 3279 Ἀρτεμιν
1939 3229 2122 3277 Ὀρτυγίαν

1350 3282 1429 3318 θεὰν
1447 3284 1685 3331 ἐλαφαβόλον,
1705 3284 1914 3332 ἀμφίπυρον,

1350 3336 1502 3383 γείτονάς
1519 3353 1556 3373 τε
1575 3337 1731 3385 Νύμφας.

1351 3390 1478 3437 ἀείρομ’
1497 3389 1567 3427 οὐδ’
1586 3392 1767 3437 ἀπώσομαι

1351 3444 1411 3478 τὸν
1429 3444 1546 3484 αὐλὸν,
1566 3445 1592 3479 ὦ
1609 3444 1748 3492 τύραννε
1766 3447 1826 3482 τᾶς
1845 3445 1925 3491 ε’μᾶς
1943 3444 2082 3491 φρενός.

1354 3497 1426 3531 ἰδοὺ
1445 3497 1518 3533 ἶδού
1536 3498 1570 3543 μ’
1589 3499 1830 3544 ἀναταράσσει,

1350 3553 1434 3591 εὐοῖ,
1454 3554 1473 3587 6
1492 3555 1615 3589 κισσὸς
1631 3553 1707 3599 ἄρτι
1725 3554 1872 3599 βακχιάν

1354 3604 1582 3652 ὑποστρέφων
1599 3606 1757 3650 ἅμιλλαν.

2221 477 2278 510 160

2227 746 2283 787 165

2230 1015 2289 1047 ¹70

2235 1276 2292 1311 175

1243 1440 1315 1470 XO.

1244 1591 1309 1621 ΑΓ.
2238 1588 2296 1620 180

1244 1803 1321 1833 ΔΗ.

1244 1856 1311 1886 ΑΓ.
2238 1864 2249 1886 1
2256 1853 2296 1894 85

1245 1962 1319 1992 ΔΗ.

1246 2015 1311 2044 ΔΓ.

2234 2127 2291 2158 ¹90

2234 2391 2290 2423 ¹95

1242 2650 1319 2679 ΔΗ.

1244 2913 1316 2943 ΧΟ.
2238 2922 2296 2954 ²05

2238 3133 2298 3155 210

2240 3348 2254 3369 ω

2265 3348 2273 3368 -

2280 3359 2297 3378 ’.ι
2284 3347 2296 3354 ι

2239 3610 2298 3634 220
