2488 3860
279 261 335 344 25

295 3046 360 3076 ΛΤ.

1167 293 1467 333 ΑΙΣΧΥΛΟΥ

365 400 549 448 φιλόφρων
565 399 631 445 γὰρ
649 396 847 445 παρασαίνει
863 395 989 442 βροτὸν
1250 398 1292 433 97

365 453 462 488 τόθεν
478 452 538 487 οὐκ
556 452 649 486 ἔστιν
666 449 749 496 ὑπὲρ
764 448 882 484 θνατὸν
899 445 1068 490 ἀλύξαντα
1082 447 1213 491 φυγεῖν.
1236 457 1295 480 100

366 505 481 541 θεόθεν
497 505 562 551 γὰρ
580 503 662 538 κατὰ
678 503 766 548 μοῖρ’
783 501 965 545 ἐκράτησεν
981 499 1020 533 τὸ
1043 498 1198 536 παλαιὸν,
1218 496 1293 532 ἐπέ-

419 557 536 603 σκηψε
554 556 589 590 δὲ
607 555 756 601 Πέρσαις
1153 563 1231 595 στρ.
1250 547 1294 595 γ’.

367 610 536 654 πολέμους
551 602 815 654 πυργοδαΐκτους
1240 615 1295 644 ¹05

368 662 492 698 διέπειν
506 660 731 706 ἱππιοχάρμας
747 673 783 693 τε
798 659 947 697 κλόνους,
961 656 1093 706 πόλεών
1110 653 1139 689 τ’
1153 654 1296 688 ἀναστά-

423 728 505 751 σεις.

371 767 494 813 ἔμαθον
505 765 532 801 δ’
540 766 737 812 εὐρυπόροιο
749 763 929 798 θαλάσσας
938 759 1191 805 πολιαινομένας
1201 757 1298 794 πνεύ-

423 833 501 864 ματι
517 819 638 865 λάβρῳ
1085 813 1156 847 ἀντ.
1176 811 1219 858 γ’.
1244 824 1302 846 110

373 872 497 918 ἐσορᾶν
513 871 648 906 πόντιον
664 868 784 908 ἅλσος,
1202 862 1301 908 [ναῖς.

373 924 510 960 πίσυνοι
525 922 747 966 λεπτοδόμοις
763 920 931 966 πείσμασι
946 920 1129 965 λαοπόροις
1142 931 1178 951 τε
1195 930 1302 961 μηχα-
1324 907 1328 942 2

374 976 478 1011 ταῦτά
493 988 559 1019 μου
565 974 778 1020 μελαγχίτων
1162 982 1240 1015 στρ.
1263 967 1304 1002 δ’.
1324 944 1329 1006 ι

376 1028 467 1075 φρὴν
484 1026 673 1070 ἀμύσσεται
690 1026 804 1071 φόβῳ,
1248 1031 1304 1064 115

377 1080 431 1120 ὀὰ,
451 1080 623 1124 Περσικοῦ
643 1075 890 1123 στρατεύματος

378 1132 487 1170 τοῦδε,
506 1130 550 1174 μὴ
569 1130 672 1164 πόλις
688 1127 793 1172 πύθη-

379 1197 433 1218 ται
451 1182 625 1226 κένανδρον
641 1180 713 1224 μέγ’
733 1180 820 1214 ἄστυ
838 1179 1010 1214 Σουσίδος·

382 1237 435 1271 καὶ
452 1235 491 1269 τὸ
511 1234 664 1269 Κισσίων
680 1229 820 1275 πόλισμ’

383 1287 580 1323 ἀντίδουπον
598 1284 726 1323 ἅσεται,

383 1340 439 1382 da,
455 1337 545 1374 τοῦτ’
566 1338 645 1372 ἔπος
661 1334 886 1381 γυναικοπλη-

385 1391 445 1436 θὴς
462 1391 580 1434 ὅμιλος
597 1386 722 1423 ἀπύων·

385 1442 566 1486 βυσσίνοις
583 1439 611 1475 δ’
631 1440 666 1474 ἐν
682 1439 824 1475 πέπλοις
839 1438 928 1483 πέσῃ
946 1437 1054 1474 λακίς.
1258 1451 1293 1473 12
1298 1451 1314 1481 5

386 1497 451 1531 πᾶς
467 1494 532 1540 γὰρ
552 1492 740 1536 ἱππηλάτας
1178 1504 1254 1536 στρ.
1276 1489 1314 1525 ε’.

389 1548 441 1582 καὶ
458 1544 664 1588 πεδοστιβὴς
681 1544 767 1579 λεὼς

390 1600 516 1643 σμῆνος
557 1597 602 1632 ὣς
641 1595 840 1631 ἐκλέλοιπεν
872 1596 1044 1640 μελισσᾶν
1084 1593 1147 1629 σὺν
1181 1594 1317 1641 ὀρχάμῳ

429 1659 590 1692 στρατου,

389 1698 449 1734 τὸν
463 1693 688 1739 ἀμφίζευκτον
705 1691 892 1739 ἐξαμείψας
909 1692 1100 1740 ἀμφοτέρας
1117 1692 1214 1729 ἅλιον
1261 1708 1318 1738 130

388 1749 502 1792 πρῶνα
520 1746 628 1779 κοινὸν
644 1743 728 1781 αἴας.

388 1798 512 1843 λέκτρα
531 1796 558 1832 δ’
578 1797 705 1843 ἀνδρῶν
721 1797 815 1844 πόθῳ
1187 1799 1258 1834 ἀντ,
1279 1800 1317 1834 ρ’,

390 1850 578 1895 πίμπλαται
597 1847 815 1895 δακρύμασιν·

391 1902 558 1948 Περσίδες
572 1900 601 1935 δ’
615 1901 826 1947 ἀκροπενθεῖς
841 1902 964 1935 ἑκάστα
977 1901 1071 1949 πόθῳ
1085 1903 1245 1949 φιλάνορι
1263 1916 1318 1949 135

392 1955 450 1989 τὸν
467 1953 649 1998 αἰχμάεντα
667 1952 786 1999 θοῦρον
804 1953 963 1999 εὐνατῆρα
979 1955 1249 2001 προπεμψαμένα

395 2004 546 2038 λείπεται
562 2002 719 2048 μονόζυξ.
1294 2002 1298 2006 ”

397 2055 474 2090 ἀλλ’
494 2055 566 2102 ἄγε,
582 2054 725 2100 Πέρσαι,
745 2052 812 2087 τόδ’
833 2052 1015 2096 ἐνεζόμενοι
1269 2063 1346 2101 1401

398 2107 518 2154 στέγος
535 2107 687 2153 ἀρχαῖον,
1342 2111 1346 2189 Ι

396 2159 562 2205 φροντίδα
580 2158 695 2202 κεδνὴν
713 2157 766 2191 καὶ
782 2155 1000 2199 βαθύβουλον
1343 2192 1346 2196 .

397 2211 540 2256 θώμεθα,
559 2210 657 2256 χρεία
675 2210 711 2244 δὲ
728 2208 902 2255 προσήκει,
1342 2201 1347 2259 ΙΙ

1092 1230 1164 1264 ἀντ.
1186 1228 1226 1263 δ’.
1251 1241 1310 1264 120

395 2266 467 2299 πῶς
484 2262 548 2309 ἄρα
564 2263 715 2309 πράσσει
733 2260 859 2307 Ξέρξης
875 2258 1040 2301 βασιλεὺς

397 2314 627 2361 Δαρειογενὴς,
1270 2321 1324 2354 145
1345 2326 1348 2336 ·

396 2368 434 2401 τὸ
452 2365 683 2412 πατρωνύμιον
698 2365 794 2411 γένος
811 2362 981 2409 ἡμέτερον·

395 2421 537 2465 πότερον
554 2418 654 2461 τόξου
671 2415 759 2462 ῥῦμα
775 2416 814 2450 τὸ
833 2418 939 2454 νικῶν,

395 2470 415 2514 ἢ
435 2470 626 2517 δορικράνου

394 2523 523 2569 λόγχης
540 2521 640 2566 ἰσχὺς
658 2521 862 2566 κεκράτηκεν.

395 2574 472 2609 ἀλλ’
491 2574 550 2619 ἥδε
568 2573 652 2607 θεῶν
667 2570 747 2607 ἴσον
764 2571 955 2617 ὀφθαλμοῖς
1267 2580 1326 2613 150

395 2627 484 2671 φάος
502 2627 641 2671 ὁρμᾶται
658 2623 765 2670 μήτηρ
782 2622 963 2665 βασιλέως,

394 2678 556 2720 βασίλεια
573 2676 601 2712 δ’
621 2677 692 2721 ἐμὴ,
713 2675 921 2722 προσπίτνω·

395 2730 448 2764 καὶ
464 2729 724 2776 προσφθόγγοις
742 2727 778 2762 δέ
796 2727 905 2773 χρεὼν
922 2725 1022 2770 αὐτὴν

394 2782 519 2817 πάντας
536 2779 674 2826 μύθοισι
692 2779 899 2826 προσαυδᾶν.

395 2833 421 2867 ὦ
438 2833 638 2875 βαθυζώνων
655 2832 789 2866 ἄνασσα
806 2830 984 2877 Περσίδων
1001 2829 1176 2875 ὑπερτάτη,
1268 2840 1323 2873 155

393 2886 497 2931 μῆτερ
515 2884 533 2928 ἡ
553 2884 681 2930 Ξέρξου
697 2883 825 2930 γεραιὰ,
845 2884 953 2928 χαῖρε,
973 2880 1115 2927 Δαρείου
1131 2879 1238 2927 γύναι,

395 2936 474 2971 θεοῦ
484 2937 545 2982 μὲν
555 2936 724 2982 εὐνάτειρα
735 2938 889 2981 Περσῶν,
903 2933 981 2967 θεοῦ
995 2933 1031 2967 δὲ
1045 2932 1098 2967 καὶ
1110 2931 1216 2979 μήτηρ
1227 2933 1323 2978 ἔφυς,

394 2987 426 3023 εἵ
441 3003 473 3022 τι
490 2988 534 3033 μὴ
554 2988 678 3032 δαίμων
695 2987 837 3022 παλαιὸς
854 2988 911 3021 νῦν
928 2985 1111 3030 μεθέστηκε
1128 2987 1274 3032 στρατῷ.

388 3043 491 3075 ταῦτα
509 3040 548 3084 δὴ
565 3038 703 3074 λιποῦσ’
724 3039 821 3072 ἱκάνω
838 3038 1139 3084 χρυσεοστόλμους
1157 3037 1289 3081 δόμους,

395 3093 448 3126 καὶ
466 3093 504 3126 τὸ
523 3092 664 3137 Δαρείου
682 3105 718 3125 τε
736 3090 839 3134 κάμὸν
856 3089 964 3123 κοινὸν
982 3086 1182 3133 εὐνατήριον.
1267 3092 1326 3124 160

394 3144 448 3178 καί
465 3158 506 3188 με
524 3143 660 3188 καρδίαν
677 3140 824 3187 ἀμύσσει
842 3141 994 3187 φροντίς·
1025 3140 1058 3175 ἐς
1075 3139 1103 3174 δ’
1123 3140 1207 3185 ὑμᾶς
1224 3140 1288 3186 ἐρῶ

393 3195 510 3241 μῦθον,
530 3195 680 3238 οὐδαμῶς
699 3195 839 3238 ἐμαυτῆς
856 3192 930 3227 οὗσ’
949 3192 1153 3236 ἀδείμαντος,
1173 3193 1283 3237 φίλοι,

394 3247 438 3292 μὴ
457 3247 559 3293 μέγας
575 3248 723 3281 πλοῦτος
742 3245 876 3281 κονίσας
894 3243 993 3279 οὖδας
1010 3243 1160 3289 ἀντρέψῃ
1178 3244 1257 3278 ποδὶ

395 3299 514 3340 ὄλβον,
534 3297 572 3332 ὃν
590 3299 728 3343 Δαρεῖος
745 3295 823 3343 ἦρεν
840 3297 898 3330 οὐκ
916 3296 992 3330 ἄνευ
1011 3295 1094 3330 θεῶν
1111 3297 1210 3331 τινός.

1342 607 1413 637 ΧΟ.

1367 2785 1436 2815 ΧΟ.

1443 393 1531 439 ὅμμα
1548 393 1614 440 γὰρ
1632 394 1741 439 δόμων
1755 392 1875 439 νομίζω
1893 393 2060 430 δεσπότου
2073 391 2274 441 παρουσίαν.
2316 392 2374 434 169

1442 448 1527 493 πρὸς
1537 446 1606 481 τάδ’
1614 447 1658 482 ὣς
1668 444 1773 481 οὕτως
1784 445 1929 490 ἐχόντων
1938 447 2053 487 τῶνδε,
2066 445 2260 491 σύμβουλοι
2269 445 2376 491 λόγου

1445 499 1545 533 τοῦδέ
1558 513 1615 543 μοι
1632 497 1784 544 γένεσθε,
1804 497 1947 544 Πέρσαι,
1965 498 2114 544 γηραλέα
2130 498 2342 542 πιστώματα.

1442 551 1549 585 πάντα
1566 551 1631 596 γὰρ
1648 550 1690 584 τὰ
1708 549 1790 584 κέδν’
1810 549 1846 584 ἐν
1862 550 1938 594 ὑμῖν
1956 550 2032 585 ἐστι’
2048 564 2105 595 μοι
2122 548 2349 594 βουλεύματα.

1442 601 1478 636 εὖ
1495 602 1563 636 τόδ’
1582 601 1667 641 ἵσθι,
1687 603 1750 647 γῆς
1767 601 1901 636 ἄνασσα
1918 602 2034 646 τῆσδε,
2053 600 2097 646 μή
2117 616 2159 636 σε
2177 602 2227 638 δὶς
2244 601 2378 647 φράσαι

1442 652 1516 699 μήτ’
1535 655 1614 690 ἔπος
1630 651 1705 698 μήτ’
1723 654 1823 700 ἔργον
1841 653 1886 688 ὧν
1900 653 1940 688 ἂν
1954 652 2089 698 δύναμις
2101 653 2256 700 ἡγεῖσθαι
2274 652 2376 696 θέλῃ.

1444 706 1588 750 εὐμενεῖς
1604 706 1670 752 γὰρ
1689 704 1786 741 ὄντας
1803 704 1887 749 ἡμᾶς
1900 706 2003 740 τῶνδε
2017 704 2236 750 συμβούλους
2253 705 2377 740 καλεῖς.

1345 764 1410 795 AT.
1439 759 1584 793 πολλοῖς
1601 758 1661 802 μὲν
1678 757 1730 791 ἀεὶ
1747 757 1914 803 νυκτέροις
1931 757 2081 804 ὀνείρασι
2319 758 2380 800 176

1445 808 1581 854 ξύνειμ’,
1601 809 1661 854 ἀφ’
1681 808 1784 855 οὗπερ
1802 811 1879 844 παῖς
1897 809 1974 852 ἐμὸς
1993 809 2130 844 στείλας
2149 809 2294 855 στρατὸν

1444 861 1577 896 Ἰαόνων
1593 862 1656 907 γῆν
1674 859 1801 906 οἴχεται
1819 858 1944 906 πέρσαι
1962 859 2086 895 θέλων·

1448 913 1525 948 ἀλλ’
1545 916 1618 948 οὔτι
1635 927 1688 948 πω
1707 911 1827 947 τοιόνδ’
1847 912 1982 958 ἐναργὲς
1999 912 2133 957 εἰδόμην

1448 966 1492 1001 ὡς
1508 967 1566 1010 τῆς
1583 964 1742 1011 πάροιθεν
1759 964 1935 1010 εὐφρόνης,
1954 963 2044 1007 λέξω
2063 964 2102 999 δέ
2119 973 2187 999 σοι·
2323 968 2382 1000 180

1447 1017 1606 1061 ἐδοξάτην
1622 1031 1680 1061 μοι
1698 1015 1758 1051 δύο
1775 1015 1900 1062 γυναῖκ’
1920 1015 2080 1060 εὐείμονε,

1446 1068 1466 1112 ἡ
1484 1069 1544 1113 μὲν
1561 1069 1726 1104 πέπλοισι
1744 1069 1926 1114 Περσικοῖς
1943 1066 2123 1112 ἠσκημένη,

1447 1120 1466 1164 ἡ
1487 1121 1514 1155 δ’
1535 1120 1613 1155 αὖτε
1632 1122 1844 1166 Δωρικοῖσιν,
1865 1119 1912 1155 εἷς
1930 1119 2014 1165 ὄψιν
2031 1121 2159 1164 μολεῖν,

1448 1173 1580 1219 μεγέθει
1598 1188 1634 1207 τε
1651 1176 1717 1206 τῶν
1735 1174 1792 1207 νῦν
1810 1172 2061 1218 ἐκπρεπεστάτα
2077 1171 2179 1215 πολὺ,

1449 1225 1566 1260 κάλλει
1584 1223 1612 1259 τ’
1631 1225 1767 1268 ἀμώμω,
1781 1225 1833 1258 καὶ
1851 1222 2035 1269 κασιγνήτα
2051 1223 2167 1270 γένους
2327 1228 2381 1268 ι85

1449 1277 1581 1311 ταύτοῦ·
1611 1277 1739 1322 πάτραν
1757 1275 1784 1310 δ’
1804 1276 1914 1310 ἔναιον
1930 1275 1949 1319 ἡ
1968 1275 2028 1320 μὲν
2043 1275 2195 1311 Ἐλλάδα

1451 1327 1563 1376 κλήρῳ
1580 1330 1739 1374 λαχοῦσα
1755 1329 1863 1374 γαῖαν,
1883 1327 1903 1371 ἡ
1922 1327 1959 1362 δὲ
1975 1328 2164 1374 βάρβαρον.

1450 1379 1556 1415 τούτω
1576 1381 1700 1415 στάσιν
1716 1379 1776 1415 τιν’
1782 1404 1791 1420 ,
1812 1380 1856 1415 ὣς
1874 1379 1939 1426 ἐγὼ
1955 1378 2087 1414 ’δόκουν
2104 1381 2196 1427 ὁρᾶν,

1450 1431 1581 1478 τεύχειν
1599 1433 1633 1467 ἐν
1651 1431 1851 1476 ἀλλήλαισι.
1880 1433 1958 1467 παῖς
1975 1430 2004 1466 δ’
2025 1431 2102 1476 ἐμὸς
2118 1431 2233 1477 μαθὼν

1452 1487 1582 1530 κατεῖχε
1600 1485 1794 1531 κάπράῦνεν,
1814 1484 1960 1530 ἅρμασιν
1981 1483 2009 1519 δ’
2028 1481 2093 1518 ὕπο
2329 1497 2388 1529 190

1453 1535 1628 1583 ζεύγνυσιν
1646 1536 1734 1571 αὐτὼ
1752 1537 1805 1570 καὶ
1821 1535 1957 1571 λέπαδν’
1978 1534 2028 1571 ἐπ’
2047 1535 2195 1580 αὐχένων

1452 1588 1579 1632 τίθησι.
1607 1587 1652 1633 χή
1671 1589 1732 1633 μὲν
1749 1588 1818 1633 τῇδ’
1840 1588 2026 1634 ἐπυργοῦτο
2045 1590 2154 1633 στολῇ

1454 1640 1489 1675 ἐν
1506 1640 1632 1684 ἡνίαισί
1650 1640 1678 1674 τ’
1698 1637 1788 1685 εἶχεν
1806 1642 1964 1686 εὔαρκτον
1982 1641 2104 1684 στόμα,

1453 1692 1473 1736 ἡ
1492 1692 1520 1726 δ’
1540 1693 1724 1738 ἐσφάδαζε,
1745 1693 1798 1727 καὶ
1815 1694 1929 1738 χεροῖν
1947 1693 2022 1735 ἔντη
2041 1692 2166 1738 δίφρου

1454 1745 1718 1791 διασπαράσσει,
1740 1745 1792 1779 καὶ
1811 1745 2009 1790 ξυναρπάζει
2026 1743 2087 1788 βίᾳ
2331 1756 2387 1789 195

1454 1796 1530 1831 ἄνευ
1548 1799 1696 1842 χαλινῶν
1714 1797 1766 1831 καὶ
1786 1797 1885 1843 ζυγὸν
1903 1794 2017 1842 θραύει
2034 1795 2150 1840 μέσον·

1453 1849 1567 1884 πίπτει
1586 1849 1614 1883 δ’
1634 1849 1711 1893 ἐμὸς
1728 1850 1816 1888 παῖς,
1837 1848 1890 1882 καὶ
1907 1848 2016 1893 πατὴρ
2033 1847 2236 1894 παρίσταται

1456 1903 1594 1947 Δαρεῖος
1612 1901 1783 1947 οἰκτείρων
1802 1900 1884 1945 σφέ·
1913 1901 1973 1949 τὸν
1989 1899 2016 1934 δ’
2037 1899 2126 1936 ὅπως
2144 1901 2206 1946 ὁρᾷ

1455 1953 1592 1998 Ξέρξης,
1611 1953 1762 1988 πέπλους
1778 1951 1941 1998 ῥήγνυσιν
1958 1951 2048 1997 ἀμφὶ
2066 1953 2207 1997 σώματι.

1457 2004 1509 2037 καὶ
1526 2006 1629 2037 ταῦτα
1645 2004 1706 2048 μὲν
1723 2004 1763 2048 δὴ
1782 2005 1896 2040 νυκτὸς
1915 2003 2053 2038 εἷσιδεῖν
2069 2004 2173 2050 λέγω.
2299 2027 2302 2030 -
2332 2017 2392 2040 200

1458 2055 1529 2090 ἐπεὶ
1548 2055 1576 2090 δ’
1595 2055 1737 2099 ἀνέστην
1754 2057 1807 2090 καὶ
1825 2057 1940 2102 χεροῖν
1958 2057 2161 2102 καλλιρρόου
2233 2055 2249 2062 ’“

1459 2107 1597 2152 ἔψαυσα
1614 2109 1732 2153 πηγῆς,
1753 2107 1817 2143 σύν
1835 2107 1994 2155 θυηπόλῳ
2010 2109 2086 2154 χερὶ

1458 2160 1564 2206 βωμῷ
1582 2159 1788 2205 προσέστην,
1809 2160 2034 2207 ἀποτρόποισι
2052 2160 2189 2204 δαίμοσι

1460 2210 1613 2245 θέλουσα
1631 2211 1732 2246 θῦσαι
1749 2212 1911 2252 πέλανον,
1932 2212 1977 2247 ὧν
1993 2213 2078 2256 τέλη
2096 2213 2187 2247 τάδε·

1461 2264 1527 2307 ὁρῶ
1545 2263 1582 2297 δὲ
1600 2262 1756 2309 φεύγοντ’
1776 2263 1885 2299 αἷετὸν
1902 2265 1986 2311 πρὸς
2004 2264 2154 2311 ἐσχάραν
2335 2265 2393 2310 ’205

1461 2314 1600 2355 Φοίβου·
1630 2316 1731 2362 φόβῳ
1750 2315 1778 2350 δ’
1797 2315 1974 2363 ἄφθογγος
1992 2315 2149 2360 ἐστάθην,
2169 2316 2280 2363 φίλοι·

1461 2364 1668 2412 μεθύστερον
1686 2368 1721 2402 δέ
1740 2368 1852 2413 κίρκον
1870 2368 1995 2414 εἰσορῶ
2013 2369 2125 2416 δρόμῳ

1462 2419 1595 2463 πτεροῖς
1613 2419 1859 2465 ἐφορμαίνοντα
1877 2421 1931 2455 καὶ
1947 2421 2070 2466 χηλαῖς
2088 2422 2172 2468 κάρα

1463 2469 1629 2504 τίλλονθ’*
1659 2472 1677 2504 ὁ
1696 2471 1723 2505 δ’
1743 2472 1840 2507 οὐδὲν
1857 2472 1945 2507 ἄλλο
1963 2471 1995 2519 γ’
2014 2471 2033 2517 ἢ
2052 2471 2179 2517 πτήξας
2196 2473 2296 2517 δέμας

1464 2524 1615 2567 παρεῖχε.
1645 2522 1735 2557 ταῦτ’
1754 2524 1867 2570 ἔμοιγε
1885 2522 2010 2569 δείματ’
2029 2522 2100 2559 ἔστ’
2119 2525 2212 2568 ἷδεῖν,
2337 2539 2397 2562 210

1465 2573 1540 2616 ὑμῖν
1558 2574 1587 2608 δ’
1604 2573 1747 2610 ἀκούειν.
1776 2575 1813 2610 εὖ
1829 2577 1894 2622 γὰρ
1911 2574 1999 2616 ἴστε,
2019 2578 2096 2613 παῖς
2114 2577 2192 2622 ἐμὸς

1465 2625 1594 2670 πράξας
1610 2627 1670 2670 μὲν
1688 2625 1724 2661 εὖ
1743 2627 1934 2672 θαυμαστὸς
1951 2628 1992 2663 ἂν
2007 2627 2130 2675 γένοιτ’
2145 2628 2238 2677 ἀνὴρ,

1467 2680 1571 2713 κακῶς
1589 2679 1624 2712 δέ
1642 2679 1771 2724 πράξας
1789 2680 1852 2725 οὐχ
1871 2678 2054 2716 ὑπεύθυνος
2070 2681 2183 2716 πόλει·

1469 2728 1589 2765 σωθεὶς
1607 2730 1634 2764 δ’
1655 2731 1777 2774 ὁμοίως
1793 2732 1899 2776 τῆσδε
1917 2734 2062 2778 κοιρανεῖ
2075 2731 2210 2778 χθονός.
2339 2748 2399 2778 ²¹⁴

1468 2782 1508 2814 οὔ
1522 2795 1563 2815 σε
1580 2783 1811 2827 βουλόμεσθα,
1831 2785 1945 2830 μῆτερ,
1961 2783 2029 2818 οὔτ’
2047 2784 2132 2831 ἄγαν
2144 2784 2268 2831 φοβεῖν
2285 2787 2402 2833 λόγοις

1469 2834 1544 2867 οὔτε
1563 2833 1751 2880 θαρσύνειν,
1772 2835 1867 2872 θεοὺς
1886 2836 1922 2870 δέ
1939 2837 2172 2883 προστροπαῖς
2191 2836 2374 2883 ἱκνουμένη,

1470 2882 1501 2918 εἵ
1511 2899 1543 2918 τι
1562 2886 1716 2931 φλαῦρον
1727 2884 1822 2928 εἶδες,
1842 2887 1936 2922 αἰτοῦ
1954 2887 2050 2923 τῶνδ’
2064 2887 2258 2936 ἀποτροπὴν
2271 2892 2391 2936 τελεῖν·

1470 2936 1511 2970 τὰ
1529 2936 1557 2971 δ’
1570 2937 1665 2983 ἀγάθ’
1679 2939 1796 2983 ἐκτελῆ
1810 2939 1967 2986 γενέσθαι
1982 2940 2040 2975 σοί
2049 2955 2086 2975 τε
2097 2940 2151 2976 καὶ
2164 2941 2290 2978 τέκνοις
2303 2941 2403 2977 σέθεν

1472 2989 1524 3022 καὶ
1537 2991 1636 3023 πόλει
1650 2990 1768 3035 φίλοις
1781 3005 1817 3025 τε
1830 2993 1930 3026 πᾶσι·
1951 2990 2105 3039 δεύτερον
2118 2993 2155 3027 δέ
2167 2993 2233 3040 χρὴ
2245 2994 2329 3039 χοὰς
2343 3007 2403 3039 219

1471 3042 1514 3086 γῇ
1526 3054 1563 3074 τε
1577 3041 1629 3074 καὶ
1643 3041 1777 3086 φθιτοῖς
1787 3043 1944 3088 χέασθαι·
1964 3045 2129 3090 πρευμενῆ
2148 3044 2177 3078 δ’
2196 3043 2289 3088 αἰτοῦ
2306 3045 2387 3079 τάδε

1474 3092 1537 3125 σὸν
1553 3093 1657 3127 πόσιν
1674 3095 1825 3139 Δαρεῖον,
1841 3094 1942 3142 ὅνπερ
1961 3095 2030 3142 φῂς
2047 3095 2129 3131 ἷδεῖν
2142 3096 2211 3131 κατ’
2226 3096 2403 3144 εὐφρόνην,

1474 3142 1582 3177 ἐσθλά
1601 3158 1657 3178 σοι
1675 3145 1816 3189 πέμπειν
1833 3147 1935 3195 τέκνῳ
1956 3162 2004 3188 τε,
2023 3148 2086 3194 γῆς
2102 3147 2234 3195 ἔνερθεν
2251 3148 2285 3185 ἐς
2301 3149 2403 3195 φάος·

1472 3194 1639 3239 τᾶμπαλιν
1645 3197 1680 3230 δέ
1691 3198 1794 3231 τῶνδε
1803 3199 1899 3244 γαίας
1912 3199 2027 3245 κάτοχ’
2037 3199 2269 3247 ἀμαυροῦσθαι
2280 3202 2403 3249 σκότῳ.

1474 3249 1578 3280 ταῦτα
1595 3247 1794 3292 θυμόμαντις
1812 3249 1857 3284 ὢν
1876 3251 1933 3285 σοὶ
1950 3254 2139 3297 πρευμενῶς
2155 3251 2340 3299 παρῄνεσα·

1475 3297 1511 3332 εὖ
1530 3298 1565 3332 δέ
1583 3301 1734 3344 πανταχῆ
1754 3303 1864 3335 τελεῖν
1881 3317 1938 3336 σοι
1951 3304 2055 3338 τῶνδε
2073 3304 2224 3349 κρίνομεν
2236 3303 2325 3352 πέρι.
2347 3316 2406 3350 225

394 3351 499 3386 ταῦτά
509 3364 565 3395 μοι
572 3350 673 3393 διπλῆ
679 3347 804 3395 μέριμν’
811 3348 988 3394 ἅφραστός
999 3346 1257 3393 ἐστινένφρεσὶ,
1269 3351 1324 3392 165
1372 3355 1438 3385 AT.
1468 3349 1559 3384 ἀλλὰ
1576 3350 1640 3394 μὴν
1653 3353 1766 3387 εὔνους
1782 3352 1814 3398 γ’
1830 3355 1848 3387 ὁ
1861 3358 1993 3399 πρῶτος
2011 3354 2105 3390 τῶνδ’
2121 3353 2280 3391 ἐνυπνίων
2297 3356 2407 3403 κριτὴς

395 3401 477 3448 μήτε
495 3402 673 3448 χρημάτων
690 3401 856 3447 ἀνάνδρων
873 3399 1003 3444 πλῆθος
1021 3399 1055 3434 ἐν
1072 3401 1148 3443 τιμῇ
1169 3399 1284 3442 σε’βειν

395 3453 468 3500 μήτ’
485 3453 710 3499 ἀχρημάτοισι
726 3453 870 3496 λάμπειν
883 3453 969 3497 φῶς,
985 3450 1069 3485 ὅσον
1087 3450 1206 3487 σθένος
1222 3453 1324 3497 πάρα.

397 3507 472 3543 ἔστι
489 3506 554 3551 γὰρ
572 3506 719 3546 πλοῦτός
741 3503 773 3556 γ’
793 3503 959 3553 ἀμεμφής,
979 3502 1068 3551 ἀμφὶ
1091 3503 1119 3540 δ’
1139 3503 1326 3550 ὀφθαλμοῖς

448 3559 567 3609 φόβος,

1475 3402 1568 3437 παιδὶ
1586 3403 1638 3436 καὶ
1657 3403 1770 3446 δόμοις
1789 3404 1899 3448 ἐμοῖσι
1917 3405 2006 3450 τήνδ’
2026 3405 2196 3453 ἐκύρωσας
2213 3406 2328 3454 φάτιν.

1476 3454 1643 3487 ἐκτελοῖτο
1662 3454 1701 3498 δὴ
1720 3455 1760 3488 τὰ
1778 3458 1922 3501 χρηστά·
1952 3460 2055 3493 ταῦτα
2073 3458 2101 3493 δ’
2107 3485 2115 3498 ,
2135 3459 2179 3496 ὧς
2197 3458 2346 3506 ἐφίεσαι,

1475 3506 1582 3540 πάντα
1595 3504 1742 3549 θήσομεν
1756 3506 1864 3542 θεοῖσι
1877 3509 1948 3545 τοῖς
1960 3509 1987 3543 τ’
2003 3510 2114 3557 ἔνερθε
2130 3513 2192 3558 γῆς
2205 3512 2334 3557 φίλοις,
2347 3526 2403 3556 229

1478 3555 1542 3598 εὖτ’
1557 3557 1597 3596 ἂν
1610 3557 1656 3597 εἷς
1670 3556 1779 3599 οἴκους
1794 3561 1962 3609 μόλωμεν.
1992 3563 2081 3603 κεῖνα
2099 3560 2128 3603 δ’
2142 3560 2294 3614 ἐκμαθεῖν
2305 3565 2395 3613 θέλω
