2488 3860
0 0 33 107 xxv.

172 3381 234 3412 TE.

937 251 1260 291 ΕΥΡΙΠΙΔΟΥ
1302 251 1532 291 ΒΑΚΧΑΙ.

286 352 313 388 ὧ
330 351 479 399 Σεμέλας
495 352 618 399 τροφοὶ
636 353 706 398 Θῆ-

282 407 345 449 βαι
362 403 599 450 στεφανοῦσθε
616 408 737 455 κισσῷ·

282 455 406 504 apa...
421 455 545 503 βρύετε
561 455 701 504 χλοήρει

281 509 402 554 μίλακι
419 508 647 556 καλλικάρπῳ,

283 562 337 596 καὶ
354 561 645 607 καταβακχιοῦσθε
662 562 760 608 δρυὸς

282 612 303 658 ἣ
321 613 440 649 ελάτας
458 614 627 656 κλάδοισι,

283 668 426 700 στικτῶν
441 662 473 699 τ’
494 665 611 700 ἐνδυτὰ
627 666 789 713 νεβρίδων

282 717 428 762 στέφετε
443 717 671 764 λευκοτρίχων
685 718 867 763 πλοκάμων

280 770 434 815 μαλλοῖς·
461 770 550 815 ἀμφὶ
568 771 603 805 δὲ
622 770 784 816 νάρθηκας
802 772 898 818 ὑβρι-

286 822 369 858 στὰς
387 820 554 857 ὁσιοῦσθ’·
581 823 697 857 αὐτίκα
713 825 759 868 γᾶ
775 825 871 859 πᾶσα
887 821 1055 870 χορεύσει,

281 875 422 921 Βρόμιος
439 873 504 908 εὖτ’
523 874 563 909 ἂν
581 875 644 921 ὅγῃ
664 874 803 911 θιάσους

280 927 327 963 εἷς
345 925 421 972 ὅρος
439 926 486 962 εἷς
503 926 589 972 ὅρος,
609 925 688 961 ἔνθα
704 927 794 972 μένει

279 978 461 1025 θηλυγενὴς
478 977 583 1024 ὄχλος

279 1029 339 1076 ἀφ’
360 1031 463 1065 ἱστῶν
478 1032 569 1077 παρὰ
586 1031 743 1078 κερκίδων
759 1030 790 1065 τ’

279 1082 468 1129 οἰστρηθεὶς
485 1081 649 1131 Διονύσῳ.

279 1135 305 1170 ὦ
323 1135 518 1180 θαλάμευμα
537 1135 664 1181 Κουρή-

277 1202 343 1222 των
361 1187 478 1230 ζαθέου
494 1201 532 1221 τε
550 1186 680 1234 Κρήτας

279 1239 508 1285 Διογενέτορες
527 1239 671 1281 ἔναυλοι,

276 1291 467 1338 τρικόρυθες
484 1290 550 1325 ἔνθ’
570 1291 605 1326 ἐν
621 1291 751 1338 ἄντροις

276 1345 486 1390 βυρσότονον
503 1342 660 1388 κύκλωμα
676 1345 752 1378 τόδε

275 1410 332 1441 μοι
351 1394 561 1442 Κορύβαντες
577 1395 688 1442 ηὗρον·

274 1449 336 1483 ἀνὰ
353 1449 389 1483 δὲ
406 1449 533 1493 βάκχια
551 1450 698 1495 συντόνῳ

275 1501 419 1547 κέρασαν
437 1501 565 1545 ἁδυβόᾳ
583 1500 736 1547 Φρυγίων

275 1555 386 1589 αὐλῶν
401 1552 573 1598 πνεύματι,
591 1554 714 1599 ματρός
731 1567 768 1588 τε
784 1553 876 1591 Ῥέας

276 1606 310 1642 ἐς
325 1605 410 1652 χέρα
428 1606 540 1650 θῆκαν,
561 1604 684 1640 κτύπον
701 1605 869 1652 εὐάσμασι
885 1608 1027 1654 βακχᾶν·

274 1659 364 1705 παρὰ
382 1658 419 1693 δὲ
434 1660 624 1703 μαινόμενοι
642 1659 782 1704 σάτυροι

275 1711 415 1757 ματέρος
432 1710 633 1754 ἐξανύσαντο
651 1709 738 1752 θεᾶς,

277 1764 311 1799 ἐς
328 1763 364 1797 δὲ
381 1761 571 1809 χορεύματα

276 1815 436 1862 συνῆψαν
451 1815 674 1861 τριετηοίδων,

276 1865 326 1904 οἷς
342 1867 452 1913 χαίρει
471 1868 642 1907 Διόνυσος,

222 1942 231 1943 ε
274 1919 354 1964 ἡδὺς
373 1920 408 1954 ἐν
424 1921 569 1966 οὔρεσιν,
589 1918 668 1954 ὅταν

274 1972 311 2007 ἐκ
329 1971 456 2006 θιάσων
474 1971 639 2018 δρομαίων

274 2023 363 2068 πέσῃ
381 2024 519 2064 πεδόσε,
538 2023 727 2071 νεβρίδος”
707 2037 794 2069 εχων

277 2076 365 2122 ἱερὸν
382 2076 564 2121 ἐνδυτὸν,’
544 2075 694 2124 αγρεύων

274 2125 355 2172 αἷμα
370 2129 599 2194 τραγοκτόνον,
617 2129 801 2175 ὠμοφάγον
816 2129 925 2175 χάριν,

277 2180 402 2225 ἱέμενος
420 2195 467 2217 εις
484 2179 563 2226 ὅρεα
580 2179 719 2227 Φρύγια,
738 2180 852 2216 Λύδια.

275 2235 294 2266 ὁ
313 2232 341 2266 δ’
360 2233 502 2278 ἔξαρχος
519 2234 670 2279 Βρόμιος,
689 2232 767 2268 εὐοῖ.

273 2283 327 2330 ῥεῖ
343 2284 380 2319 δὲ
396 2285 538 2331 γάλακτι
554 2285 666 2324 πέδον,
685 2283 738 2331 ῥεῖ
754 2283 784 2319 δ’
804 2283 891 2333 οἴνῳ,
910 2285 963 2333 ῥεῖ
983 2285 1019 2322 δὲ
1036 2287 1207 2333 μελισσᾶν
1250 2293 1321 2323 ΚΑ.

275 2336 415 2382 νέκταρι,
435 2337 553 2382 Συρίας
570 2335 602 2371 δ’
621 2337 665 2373 ὣς
681 2337 823 2379 λιβάνου
840 2340 971 2375 καπνός.

274 2390 293 2422 ὁ
309 2388 456 2433 βακχεῦς
473 2387 502 2423 δ’
521 2389 608 2433 ἔχων

272 2440 432 2487 πυρσώδη
449 2441 567 2487 φλόγα
583 2440 704 2477 πεύκας

275 2493 311 2527 ἐκ
328 2492 488 2539 νάρθηκος
504 2490 631 2534 ἀίσσει,

275 2544 397 2595 δρόμῳ,
415 2547 540 2594 χοροὺς
557 2546 712 2594 ἐρεθίζων
727 2546 905 2587 πλανάτας,

274 2597 381 2644 ἰαχαῖς
403 2602 429 2632 τ’
447 2600 659 2644 ἀναπάλλων,

273 2652 442 2697 τρυφερὸν
457 2652 631 2695 πλόκαμον
648 2652 695 2688 εἷς
713 2649 828 2697 αἷθέρα
843 2651 979 2698 ῥίπτων.

272 2702 341 2747 ἅμα
357 2702 386 2737 δ’
406 2702 456 2738 ἐπ’
475 2703 663 2748 εὖάσμασιν
680 2703 852 2748 ἐπιβρέμει

272 2754 388 2790 τοιάδ’·
415 2754 442 2789 ὦ
458 2753 509 2789 ’ίτε
522 2756 661 2802 βάκχαι,

272 2805 298 2840 ὦ
315 2805 364 2841 ἴτε
381 2807 519 2852 βάκχαι,

273 2859 416 2902 Τμώλου
432 2859 625 2905 χρυσορόου
640 2858 755 2903 χλιδὰ,

271 2909 421 2954 μέλπετε
437 2912 496 2945 τὸν
514 2913 679 2945 Διόνυσον

274 2963 502 3009 βαρυβρόμων
517 2963 583 2998 ὑπὸ
599 2963 785 3006 τυμπάνων,

273 3016 344 3048 εὔια
362 3016 420 3049 τὸν
437 3016 525 3049 εὔιον
542 3014 769 3060 ἀγαλλόμεναι
787 3014 863 3050 θεὸν

274 3067 310 3100 ἐν
326 3066 505 3112 Φρυγίαισι
521 3068 621 3108 βοαῖς
638 3067 792 3102 ἐνοπαῖσί
807 3082 856 3107 τε,

271 3118 381 3154 λωτὸς
398 3117 477 3153 ὅταν
494 3118 676 3154 εὐκέλαδος
692 3119 780 3164 ἱερὸς
798 3119 869 3165 ἱερὰ

271 3170 441 3216 παίγματα
456 3171 577 3215 βρέμῃ,
597 3168 726 3215 σύνοχα
743 3171 903 3215 φοιτάσιν

273 3221 321 3258 εἷς
338 3221 415 3269 ὅρος
431 3222 479 3258 εἷς
495 3221 583 3268 ὅρος·
610 3221 752 3267 ἡδομένα
769 3221 798 3256 δ’
817 3222 882 3268 ἄρα

271 3275 385 3310 πῶλος
403 3273 493 3310 ὅπως
509 3274 577 3319 ἅμα
593 3273 709 3320 ματέρι
726 3274 878 3320 φορβάδι

273 3326 382 3361 κῶλον
398 3326 472 3372 ἄγει
489 3324 658 3371 ταχύπουν
676 3325 879 3372 σκιρτήμασι
895 3328 1017 3375 βάκχα.

269 3377 321 3413 τίς
338 3378 374 3413 έν
388 3377 532 3413 πύλαισι
551 3378 685 3422 Κάδμον
702 3378 835 3413 ἐκκαλεῖ
851 3379 970 3424 δόμων,

273 3428 453 3476 Ἀγήνορος
469 3429 570 3470 παῖδ’,
590 3428 626 3465 ὃς
642 3430 743 3465 πόλιν
760 3430 917 3465 Σιδωνίαν

271 3482 382 3516 λιπὼν
398 3480 566 3527 ἐπύργωσ’
586 3481 672 3516 ἄστυ
691 3481 848 3525 Θηβαίων
863 3484 962 3524 τόδε,·

270 3530 332 3568 ἴτω
347 3546 408 3575 τις,
426 3533 631 3583 εἶσάγγελλε
647 3532 821 3581 Τειρεσίας
837 3532 887 3569 ὅτι

1047 368 1125 401 στρ.
1155 366 1212 400 105

1255 569 1323 619 1432.

1154 629 1215 651 110

1152 890 1185 911 11
1193 888 1209 921 5

1152 1150 1210 1172 120

1253 1192 1317 1222 TE.

1254 1296 1322 1327 KA.

1252 1350 1316 1379 TE.

1149 1410 1206 1445 ¹²5
1253 1402 1322 1431 KA.

1251 1455 1315 1485 TE.

1252 1508 1320 1538 KA.

1251 1561 1315 1590 TE.

1251 1614 1320 1643 KA.

1149 1674 1206 1706 ¹30
1250 1666 1316 1696 TE.

1251 1718 1321 1748 KA.

1249 1771 1318 1802 TE.

1145 1934 1204 1970 135
1223 1933 1230 1981 Ι

1148 2198 1205 2229 140

1147 2405 1203 2438 ι4ε

1250 2555 1322 2586 ΠΕ.

1147 2665 1206 2699 150

1145 2924 1202 2960 ¹5⁵

1145 3124 1204 3158 160

1143 3394 1203 3426 170

1187 3589 1249 3624 20

1357 354 1448 398 ζητεῖ
1464 366 1524 388 νιν
1551 349 1622 388 οἶδε
1639 350 1670 388 δ’
1691 354 1789 390 αὐτὸς
1806 353 1891 389 ὤν’
1867 369 1936 399 ηκω
1952 354 2041 402 πέρι,

1358 406 1381 439 ἅ
1397 419 1435 439 τε
1451 404 1632 469 ξυνεθέμην
1647 406 1802 451 πρέσβυς
1819 406 1864 442 ὣν
1880 409 2071 456 γεραιτέρῳ,

1358 455 1541 503 θύρσους’
1520 457 1677 492 ανάπτειν
1693 458 1747 492 καὶ
1764 460 1891 505 νεβρῶν
1908 460 2044 506 δορὰς*
2024 474 2124 506 εχειν,

1358 509 1549 555 στεφανοῦν
1565 523 1603 544 τε
1619 510 1723 556 κρᾶτα
1741 510 1905 547 κισσίνοις
1921 511 2173 557 βλαστήμασιν.

1356 561 1383 596 ὦ
1400 560 1552 607 φίλταθ’,
1571 561 1615 598 ὣς
1633 561 1698 606 σὴν
1713 562 1819 607 γῆρυν
1834 562 1986 608 ᾐσθόμην
2003 562 2125 605 κλύων,

1358 614 1473 659 σοφὴν
1491 613 1606 658 σοφοῦ
1622 612 1701 660 παρ’
1721 613 1849 660 ἀνδρὸς,
1868 615 1904 649 ἐν
1921 615 2075 660 δόμοισιν
2091 616 2148 652 ὧν.

1356 665 1425 710 ἥκω
1443 664 1474 700 δ’
1495 665 1636 711 ἕτοιμος,
1653 664 1744 710 τήνδ’
1762 666 1850 711 ἔχων
1868 668 1990 712 σκευὴν
2007 668 2096 703 θεοῦ.

1356 719 1410 753 δεῖ
1424 719 1490 764 γάρ
1508 731 1558 753 νιν
1575 717 1654 752 ὅντα
1670 718 1774 753 παῖδα
1791 717 1955 765 θυγατρὸς
1973 719 2011 763 ἐξ
2029 721 2118 765 ἐμῆς,

1356 766 1553 818 [Διόνυσον,
1573 769 1610 806 ὃς
1625 770 1776 816 πέφηνεν
1792 769 1978 817 ἀνθρώποις
1995 771 2100 817 θεὸς,]

1355 822 1439 857 ὅσον
1455 821 1528 856 καθ’
1547 821 1632 867 ἡμᾶς
1649 822 1787 857 δυνατὸν
1803 822 1966 866 αὔξεσθαι
1982 823 2097 871 μέγαν.

1358 876 1419 909 ποῖ
1435 874 1487 909 δεῖ
1501 874 1663 921 χορεύειν,
1682 877 1742 910 ποῖ
1757 874 1952 910 καθιστάναι
1968 875 2067 915 πόδα,

1357 928 1411 961 καὶ
1429 929 1532 973 κρᾶτα
1550 928 1665 962 σεῖσαι
1681 928 1824 967 πολιόν,·
1851 927 1973 973 ἐξηγοῦ
1991 927 2111 973 σύμοι

1354 979 1464 1025 γέρων
1478 979 1620 1025 γέροντι,
1639 980 1805 1026 Τειρεσία·
1833 979 1879 1014 σύ
1895 980 1962 1025 γὰρ
1979 980 2104 1026 σοφός.

1356 1031 1401 1067 ὡς
1417 1031 1457 1064 οὗ
1475 1030 1606 1077 κάμοιμ’
1626 1030 1667 1066 ἂν
1684 1033 1761 1066 οὔτε
1778 1029 1865 1066 νύκτ’
1885 1028 1958 1066 οὔθ’
1978 1031 2103 1078 ἡμέραν
2136 1026 2140 1031 ’

1358 1082 1473 1131 θύρσῳ
1492 1087 1618 1130 κροτῶν
1633 1084 1707 1131 γῆν·
1735 1081 1974 1129 ἐπιλελήσμεθ’
1994 1083 2098 1128 ἡδέως

1356 1136 1510 1181 γέροντες
1528 1135 1630 1172 ὄντες.

1628 1187 1718 1223 ταῦτ’
1738 1188 1811 1234 ἐμοὶ
1827 1190 1973 1234 πάσχεις
1989 1188 2064 1235 ἄρα.

1357 1239 1448 1285 κάγὼ
1465 1241 1532 1287 γὰρ
1549 1240 1626 1284 ἡβῶ
1644 1240 1872 1288 κάπιχειρήσω
1889 1242 2013 1287 χοροῖς.

1354 1292 1473 1327 οὐκοῦν
1489 1292 1624 1338 ὄχοισιν
1641 1293 1688 1329 εἷς
1705 1292 1782 1340 ὅρος
1798 1294 2000 1340 περάσομεν.

1353 1343 1432 1378 ἀλλ’
1451 1345 1516 1391 οὐχ
1533 1346 1653 1390 ὁμοίως
1670 1346 1711 1380 ἂν
1728 1347 1747 1380 ὁ
1765 1345 1840 1382 θεὸς
1856 1345 1954 1391 τιμὴν
1970 1346 2053 1390 ἔχοι.

1352 1398 1461 1443 γέρων
1477 1398 1618 1445 γέροντα
1633 1397 1882 1445 παιδαγωγήσω
1900 1397 1935 1432 σ’
1956 1396 2031 1444 ἐγώ.

1353 1450 1372 1483 ὅ
1390 1448 1466 1486 θεὸς
1482 1449 1607 1496 ἀμοχθὶ
1625 1451 1717 1485 κεῖσε
1735 1454 1800 1498 νῷν
1816 1449 1989 1497 ἡγήσεται.

1352 1503 1448 1546 μόνοι
1465 1503 1502 1538 δὲ
1518 1504 1650 1539 πόλεως
1667 1503 1800 1551 Βακχίῳ
1817 1500 2048 1549 χορεύσομεν,·

1351 1556 1446 1599 μόνοι
1462 1555 1529 1601 γὰρ
1547 1553 1584 1589 εὔ
1601 1556 1802 1602 φρονοῦμεν,
1822 1556 1854 1590 οἱ
1871 1553 1901 1590 δ’
1920 1555 2022 1589 ἄλλοι
2040 1557 2158 1590 κακῶς.

1352 1607 1478 1654 μακρὸν
1494 1609 1533 1642 τὸ
1550 1606 1703 1652 μέλλειν·
1731 1607 1809 1642 ἀλλ’
1829 1609 1906 1653 ἐμῆς
1924 1608 2005 1653 ἔχου
2021 1609 2134 1654 χερός.

1354 1659 1437 1700 ἰδοὺ,
1457 1658 1601 1702 ξύναπτε
1619 1660 1672 1694 καὶ
1690 1658 1870 1706 ξυνωρίζου
1886 1661 1981 1706 χέρα.

1354 1713 1393 1747 οὗ
1411 1712 1608 1758 καταφρονῶ
1627 1710 1688 1758 ’γὼ
1705 1715 1771 1747 τῶν
1789 1712 1882 1753 θεῶν,
1903 1711 2019 1756 θνητὸς
2034 1711 2155 1759 γεγώς.

1355 1764 1451 1800 οὐδὲν
1468 1763 1705 1809 σοφιζόμεσθα
1721 1767 1813 1800 τοῖσι
1832 1764 1981 1809 δαίμοσι.

1354 1817 1513 1863 πατρίους
1529 1816 1733 1863 παραδοχὰς,
1752 1817 1791 1853 ἃς
1809 1815 1841 1851 θ’
1861 1815 2020 1862 ὁμήλικας
2036 1817 2147 1863 χρόνω

1354 1867 1536 1914 κεκτήμεθ’,
1556 1868 1665 1905 οὐδεὶς
1682 1869 1765 1904 αὐτὰ
1783 1870 1968 1911 καταβαλεῖ
1982 1870 2095 1914 λόγος,

1355 1921 1422 1957 οὐδ’
1442 1921 1471 1957 εἴ
1489 1921 1530 1956 δι’
1549 1921 1658 1968 ἄκρων
1675 1923 1713 1956 τὸ
1733 1923 1846 1968 σοφὸν
1862 1919 1999 1968 ηὕρηται
2017 1922 2159 1967 φρενῶν.

1354 1975 1424 2021 ἐρεῖ
1440 1987 1490 2010 τις
1507 1973 1551 2009 ὣς
1567 1974 1606 2008 τὸ
1623 1975 1727 2020 γῆρας
1745 1974 1804 2009 οὐκ
1821 1973 2033 2020 αἷσχύνομαι,

1349 2026 1493 2071 μέλλων
1509 2025 1672 2072 χορεύειν,
1693 2028 1796 2073 κρᾶτα
1814 2028 1988 2062 κισσώσας
2005 2025 2094 2070 ἐμόν.

1354 2078 1394 2113 οὔ
1409 2079 1477 2126 γὰρ
1494 2076 1624 2124 διῄρηχ’
1644 2081 1663 2114 ὁ
1682 2078 1757 2115 θεὸς
1774 2077 1840 2114 εἴτε
1858 2080 1916 2113 τὸν
1933 2078 2006 2113 νέον

1356 2130 1458 2177 ἐχρῆν
1473 2129 1626 2177 χορεύειν
1643 2130 1710 2166 εἴτε
1727 2132 1785 2166 τὸν
1801 2131 2003 2178 γεραίτερον,

1353 2181 1434 2218 ἀλλ’
1454 2182 1492 2226 ἐξ
1510 2183 1662 2218 ἁπάντων
1679 2183 1841 2225 βούλεται
1858 2183 1954 2228 τιμὰς
1971 2184 2060 2227 ἔχειν

1354 2236 1473 2276 κοινὰς,
1493 2234 1535 2270 δι’
1555 2235 1703 2281 ἀριθμῶν
1720 2233 1750 2270 δ’
1771 2235 1867 2270 οὐδὲν
1883 2234 2046 2278 αὔξεσθαι
2064 2234 2169 2269 θέλει.

1350 2287 1422 2323 ἐπεὶ
1440 2288 1484 2322 σὺ
1502 2287 1642 2333 φέγγος,
1659 2289 1825 2333 Τειρεσία,
1845 2287 1912 2322 τόδ’
1932 2287 1996 2332 οὐχ
2014 2288 2104 2333 ὁρᾷς,

1355 2340 1421 2386 ἐγὼ
1438 2338 1615 2386 προφήτης
1633 2355 1690 2375 σοι
1706 2340 1819 2386 λόγων
1835 2338 2032 2386 γενήσομαι.

1353 2391 1499 2428 Πενθεύς
1515 2392 1600 2438 πρὸς
1617 2390 1726 2428 οἴκους
1744 2393 1800 2427 ὅδε
1818 2392 1873 2426 διὰ
1891 2391 2039 2453 σπουδῆς
2056 2393 2153 2438 περᾷ,

1354 2443 1508 2490 Ἐχίονος
1523 2446 1612 2484 παῖς,
1632 2442 1659 2492 ᾧ
1677 2446 1794 2491 κράτος
1812 2443 1929 2488 δίδωμι
1945 2445 2019 2490 γῆς.

1353 2498 1397 2533 ὡς
1415 2497 1581 2540 ἐπτόηται·
1606 2497 1640 2530 τί
1657 2496 1731 2532 ποτ’
1751 2496 1819 2543 ἐρεῖ
1835 2497 2016 2542 νεώτερον·
2006 2522 2014 2535 ,

1351 2548 1526 2594 εκδημος
1507 2563 1553 2583 ων
1568 2549 1630 2593 μὲν
1645 2547 1743 2592 τῆσδ’
1763 2548 1944 2595 ἐτύγχανον
1959 2547 2092 2593 χθονὸς,

1352 2599 1442 2635 κλύω
1460 2601 1496 2635 δὲ
1515 2600 1640 2645 νεοχμὰ
1656 2600 1744 2644 τήνδ’
1764 2601 1825 2636 ἀνὰ
1841 2601 1963 2635 πτόλιν
1980 2601 2073 2643 κακὰ,

1350 2655 1506 2699 γυναῖκας
1522 2651 1598 2697 ἡμῖν
1616 2652 1736 2696 δώματ’
1756 2652 1996 2695 ἐκλελοιπέναι,

1350 2699 1539 2741 πλασταῖσι
1556 2705 1781 2749 βακχείαισιν,
1800 2705 1836 2740 ἐν
1852 2704 1888 2739 δὲ
1907 2704 2058 2740 δασκίοις

1353 2757 1449 2804 ὄρεσι
1467 2756 1606 2799 θοάζειν,
1624 2757 1683 2791 τὸν
1700 2757 1820 2791 νεωστὶ
1837 2756 1976 2802 δαίμονα

1352 2811 1527 2850 Διόνυσον,
1546 2807 1641 2844 ὅστις
1659 2809 1744 2850 ἐστὶ,
1763 2809 1912 2853 τιμώσας
1927 2808 2053 2855 χοροῖς·

1351 2860 1491 2906 πλήρεις
1509 2861 1544 2895 δὲ
1563 2860 1694 2897 θιάσοις
1713 2860 1748 2895 ἐν
1764 2860 1922 2905 μέσοισιν
1940 2861 2075 2896 ἑστάναι

1352 2914 1524 2959 κρατῆρας,
1542 2912 1651 2956 ἄλλην
1669 2913 1696 2948 δ’
1716 2912 1841 2947 ἅλλοσ’
1862 2913 1909 2949 εἷς
1925 2912 2061 2959 ἐρημίαν

1350 2967 1580 3000 πτώσσουσαν
1597 2964 1705 3000 εὐναῖς
1722 2964 1872 3011 ἀρσένων
1888 2965 2071 3009 ὑπηρετεῖν,

1349 3017 1525 3063 πρόφασιν
1541 3016 1601 3060 μέν
1618 3017 1662 3052 ὥς
1679 3016 1719 3060 δὴ
1737 3018 1895 3061 μαινάδας
1913 3017 2108 3059 θυοσκόους,

1349 3069 1410 3112 τὴν
1426 3066 1457 3102 δ’
1475 3067 1681 3113 Ἀφροδίτην
1696 3069 1821 3115 πρόσθ’
1841 3069 1934 3115 ἅγειν
1950 3072 2010 3103 τοῦ
2029 3069 2184 3114 Βακχίου,

1349 3120 1433 3156 ὅσας
1449 3121 1511 3165 μὲν
1527 3118 1586 3154 οὖν
1603 3119 1740 3166 εἴληφα,
1761 3121 1920 3166 δεσμίους
1935 3120 2038 3167 χέρας

1350 3173 1500 3215 σώζουσι
1516 3171 1719 3218 πανδήμοισι
1736 3174 1930 3219 πρόσπολοι
1948 3172 2094 3218 στέγαις·

1349 3223 1428 3258 ὅσαι
1446 3222 1478 3258 δ’
1497 3224 1641 3265 ἄπεισιν,
1662 3224 1701 3269 ἐξ
1719 3224 1818 3271 ὅρους
1835 3225 2034 3271 θηράσομαι,

1347 3275 1420 3310 Ἰνώ
1437 3273 1468 3310 τ’
1486 3275 1631 3322 Ἀγαύην
1648 3275 1694 3316 θ’,
1714 3277 1737 3321 ἥ
1752 3277 1786 3322 μ’
1805 3277 1902 3311 ἔτικτ’
1922 3276 2061 3322 Ἐχίονι,

1347 3327 1536 3364 Ἀκταίονός
1553 3342 1590 3362 τε
1607 3328 1732 3375 μητέρ’,
1752 3330 1917 3373 Αὐτονόην
1933 3329 2034 3374 λέγω.

1349 3379 1402 3414 καὶ
1420 3381 1515 3425 σφᾶς
1532 3381 1683 3428 σιδηραῖς
1699 3383 1851 3427 ἁρμόσας
1868 3381 1903 3415 ἐν
1919 3380 2042 3426 ἄρκυσι

1347 3430 1467 3466 παύσω
1486 3429 1669 3479 κακούργου
1686 3433 1790 3477 τῆσδε
1807 3432 1968 3478 βακχείας
1983 3434 2082 3478 τάχα.

1347 3483 1490 3529 λέγουσι
1507 3481 1537 3517 δ’
1557 3483 1601 3519 ὦς
1617 3497 1668 3520 τις
1685 3482 1886 3528 εἰσελήλυθε
1904 3483 1998 3527 ξένος

1346 3537 1438 3582 γόης,
1457 3535 1584 3584 ἐπῳδὸς
1600 3535 1722 3573 Λυδίας
1739 3535 1805 3571 άπὸ
1822 3535 1956 3585 χθονὸς,

2208 253 2289 294 329

2232 419 2288 453 ¹75

2233 674 2290 705 180

2234 934 2289 975 185

2234 1256 2290 1286 ¹90

2232 1515 2286 1547 Ι95

2227 1777 2287 1801 200

2226 2039 2284 2071 205

2223 2299 2285 2322 2¹0

2226 2562 2282 2592 2¹5

2224 2821 2284 2844 220

2220 3341 2280 3372 230
