2488 3860
245 256 327 297 730

1053 253 1521 299 ΑΡΙΣΤΟΦΑΝΟΥΣ

230 354 343 394 Οινος
367 355 613 403 ἀνθοσμίαςε
656 358 675 392 ὁ
694 357 818 402 εὐώδης
844 358 898 395 καὶ
924 356 1016 403 ἡδύς·
1044 359 1088 396 ὧς
1117 358 1274 407 Ἀ-ριστο
1320 356 1852 402 a.ed.Aldin.—Bav1‹16mv,
1881 358 1901 396 ὅ
1924 360 2019 399 ἐστιν
2041 355 2130 399 εἶδος
2153 359 2373 407 {manuhe-r

229 412 335 456 φάνης
362 411 397 451 ἐν
424 411 611 457 Βατράχοις
642 409 693 455 (V.
724 406 856 457 1161.)
889 415 943 450 καὶ
975 414 1011 451 ἐν
1035 413 1276 460 Θεσμοφορια-

249 462 347 499 ούσαι

230 465 249 507 ς
280 478 376 554 3029.
389 512 463 564 (3.)
484 514 687 553 Athenaeus
706 513 789 558 III,
809 530 845 566 p.
868 517 943 557 104
962 532 996 557 e.

332 585 362 608 α.
386 566 502 615 Ἰχθῦς
520 569 661 615 ἐώνηταί
677 585 728 608 τις
745 570 766 617 ἢ
786 573 944 617 σηπίδιον

330 622 350 669 ἢ
369 626 436 658 τῶν
453 623 622 661 πλατειῶν
640 624 783 672 καρίδων
801 625 820 670 ἢ
839 625 1047 669 πουλύπους,

330 676 350 723 ἢ
371 673 636 721 νῆστις”ὀπτὶιτ’,
655 677 675 723 ἢ
693 679 828 725 γαλεὸς,
846 678 866 725 ἢ
885 677 1057 721 τευθίδες,·

330 731 366 772 β.
399 729 447 774 μὰ
477 728 537 765 τὸν
568 727 621 766 Δί’
654 731 694 766 οὐ
726 731 806 776 δῆτ’.
840 747 872 768 α.
910 733 988 769 οὐδὲ
1018 733 1118 777 βατίς
1129 748 1140 774 ,·
1167 735 1204 776 β.
1239 735 1279 768 οὕ

384 780 469 827 φημ’
490 783 568 830 ἐγώ·

331 850 362 873 α.
383 834 422 870 οὗ
439 836 559 883 χόριον
576 836 654 873 οὐδὲ
671 838 766 882 πυὸς,
785 837 856 874 οὐδ’
876 837 966 886 ἧπαρ
984 840 1125 887 κάπρου,

302 886 303 889 “
332 888 409 923 οὐδὲ
429 889 605 934 σχαδόνες,
625 890 694 926 οὐδ’
713 889 862 938 ἧτριαῖον
879 892 1066 938 δέλφακος,

333 939 404 976 οὐδ’
425 941 612 988 ἐγχέλειον,
631 943 709 979 οὐδὲ
727 945 877 991 κάραβον
893 944 1000 991 μέγαν

331 994 465 1041 γυναιξὶ
483 996 709 1033 κοπιώσαισιν
727 996 999 1044 ἐπεκουρῆσατες

283 1048 370 1083 303.
394 1044 463 1094 (4.)
482 1046 685 1085 Athenaeus
703 1048 792 1090 XV,
812 1061 848 1096 p.
871 1049 945 1084 690
966 1047 1002 1084 d.

327 1098 373 1136 Ὠ
393 1102 456 1137 Ζεῦ
473 1101 691 1147 πολυτίμηθ’,
711 1100 783 1139 οἷον
800 1102 970 1138 ἐνέπνευσ’
989 1103 1008 1136 ό
1025 1103 1143 1149 μιαρὸς

335 1154 524 1199 φάσκωλος
542 1154 640 1191 εὐθὺς
657 1157 820 1201 λυόμενός
836 1169 894 1201 μοι
912 1158 972 1191 τοῦ
990 1153 1098 1202 μύρου

334 1207 387 1243 καὶ
404 1207 618 1253 βακκάριδος.

284 1259 371 1297 304.
394 1257 462 1307 (5.)
484 1258 615 1295 Pollux
634 1259 703 1301 IX,
727 1261 788 1296 36.

327 1311 510 1358 *Αμφοδον
528 1313 631 1360 ἐχρῆν
649 1315 737 1363 αὐτῷ
755 1313 929 1350 τεθεῖσθαι
946 1315 1101 1359 τοῦνομα.

233 1363 340 1402 Conf.
362 1363 577 1413 Etymolog.
598 1364 652 1407 M.
672 1378 708 1414 Ρ.
731 1365 793 1408 92,
814 1363 876 1402 27.

286 1417 375 1454 305.
398 1416 467 1466 (6.)
485 1417 621 1453 Pollux
639 1418 693 1462 X,
714 1418 801 1455 152.

335 1472 466 1512 Σακίον,
486 1472 522 1508 ἐν
539 1469 662 1519 οἷσπερ
680 1473 861 1520 τάργύριον
878 1470 1080 1518 ταμιεύεται.

285 1523 372 1560 306.
396 1523 464 1570 (7.)
488 1521 692 1560 Scholiasta
709 1524 877 1562 Nubium
894 1537 930 1560 v.
953 1524 1040 1561 623.

550 1577 680 1625 Ἀγαθὰ
697 1580 831 1625 μεγάλα
847 1581 888 1623 τῇ
906 1579 1007 1614 πόλει

335 1630 426 1676 ἥκειν
444 1630 610 1677 φέροντάς
628 1632 719 1678 φασι
737 1632 815 1668 τοὺς
834 1633 1037 1678 Πυλαγόροι·

335 1686 390 1721 καὶ
408 1686 467 1720 τὸν
486 1684 716 1731 ἱερομνήμονα.

233 1736 480 1786 Harpocratio
499 1735 537 1773 in
556 1738 680 1773 Πύλαι.

283 1789 373 1828 307.
391 1788 460 1839 (8.)
482 1789 690 1826 Scholiasta
708 1788 896 1825 Ranarum
918 1801 952 1824 v.
974 1788 1011 1825 3.
1042 1789 1106 1825 Καὶ
1125 1790 1162 1827 ἐν
1190 1798 1282 1829 θεσ-

232 1844 520 1893 μοφοριαζούσαις
538 1844 692 1892 θεράπων
710 1845 820 1890 φησὶν

334 1898 393 1935 Ὠς
413 1897 468 1935 διά
485 1913 526 1944 γε
543 1901 643 1935 τοῦτο
661 1900 785 1934 τοῦπος
803 1897 842 1932 οὐ
862 1895 1141 1945 δύναμαιφέρειν

336 1950 439 1996 σκεύη
457 1954 607 1987 τοσαῦτα
625 1952 678 1987 καὶ
696 1952 754 1986 τὸν
772 1949 861 1996 ὦμον
880 1950 1055 1996 θλίβομαι.

284 2003 374 2043 308.
399 2001 466 2053 (9.)
484 2001 615 2043 Suidas
630 2008 668 2042 et
681 2001 944 2054 grammaticus
963 2001 1127 2041 Bekkeri
1137 2015 1174 2055 p.
1190 2001 1281 2050 382,

236 2057 270 2093 8.
295 2057 483 2105 ’Δλφάνειε
501 2079 551 2086 -—-

337 2111 437 2158 Οἴμοι
456 2112 663 2158 κακοδαίμων
681 2114 739 2157 τῆς
757 2111 829 2148 τόθ’
850 2112 984 2160 ἡμέρας,
1004 2112 1061 2149 ὅτε

339 2162 432 2201 εἶπέν
449 2165 482 2211 μ’
504 2168 522 2200 ὁ
541 2165 658 2211 κῆρυξ,
678 2166 775 2203 οὗτος
793 2166 951 2212 ἀλφάνει.

286 2216 377 2254 309.
409 2215 498 2265 (10.)
526 2217 659 2254 Pollux
681 2216 775 2262 VII,
806 2219 868 2255 95.
899 2217 980 2255 Οὐδ’
1006 2219 1046 2255 ἂν
1071 2219 1120 2265 ε’ίη
1147 2220 1283 2266 φαῦλον

233 2270 363 2308 τούτοις
381 2271 552 2309 ὑποθεῖναι
570 2271 667 2315 λέξιν
685 2272 721 2308 ἐκ
747 2272 1103 2319 Θεσμοφοριαζουσῶν
1123 2272 1279 2320 Ἀριστο-

233 2324 372 2369 φάνους,
401 2325 474 2360 ἐπεὶ
499 2325 615 2360 πολλὰ
643 2323 713 2370 ε’ίδη
742 2325 778 2360 ἐν
803 2327 885 2369 αὐτῇ
910 2325 1061 2372 περιέχει
1087 2327 1283 2373 γυναικείων

233 2378 451 2424 φορημάτων,
464 2377 485 2412 ἃ
504 2379 558 2413 καὶ
575 2379 646 2414 τοῖς
663 2379 883 2425 περικόσμοις
902 2378 942 2413 ἂν
960 2380 1132 2426 ἁρμόσειε,
1146 2382 1262 2414 ταῦτα.

336 2457 369 2477 α.
391 2444 510 2490 Ξυρὸν,
531 2443 728 2488 κάτοπτρον,
747 2442 895 2490 ψαλίδα,
916 2442 1076 2489 κηρωτὴν,
1098 2443 1228 2491 λίτρον,

338 2497 533 2541 προκόμιον,
554 2494 749 2541 ὀχθοίβους,
769 2494 899 2542 μίτρας,
921 2494 1123 2541 ἇναδὴματα,

337 2548 519 2594 ἕγχουσαν,
540 2547 684 2594 ὄλεθρον
701 2549 760 2583 τὸν
777 2548 898 2592 βαθὺν,
917 2547 1096 2594 ψιμύθιον,

335 2600 451 2648 μύρον,
471 2600 615 2648 κίσηριν,
635 2602 801 2648 στρόφον,
822 2601 1154 2646 ὀπισθοσφενδόνην,

337 2655 505 2699 κάλυμμα,
526 2655 646 2701 φῦκος,
663 2653 858 2700 περιδέραι’,
880 2654 1136 2700 ὑπογράμματα,

336 2707 639 2752 τρυφοκαλάσιριν,
660 2707 859 2754 ἐλλέβορον,
879 2705 1105 2753 κεκρύφαλον,

340 2759 432 2805 ζῶμ“,
452 2759 654 2805 άμπέχονον,
673 2758 843 2806 τρύφημα,
862 2760 1028 2805 παρυφὲς,
1049 2759 1205 2804 ξυστίδα,

337 2816 475 2856 χιτῶνα,
493 2811 677 2859 βάραθρον,
698 2812 872 2858 ἔγκυκλον,
892 2813 1111 2858 κομμώτριον·

338 2864 380 2898 τὰ
397 2878 544 2910 μεγιστα
563 2862 593 2899 δ’
614 2864 673 2899 οὐκ
692 2879 805 2924 ειρηκα
823 2863 959 2899 τούτων.
1001 2867 1039 2907 β.
1060 2862 1131 2900 εἶτα
1148 2866 1203 2906 τί,-

338 2930 370 2950 α.
392 2916 520 2960 διόπας,
541 2916 704 2956 διάλιθον,
723 2905 895 2963 πλάστρα,
914 2918 1093 2963 μαλάχιον,
1111 2920 1251 2966 βότρυν,

337 2968 502 3013 χλίδωνα,
522 2973 675 3016 περόνας,
696 2969 907 3016 ἀμφιδέας,
893 2969 1028 3016 όρμους,
1047 2970 1163 3013 πεδας,

340 3021 546 3068 σφραγῖδας,
567 3021 718 3061 ἁλύσεις,
739 3023 946 3063 δακτυλὼυς,
967 3024 1249 3070 καταπλάσματα,

339 3074 578 3120 πομφόλυγας,
599 3074 823 3119 άποδέσμους,
844 3076 1021 3118 ὀλίσβους,
1042 3076 1177 3122 σάρδια,

337 3126 549 3172 ὗποδερίδας,
569 3128 756 3174 ἑλικτῆρας.

239 3186 375 3224 Attulit
410 3187 509 3225 hunc
544 3189 666 3226 locum
711 3189 822 3227 etiam
866 3190 1038 3228 Clemens
1080 3192 1281 3231 Alexandr.

242 3239 390 3288 Paedag.
410 3253 446 3289 p.
468 3242 542 3278 245
562 3242 620 3278 ed.
641 3240 782 3278 Potter.

290 3293 379 3330 310.
402 3293 493 3341 (ιι.)
513 3293 722 3330 Scholiasta
741 3295 841 3331 Pluti
859 3309 893 3332 v.
916 3297 1003 3334 159.

341 3355 415 3393 ‘Otr'
436 3356 477 3403 ἦν
494 3359 644 3406 περίεργ’
664 3359 799 3400 αὐταῖσι
817 3364 883 3396 τῶν
899 3362 1105 3409 φορημάτων

340 3410 439 3448 ὅσαις
458 3425 495 3447 τε
513 3412 773 3459 περιπέττουσιν
790 3413 891 3450 αὑτὰς
907 3415 1122 3461 προσθέτοις.

288 3471 377 3509 811.
401 3472 491 3519 (12.)
514 3472 693 3523 Aspasius
720 3473 767 3512 ad
792 3473 1003 3513 Aristotelis
1031 3475 1156 3515 Ethic.
1177 3491 1213 3527 p.
1235 3477 1286 3516 58

1322 412 1490 454 Ἰωνικῶν,
1519 410 1588 450 οἷς’
1596 414 1630 455 αἶ
1656 413 1761 451 Ἰάδες
1788 417 1946 460 χρῶνται,
1974 413 2014 452 ου
2041 415 2095 450 καὶ
2122 414 2374 462 Ἀριστοφάνης

1321 467 1356 502 ἐν
1375 465 1741 512 Θεσμοφοριαζούσαις
1758 480 1930 512 μεμνηται.

1374 517 1463 554 312.
1487 517 1577 566 (13.)
1599 517 1732 555 Pollux
1749 518 1843 560 VII,
1865 520 1940 558 66.ν

1426 572 1494 616 Τὴν
1512 571 1664 619 πτέρυγα
1680 572 1913 620 ποραλύσασα
1931 574 1991 609 τοῦ
2008 573 2166 619 χιτωνίου

1426 626 1483 660 καὶ
1500 627 1567 660 τῶν
1585 623 1870 672 ἀποδέσμων,ὀῖς
1889 627 1964 671 ἐνῆν
1981 626 2023 662 τὰ
2040 626 2160 662 τιτθία.

1375 675 1465 713 313.
1489 676 1578 722 (¹4·)
1598 675 1805 715 Athenaeus
1823 677 1899 721 ΙΙΙ,
1919 690 1955 726 p.
1977 675 2052 717 117
2071 689 2104 714 e.

1421 729 1493 766 Ἦν
1509 731 1597 778 μέγα
1613 745 1647 766 τι
1665 732 1775 779 βρῶμ’
1795 733 1891 771 ἐστὶν
1908 731 1928 777 ἡ
1946 731 2336 780 τρυγῳδοποιομουσικὴ,

1427 782 1522 827 ἡνίκα
1542 784 1689 830 Κράτητί
1706 799 1743 820 τε
1761 785 1900 832 τάριχος
1919 785 2140 831 ἐλεφάντινον

1427 837 1586 883 λαμπρὸν
1604 838 1754 882 ἐκόμιζεν
1771 838 1902 876 ἀπόνως
1919 839 2241 885 παραβεβλημένωιι

1428 890 1519 925 ἅλλα
1536 903 1573 924 τε
1590 890 1716 930 τοιαῦθ’
1737 890 1834 938 ἕτερα
1850 891 1948 938 μυρί’
1968 891 2167 937 ἐκιχλίζετο.

1379 941 1466 977 314.
1489 941 1580 990 (15.)
1602 941 1919 992 Hephaestio'cap.
1942 942 2004 986 13,
2023 955 2060 991 p.
2084 943 2144 981 73.

1431 994 1526 1040 Μὴτε
1545 994 1688 1033 Μούσας
1705 997 1883 1034 ἀνακαλεῖν
1901 996 2214 1045 ε’λικοβοοτρύχους

1429 1048 1512 1093 μήτε
1532 1050 1676 1094 Χάριτας
1694 1050 1783 1092 βοᾶν
1801 1050 1848 1087 εἷς
1865 1052 1970 1097 χορὸν
1986 1049 2188 1096 Ὀλυμπίας·

1430 1101 1546 1139 ἐνθάδε
1563 1102 1629 1148 γάρ
1648 1102 1748 1143 εἶσιν,
1769 1103 1813 1139 ὥς
1831 1104 1941 1150 φησιν
1959 1105 1978 1140 ὁ
1996 1104 2212 1141 διδάσκαλος.

1380 1154 1466 1190 315.
1491 1153 1579 1200 (16.)
1610 1152 1819 1193 Scholiasta
1837 1154 2045 1203 vesparum
2065 1155 2238 1194 v.1033.

1425 1206 1517 1253 Ἀμα
1536 1207 1566 1242 δ’
1586 1205 1730 1252 ἠπίαλος
1749 1212 1895 1255 πυρετοῦ
1912 1210 2116 1257 πρόδρομος

1380 1259 1467 1295 316.
1486 1256 1578 1307 (17.)
1600 1258 1731 1295 Pollux
1752 1260 1825 1305 IX,
1851 1262 1913 1297 69.
1933 1261 2024 1310 Ἐγὼ
2042 1263 2116 1299 δε’
2098 1278 2133 1300 εν
2150 1265 2222 1303 ταῖς
2244 1268 2378 1310 eternu-

1327 1312 1572 1360 φοριαζούσαις
1609 1313 1880 1362 Ἀριστοφάνους
1916 1315 2087 1361 εἰρημένον
2115 1317 2202 1354 “T6
2237 1317 2379 1363 χαλκίον

1329 1365 1559 1413 θερμαίνεται”
1579 1364 1666 1403 οὕτω
1690 1382 1762 1406 πως
1780 1369 1913 1413 ἤκουον,
1939 1369 1984 1406 ὡς
2002 1369 2050 1406 εἷς
2066 1370 2171 1406 πότον
2188 1369 2378 1417 εὖτρεπιξο-

1328 1419 1435 1462 μένων
1451 1423 1518 1454 τῶν
1534 1424 1712 1466 γυναικῶν.
1740 1423 1863 1456 ταυτὸν
1880 1421 1917 1457 δὲ
1934 1424 2035 1459 τοῦτο
2053 1423 2108 1458 καὶ
2127 1422 2163 1459 ἄν
2179 1424 2250 1461 τοῖς
2267 1422 2378 1459 Εὖπό·

1327 1472 1423 1508 λιδος
1435 1472 1561 1517 Δήμοις
1576 1472 1671 1509 ἐστὶν
1684 1474 1866 1520 εἰρημένον.
1887 1473 2080 1522 Eupolidis
2094 1473 2207 1512 verba
2221 1473 2381 1518 servavit

1327 1521 1533 1562 Athenaeus
1554 1523 1632 1566 III,
1652 1537 1688 1573 p.
1712 1525 1787 1562 123
1806 1538 1839 1563 a.

1380 1575 1468 1616 317.
1493 1575 1585 1626 (18.)
1607 1577 1771 1614 Zonaras
1795 1577 1870 1615 vol.
1898 1577 1929 1621 I,
1954 1591 1991 1628 p.
2016 1580 2100 1617 196.
2127 1582 2172 1617 Τὸ
2197 1580 2227 1617 δ’
2253 1581 2380 1627 ἀναβὰς

1327 1630 1386 1665 τὸν
1403 1628 1507 1666 ἵππον
1524 1632 1564 1666 οὐ
1584 1630 1640 1680 (οὔ
1659 1630 1757 1669 delet
1776 1631 1989 1680 Piersonus)
2006 1635 2093 1670 πάνυ
2112 1634 2258 1700 δόκιμον.
2287 1633 2380 1684 ’Δρι-

1329 1684 1504 1730 στοφάνης
1523 1684 1938 1733 Θεσμοφορίαζούσαις“
1967 1689 2137 1732 Αναβῆναι
2161 1687 2223 1733 τὴν
2241 1690 2381 1736 γυναῖκα,

1326 1736 1442 1779 βούλο
1468 1752 1513 1772 αι.

1380 1753 1469 1825 3Ιὲ
1492 1788 1562 1837 (ι9.
1567 1787 1581 1837 )
1598 1787 1806 1827 Scholiasta
1821 1789 1987 1827 Platonis
2006 1804 2041 1840 p.
2056 1789 2133 1829 370
2147 1791 2204 1829 ed.
2219 1792 2378 1838 Bekker.

1324 1841 1435 1890 Ἀγὼν
1451 1845 1629 1891 πρόφασιν
1646 1845 1686 1879 οὐ
1705 1845 1849 1891 δέχεται,
1869 1846 1923 1882 ἐπὶ
1940 1850 2008 1886 τῶν
2025 1846 2133 1892 φύσει
2149 1845 2308 1895 ῥᾳθύμων
2325 1849 2380 1884 καὶ

1327 1896 1471 1942 ἀμελῶν,
1490 1899 1564 1942 ἤτοι
1583 1898 1637 1933 ἐπὶ
1655 1901 1721 1932 τῶν
1747 1899 1792 1944 μὴ
1820 1898 2052 1946 προσιεμένων
2068 1899 2146 1936 τοὺς
2169 1900 2295 1966 λόγους
2313 1903 2382 1945 τῶν

1327 1950 1644 1996 προφασιζομένων.
1683 1950 1843 1997 μέμνηται
1871 1951 1905 1990 δέ
1936 1953 2037 1998 αὐτῆς
2063 1971 2116 1978 -
2133 1971 2187 1978 ·-
2205 1953 2259 1989 καὶ
2284 1945 2378 2002 Δρι·

1329 2004 1507 2048 στοφάνης
1526 2003 1891 2051 Θεσμοφοριαζούσαις
1908 2006 1945 2046 β.
2448 2025 2450 2027 ·

1381 2055 1469 2094 319.
1494 2053 1584 2103 (20.)
1603 2055 1761 2092 Photius
1785 2069 1822 2105 p.
1853 2055 1943 2101 235,
1964 2059 1999 2093 6.
2021 2062 2058 2094 et
2081 2056 2228 2106 Suidas,
2252 2059 2380 2101 Λύκος

1328 2109 1471 2158 ἔχανεν
1487 2125 1494 2148 :
1554 2109 1714 2160 παροιμία
1743 2130 1792 2136 -
1821 2110 2073 2162 Ἀριστοφάνης
2135 2117 2378 2165 θεσμοφοριά-

1330 2164 1466 2209 ζούσαις
1479 2166 1526 2209 β’.
2308 2166 2309 2171 ’
2325 2186 2328 2187 ’
2414 2180 2416 2182 “

1382 2219 1469 2254 320.
1511 2217 1581 2264 (21.
1587 2219 1602 2270 )
1641 2219 1864 2269 Hesychius,
1902 2222 2088 2268 Βαρβός.
2079 2233 2088 2241 ·

1330 2273 1703 2319 Θεσμοφοριαζούσαις.

1381 2322 1469 2360 321.
1512 2323 1582 2372 (22.
1587 2323 1602 2372 )
1638 2324 1894 2362 Antiattieista
1939 2325 2099 2363 Bekkeri
2134 2339 2170 2375 p.
2212 2326 2272 2371 78,
2315 2327 2378 2365 24.

1330 2374 1586 2422 Ἀμεινόνως;
1613 2376 1865 2427 Ἀριστοφάνης
1877 2379 2251 2427 Θεσμοφοριαζούσαις.
2272 2379 2381 2418 Idem

1328 2441 1364 2476 p.
1397 2431 1457 2470 88,
1487 2430 1549 2466 28.
1579 2433 1882 2477 Διαλέξασθαιε
1912 2433 2165 2480 Ἀριστοφάνης
2191 2435 2379 2482 θεσμοφο·

1327 2482 1534 2528 ριαζούσαις.
1581 2483 1688 2520 Idem
1720 2497 1756 2533 p.
1782 2486 1844 2527 96,
1873 2486 1936 2523 25.
1969 2486 2377 2533 Ἐπανορθὼσασθαι·
2367 2514 2376 2523 .

2143 2220 2306 2270 μύστρον.
2344 2222 2381 2260 ἐν

1327 2534 1580 2583 Ἀριστοφάνης
1608 2538 1993 2586 Θεσμοφοριαζούσαιςὲ
2024 2537 2122 2586 quod
2148 2537 2307 2580 sortasse
2331 2549 2381 2576 ex
2451 2550 2454 2556 '

1329 2586 1544 2636 Lysistratae
1562 2602 1597 2625 v.
1619 2592 1695 2626 528
1715 2596 1914 2638 sumptum.

1380 2640 1468 2676 322.
1491 2640 1581 2690 (η.)
1602 2643 1758 2679 Photius
1777 2656 1814 2691 p.
1835 2643 1924 2684 204,
1948 2644 2007 2679 10.
2028 2647 2067 2679 et
2085 2642 2229 2688 auidas,
2250 2650 2379 2681 Λα...-
2447 2634 2452 2696 2

1328 2695 1470 2738 νίζειν.
1509 2697 1674 2733 παιδικοῖς
1707 2697 1856 2744 χρῆσθαι
1908 2697 2158 2744 Ἀριστοφάνης
2193 2698 2379 2745 Θεσμοφοψ

1327 2747 1525 2794 ριαζούσαις
1542 2747 1590 2791 β’.

1381 2802 1472 2837 323.
1503 2798 1593 2848 (24.)
1622 2799 1827 2838 Athenaeus
1854 2801 1964 2846 XIV,
1991 2814 2027 2850 p.
2058 2802 2133 2838 619
2161 2813 2194 2838 a.
2224 2803 2289 2839 Καὶ
2313 2806 2383 2845 ri'm
2438 2806 2454 2858 'y

1327 2858 1557 2889 πτισσουσῶν
1593 2854 1682 2900 ι’ίλλη
1718 2869 1769 2893 τις
1808 2853 1929 2906 (ᾠδὴ),
1967 2856 2012 2894 ὣς
2055 2855 2381 2903 Ἀριστοφάνηςὸη

1329 2906 1707 2954 Θεσμοφοριαζούσαις.

1747 3099 1959 3130 AHMNIAI.

1380 3165 1469 3203 324.
1500 3164 1572 3215 (1.)
1602 3166 1823 3210 Ammonius
1840 3180 1878 3217 p.
1899 3167 1987 3205 138.
2042 3164 2223 3205 Valcken.

1435 3219 1590 3256 Ἐνταυθ’
1611 3222 1823 3268 ἐτυράννευέν
1839 3220 1918 3258 ποθ’
1937 3220 2133 3269 Ὑψιπύλης
2147 3219 2258 3268 πατὴρ

1437 3274 1536 3318 Θόας,
1555 3274 1743 3321 βράδιστος
1759 3278 1826 3310 τῶν
1845 3276 1880 3310 ἐν
1897 3273 2084 3321 ἀνθρώποις
2101 3274 2261 3320 δραμεῖν.

1385 3324 1472 3360 325.
1497 3323 1548 3372 (ι.
1554 3324 1569 3372 )
1587 3324 1794 3363 Athenoeus
1812 3325 1969 3374 VIILp
1973 3326 2079 3362 ,366
2098 3336 2132 3363 c.
2165 3346 2170 3350 -

1434 3379 1564 3422 Λῆμνος
1595 3379 1740 3424 κυάμους
1765 3379 1942 3427 τρέφουσα
1944 3338 2145 3428 Ρ(φερουσα
2155 3374 2191 3426 ἲ)
2222 3375 2378 3426 τακεροῦε
2448 3364 2449 3367 ¹

1485 3431 1539 3466 καὶ
1557 3431 1687 3468 καλούς.

1387 3479 1474 3518 326.
1497 3481 1564 3530 (ς.)
1585 3482 1722 3520 Pollux
1739 3482 1831 3524 VII,
1858 3484 1940 3521 166.
