2488 3860
726 251 807 304 DE
836 251 1086 302 DUPLIOI
1116 251 1368 300 NUBIUM
1398 251 1705 299 EDITIONE.

2186 238 2264 300 Μ’(

142 362 189 407 ad
225 359 422 404 errandum
459 361 531 401 via.
588 360 690 399 Nam
723 373 839 411 quum
871 361 991 410 prima
1021 359 1063 397 N
1065 359 1192 396 ubium
1232 359 1318 405 102,
1346 358 1406 396 15.
1428 371 1475 396 ex
1501 361 1602 409 Γήρᾳ,
1626 357 1727 407 quod
1752 362 1876 396 exstat
1900 357 1940 395 in
1964 356 2097 404 Ranis,
2122 358 2162 395 in
2187 360 2277 410 Γῆρᾳ

143 419 258 458 editio
281 428 367 456 cum
394 420 450 454 tot
472 415 554 452 aliis
580 413 713 452 comici
737 413 872 450 fabulis
898 412 1090 458 interierit,
1107 424 1192 461 per·
1228 417 1353 448 autem
1374 411 1530 450 fortasse
1553 424 1627 448 non
1649 410 1787 448 lectum
1809 411 1890 449 fuit.
1922 412 2063 457 ὄβαλίας
2089 413 2212 458 ἄρτους
2238 426 2277 462 p.

143 469 288 510 difflcile
305 474 364 507 est
388 468 596 505 discernere
625 466 717 516 quid
732 477 818 503 vere
845 464 982 514 quidve
1008 464 1193 502 memoriae
1233 464 1318 509 111,
1336 464 1373 502 7.
1391 476 1439 500 ex
1458 468 1662 515 Πελαργοῖς,
1679 463 1780 512 quod
1797 463 1844 500 ad
1861 468 2035 515 Γεωργούς
2052 465 2176 514 potius
2193 477 2278 514 per-

144 532 266 563 errore
292 535 340 560 ex
356 520 536 559 Nubibus
562 518 753 556 attulerint
769 517 1012 568 grammatici.
1066 516 1194 555 Velle-

143 586 227 614 mus
253 575 370 625 igitur
400 573 523 610 omnia
551 576 697 609 tantum
723 571 769 608 ab
796 573 950 608 externa
975 569 1102 619 specie
1128 581 1196 606 sua

144 628 322 667 haberent
341 623 672 664 commendationis
696 628 877 672 quantum
897 623 963 672 qui
989 621 1035 658 ab
1060 621 1196 659 Photio

147 690 275 719 versus
301 683 468 717 servatus
490 681 548 714 est
562 677 602 714 in
621 675 741 714 lexico
760 688 798 726 p.
817 674 907 722 398,
930 675 990 713 ll.
1008 676 1194 726 Πάρνηςι

144 736 184 774 τὸ
202 735 282 784 ὅρος
299 734 461 781 θηλυκῶς·

247 788 307 826 Ἐς
332 787 393 833 τὴν
418 782 572 832 Πάρνηθ’
601 782 819 831 ὅργισθεῖσαι
849 783 998 830 φροῦδαι
1027 783 1110 819 κατὰ
1137 783 1197 819 τὸν

303 839 534 885 Λυκαβηπόν.

153 892 402 943 Ἀριστοφάνης
427 890 623 937 Νεφέλαις.
652 889 707 925 καὶ
733 889 823 934 ἑξῆς.
879 886 994 927 Quod
1025 884 1118 924 dicit
1140 889 1198 936 ,καὶ

148 948 238 994 ἑξῆς,
265 943 385 983 videri
410 943 536 991 potest
567 940 615 978 ad
641 951 792 978 versum
823 938 957 976 fabulae
986 940 1198 989 superstitis

148 1004 336 1049 spectasse
353 995 442 1034 323.

250 1051 363 1097 βλέπε
380 1065 439 1114 νιίν
456 1049 550 1098 δευρὶ
571 1048 658 1096 πρὸς
683 1046 745 1092 τὴν
761 1045 928 1094 Πάρνηθ”
956 1046 1019 1093 ἤδη
1042 1048 1110 1096 γὰρ
1132 1049 1200 1095 ὁρῶ

305 1118 487 1140 κατιουσας

251 1158 366 1205 ἡσυχῆ
383 1157 498 1193 αὐτάς.

149 1221 198 1249 ex
213 1222 289 1260 quo
305 1209 595 1257 consequeretur
617 1210 818 1253 utrumque
835 1203 875 1241 in
901 1204 1022 1253 prima
1038 1204 1199 1243 editione

150 1274 298 1302 versum
322 1261 463 1298 lectum
478 1258 605 1296 fuisse.
661 1257 849 1294 Caeterum
878 1257 979 1305 quod
1006 1257 1053 1294 ad
1083 1258 1200 1306 scrip-

151 1323 273 1353 turam
292 1324 425 1351 versus
449 1311 550 1348 illius
583 1310 728 1354 attinet,
757 1311 965 1347 necessaria
993 1309 1201 1347 emendatio

151 1373 210 1406 est
226 1370 342 1405 καὶτὸν
354 1366 598 1411 Λυκαβηττόνε
626 1361 702 1399 nisi
719 1361 814 1398 forte
826 1361 1005 1399 Parnethi
1019 1363 1196 1411 superim.

151 1421 295 1471 positus
310 1419 381 1456 fuit
395 1416 638 1467 Lycabettus,
650 1414 962 1464 quemadmodum
974 1414 1078 1452 Pelio
1092 1415 1201 1452 Ossa.

204 1472 333 1510 Minus
359 1475 462 1508 certa
486 1467 615 1506 haberi
641 1471 799 1516 possunt
825 1479 909 1515 quae
937 1466 1074 1505 Suidas
1099 1467 1139 1503 in
1165 1479 1200 1505 v.

153 1527 271 1574 πηνίον
285 1522 451 1574 protulit,
467 1522 639 1568 πηνίοντ
671 1522 755 1565 ζῶον
773 1521 890 1567 ὅμοιον
907 1523 1052 1558 κώνωπι.

154 1581 330 1628 στοφάνης
346 1577 525 1624 Νεφέλαις
600 1624 603 1626 .
863 1619 869 1624 .

345 1629 536 1666 Κείσεσθον
554 1629 671 1677 ὥσπερ
688 1628 795 1674 πηνίω
812 1627 1010 1674 βινουμένω,

155 1687 230 1724 ἀντὶ
257 1686 318 1723 τοῦ
347 1683 457 1732 ξηροί.
493 1683 642 1719 σκώπτει
673 1683 740 1731 γὰρ
770 1682 849 1720 τοὺς
874 1683 953 1730 περὶ
980 1683 1203 1730 Χαιρεφῶντα

156 1742 204 1779 εἰς
219 1741 388 1789 ξηρότητα
404 1737 458 1773 καὶ
475 1735 664 1773 ἀσθένειαν.
714 1734 854 1771 Facilis
875 1734 974 1770 enim
991 1733 1038 1770 ad
1055 1734 1202 1780 Nubes,

157 1794 196 1830 in
212 1802 286 1842 qua
303 1787 584 1837 Chaerephontis
604 1785 775 1837 quaedam
801 1791 925 1835 partes
942 1790 1041 1828 sunt,
1059 1786 1105 1822 ab
1123 1785 1203 1824 aliis

157 1839 290 1882 fabulis
300 1840 481 1880 aberratio
487 1839 755 1890 fuit,inquibus
766 1839 997 1887 exagitatum
1009 1839 1110 1875 illum
1123 1851 1203 1877 esse

157 1897 345 1934 novimus:
365 1893 572 1943 cujusmodi
584 1905 706 1930 errore
722 1890 822 1928 haud
836 1891 948 1928 dubie
967 1892 1077 1928 etiam
1097 1892 1202 1931 scho-

157 1950 265 1988 liasta
279 1946 388 1985 Pacis
413 1946 452 1982 in
475 1945 601 1983 codice
620 1945 770 1983 Veneto
792 1944 839 1981 ad
855 1957 890 1982 v.
910 1944 998 1988 347,
1023 1945 1069 1981 de
1087 1944 1203 1983 Phor-

158 2003 279 2039 mione
303 1999 464 2048 scripsit,
478 2001 580 2036 αὐτοῦ
602 1999 764 2047 μέμνηται
788 2001 808 2035 ὁ
829 2001 971 2046 κωμικὸς
989 2000 1025 2035 ἐν
1048 1999 1204 2038 Ἱππεῦσι

178 2067 213 2092 v.
232 2050 340 2100 565.)
359 2054 414 2089 καὶ
439 2055 618 2102 Νεφέλαις
635 2055 690 2090 καὶ
717 2054 957 2095 Βαβυλωνίοις,
975 2052 1109 2088 Nubes
1137 2066 1203 2101 pro

195 2105 370 2156 ysistrata
391 2105 444 2156 (v.
465 2105 571 2153 804.)
590 2105 796 2142 nominans.
851 2100 910 2141 De
933 2103 1203 2152 Chaerephonte

161 2163 284 2195 autem
303 2158 448 2194 'vetusti
472 2158 602 2195 scholii
630 2157 676 2194 ad
699 2157 890 2195 Platonem
918 2162 1046 2194 auctor
1071 2169 1106 2205 p.
1129 2157 1199 2194 331

1107 1521 1199 1569 Ἀρι-

18 2219 35 2253 “κ,
87 2235 92 2239 -
161 2211 219 2248 ed.
254 2209 430 2253 Bekker.,
459 2211 524 2259 qui
557 2210 721 2247 studiose
765 2209 988 2259 conquisivit
1007 2208 1010 2211 ’
1027 2221 1109 2257 quae
1143 2223 1204 2247 co-

161 2262 249 2300 mici
286 2261 326 2299 in
353 2262 661 2311 Chaerephontem
693 2261 849 2299 ‹licteria
880 2261 1071 2311 jecissent,
1099 2269 1204 2312 quat-

162 2321 247 2352 tuor
273 2314 440 2352 nominat
466 2315 729 2364 Aristophanis
757 2314 912 2359 fabulas,
939 2326 1051 2351 unam
1078 2327 1204 2364 super-

163 2368 286 2404 stitem
302 2366 416 2410 Aves,
433 2367 598 2416 perditas
621 2373 710 2411 tres,
727 2366 997 2411 Telmesenses,
1015 2366 1205 2412 Dramata,

164 2419 299 2456 Horas.
352 2418 394 2456 Si
416 2423 540 2456 tamen
556 2431 645 2457 vera
660 2419 787 2456 retulit
804 2418 952 2461 Suidas,
968 2419 1205 2467 perspicuum

163 2477 221 2508 est
234 2470 358 2508 versui
382 2471 436 2508 illi
462 2472 526 2509 vix
552 2472 591 2508 in
618 2472 690 2508 alia
715 2484 827 2521 quam
853 2476 1020 2508 extrema
1036 2472 1206 2509 Nubium

163 2529 267 2572 parte
282 2522 404 2559 locum
419 2523 546 2562 fuisse.
599 2524 759 2561 Brevius
775 2524 1035 2573 fragmentum,
1053 2524 1207 2561 fortasse

164 2589 210 2612 ex
237 2574 403 2624 parabasi
429 2582 630 2625 sumptum,
656 2576 817 2613 servavit
842 2576 1048 2613 Athenaeus
1071 2577 1145 2619 XI,
1169 2590 1205 2626 p.

164 2627 241 2665 479
267 2640 299 2665 c·
318 2631 516 2668 κοτυλίσκος
550 2632 588 2667 δὲ
615 2634 764 2668 καλεῖται
791 2633 810 2666 ὁ
838 2632 926 2678 ἱερὸς
952 2634 1012 2667 τοῦ
1040 2631 1207 2667 Διονύσου

165 2683 383 2731 κρατηρίσκος
407 2685 462 2720 καὶ
488 2683 539 2722 οἷς
564 2685 699 2732 χέονται
727 2687 758 2720 οἱ
784 2683 921 2731 μύσται,
952 2685 996 2722 ὡς
1024 2686 1209 2733 Νίκανδρός

165 2744 274 2784 φησιν
299 2738 319 2772 ὅ
346 2740 576 2784 θυατειρηνὸς,
605 2739 867 2787 παρατιθέμενος
901 2737 941 2774 τὸ
979 2739 1015 2773 ἐκ
1042 2742 1209 2787 Νεφελῶν

165 2791 432 2839 Ἀριστοφάνους
467 2794 490 2812 “
505 2794 599 2837 Μηδὲ
636 2793 759 2839 στέψω
795 2792 1053 2829 κοτυλίσκους.”
1118 2791 1209 2828 Tria

166 2843 279 2880 verba
304 2844 344 2879 οὔ
371 2845 471 2890 μετὸν
502 2846 591 2895 αὐτῷ
626 2858 672 2881 ex
700 2843 876 2881 Nubibus
909 2849 1078 2891 prostant
1110 2842 1207 2892 apud

167 2894 319 2932 Suidam
340 2894 379 2931 in
395 2895 431 2933 h.
449 2908 484 2932 v.
503 2897 687 2945 explicata
710 2909 776 2945 per
800 2899 860 2933 οὐκ
878 2898 956 2943 ἐξὸν
974 2899 1075 2946 αὐτῷ.
1133 2896 1207 2932 Sed

167 2947 264 2984 idem
288 2950 389 2995 μετὸν
405 2951 493 2999 αὐτῷ
517 2962 564 2985 ex
583 2949 924 2985 Ecclesiazusarum
950 2962 984 2986 v.
1004 2948 1091 2985 694.
1122 2960 1207 2984 con-

1230 518 1347 554 tinere
1357 516 1555 564 videbitur,
1567 518 1599 554 si
1613 515 1838 554 Athenaeum
1858 530 2049 567 compares
2064 517 2136 561 III,
2148 530 2184 566 p.
2205 517 2273 555 lll

1231 569 1268 608 b.
1296 568 1394 605 Illud
1411 581 1500 607 vero
1517 570 1626 620 plane
1641 568 1810 616 imperite
1827 569 1873 606 ab
1891 570 2113 619 quibusdam
2124 570 2277 616 factum,

1232 620 1333 670 quod
1349 620 1396 657 ad
1409 620 1595 659 diversam
1608 620 1734 659 nescio
1746 633 1858 669 quam
1876 623 2096 672 scripturam
2107 622 2148 659 N
2149 622 2279 659 ubium

1232 685 1362 710 versus
1382 673 1492 711 1063.
1531 674 1683 724 (Πηλεὺς
1700 675 1810 718 ἔλαβε
1827 676 1999 726 διὰκτοῦτο
2016 678 2076 723 τὴν
2093 673 2279 726 μάχαιραν)

1231 725 1439 763 retulenmt
1462 726 1590 767 Photii
1614 725 1727 765 verba
1753 738 1790 775 p.
1818 727 1907 772 428,
1931 728 1968 766 3.
2023 730 2189 777 Πηλέως
2215 731 2279 778 μά-

1232 790 1375 828 χαιραί
1403 782 1578 830 παροιμία·
1607 782 1731 826 ταύτην
1748 781 1937 830 ἀναγράφει
1958 785 2012 820 καὶ
2032 785 2281 833 Ἀριστοφάνες

1233 832 1350 872 οὕτως·
1376 835 1465 884 μέγα
1487 838 1611 884 φρονεῖ
1632 837 1766 884 μᾶλλον
1792 834 1811 880 ἢ
1839 838 1973 883 Πηλεὺς
1995 838 2030 874 ἐν
2055 841 2094 884 τῇ
2119 838 2279 886 μαχαίρῃ.

1234 899 1282 923 ex
1314 886 1396 935 ipso
1429 888 1528 924 enim
1553 888 1667 925 verbo
1697 888 1886 937 ἀναγράφει
1919 893 2088 938 apertum
2120 894 2178 926 est
2206 902 2280 926 non

1234 939 1429 986 comicum,
1447 940 1512 989 qui
1537 941 1662 990 potius
1689 943 1874 990 κεχρῆσθαι
1901 940 1946 978 de
1973 954 2074 979 more
2102 941 2281 979 dicendus

1234 990 1378 1036 fuisset,
1393 991 1458 1028 sed
1476 993 1759 1042 grammaticum
1776 992 1962 1043 designari
1978 993 2281 1043 Aristophanem,

1236 1043 1300 1092 qui
1317 1043 1357 1080 in
1375 1044 1471 1081 libro
1487 1045 1533 1082 de
1553 1049 1710 1096 ἀμέτροις
1726 1049 1920 1096 παροιμίαις
1936 1046 1982 1083 de
2004 1045 2200 1094 proverbio
2218 1045 2281 1083 illo

1234 1095 1382 1132 videtur
1398 1098 1624 1146 exposuisse.
1652 1099 1743 1136 Non
1755 1099 1875 1150 'magis
1889 1098 2019 1136 scholii
2030 1098 2078 1135 ad
2089 1098 2282 1136 Theocriti

1237 1147 1287 1191 V,
1310 1148 1392 1185 118.
1411 1149 1509 1188 ullus
1530 1165 1622 1188 usus
1645 1157 1714 1196 est,
1735 1155 1948 1203 ἐκάθηρενε
1978 1153 2052 1190 ἀντὶ
2078 1156 2139 1189 τοῦ
2162 1155 2283 1190 ἔτυπτε

1237 1203 1291 1238 καὶ
1313 1203 1471 1253 ἐξέδειρε.
1501 1207 1555 1242 καὶ
1579 1206 1842 1255 Ἀριστοφάνης,
1860 1208 1956 1245 πέδει
1971 1208 2031 1245 τὰς
2056 1209 2205 1255 πλευρὰς
2228 1209 2283 1243 καὶ

1238 1257 1407 1304 ἐκάθηρεν.
1461 1257 1656 1295 Pertinent
1694 1258 1774 1296 haec
1811 1259 1858 1296 ad
1895 1259 1936 1296 Ν
1938 1258 2067 1295 ubium
2100 1272 2135 1296 v.
2170 1258 2281 1296 1379.

1237 1310 1362 1346 κᾶπειτ’
1391 1313 1484 1358 ἔφλα
1517 1328 1560 1359 με
1592 1313 1756 1349 κάσπόδει
1791 1315 1930 1362 κᾶπνιγε
1964 1313 2175 1362 κᾶπέτριβεν.
2221 1310 2283 1348 cui

1237 1361 1423 1411 adscripta
1432 1363 1503 1399 fuit
1515 1364 1620 1400 verbi
1633 1367 1774 1403 ἐσπόδει
1790 1364 2002 1415 explicandi
2020 1378 2150 1402 caussa
2160 1376 2282 1413 gram-

1236 1414 1362 1450 matici
1388 1416 1575 1453 annotatio
1601 1420 1662 1457 τὰς
1687 1421 1835 1468 πλευρὰς
1861 1419 2013 1466 ἐκάθηρε.
2069 1417 2179 1454 Hanc
2199 1422 2279 1452 tan-

1239 1479 1352 1515 quam
1367 1473 1486 1515 poetae
1509 1469 1622 1507 verba
1648 1472 1840 1520 amplexus
1857 1475 1915 1508 est
1937 1469 2132 1519 imperitus
2148 1468 2283 1506 scholi-

1239 1523 1331 1560 asta,
1361 1519 1488 1556 similis
1515 1519 1725 1572 Leeapeno,
1750 1523 1857 1573 eujus
1883 1521 2049 1560 libellum
2074 1522 2170 1559 bene
2194 1520 2284 1558 fecit

1242 1571 1478 1608 Hermannus
1495 1574 1595 1622 quod
1617 1576 1726 1613 edere
1743 1589 1817 1613 non
1834 1574 2056 1625 dedignatus
2075 1579 2144 1619 est,
2160 1573 2200 1610 in
2218 1586 2282 1622 ap-

1240 1623 1394 1672 pendice
1420 1624 1504 1661 libri
1521 1625 1567 1663 de
1590 1629 1830 1676 grammatica
1851 1628 1985 1666 Graeca
2009 1639 2046 1676 p.
2066 1625 2282 1664 353—-391,

1241 1676 1311 1736 Est
1328 1676 1425 1713 enim
1442 1676 1489 1713 ad
1505 1678 1640 1717 multas
1658 1681 1881 1730 quaestiones
1901 1679 1992 1717 utile
2010 1678 2145 1728 quibus
2163 1676 2284 1715 modis

1240 1729 1477 1777 ineptiverint
1494 1733 1725 1779 grammatici
1743 1745 1934 1782 cognosse.

1293 1781 1472 1830 Superest
1498 1782 1576 1831 jam
1611 1797 1726 1822 unum
1762 1784 1808 1822 de
1842 1784 2040 1834 prioribus,
2073 1787 2117 1820 ut
2148 1780 2285 1828 ferunt,

1242 1832 1418 1870 Nubibus
1436 1833 1699 1883 fragmentum,
1718 1851 1791 1886 quo
1808 1850 1924 1887 quum
1940 1850 2015 1874 non
2033 1835 2134 1873 aliud
2150 1835 2197 1872 ab
2214 1835 2285 1873 hac

1242 1885 1366 1922 fabula
1388 1886 1545 1924 alienius
1567 1888 1725 1926 inveniri
1748 1890 1970 1932 existimem,
1994 1888 2167 1925 ultimum
2189 1893 2286 1925 trac-

1242 1938 1394 1975 tandum
1416 1941 1612 1979 reservavi.
1667 1941 1862 1979 Proditum
1889 1947 2014 1978 autem
2036 1939 2129 1978 illud
2156 1944 2214 1978 est
2239 1941 2286 1977 ab

1243 1991 1411 2040 Diogene
1424 1990 1575 2030 Laertio
1591 1993 1630 2030 in
1643 1995 1826 2043 principio
1842 1994 1927 2031 vitae
1941 1993 2104 2031 Socratis
2119 1992 2189 2043 (II,
2208 1992 2286 2040 18),

1242 2043 1347 2092 cujus
1367 2044 1489 2080 locum
1510 2058 1630 2094 operae
1656 2047 1818 2095 pretium
1845 2052 1903 2084 est
1929 2046 2065 2095 apponi
2085 2045 2286 2095 integrum,

1241 2099 1415 2146 Σωκράτης
1432 2101 1674 2147 Σωφρονίσκου
1697 2102 1759 2148 μὲν
1775 2101 1816 2147 ἦν
1833 2101 1903 2139 υἱὸς
1925 2101 2110 2149 λιθουργοῦ
2133 2101 2186 2136 καὶ
2204 2105 2286 2136 Φαι·

1242 2153 1378 2199 ναρέτης
1411 2154 1521 2198 μαίας,
1551 2154 1596 2192 ὧς
1631 2156 1684 2191 καὶ
1719 2157 1864 2191 Πλάτων
1890 2155 1928 2190 ε’ν
1965 2153 2136 2204 Θεαιτήτῳ
2163 2155 2285 2202 φησὶν,

1241 2206 1426 2252 Ἀθηναῖος,
1442 2211 1509 2243 τῶν
1526 2207 1639 2254 δήμων
1651 2209 1897 2255 Ἀλωπεκῆθεν.
1926 2208 2035 2244 ε’δόκει
2053 2209 2090 2244 δὲ
2109 2211 2288 2254 συμποιεῖν

1243 2261 1417 2307 Εὐριπίδῃ.
1446 2260 1524 2297 ὅθεν
1551 2263 1773 2310 Μνησίλοχος
1797 2261 1882 2298 οὕτω
1907 2262 1998 2309 φησὶ
2027 2260 2193 2309 (ιΦρῦγες
2211 2261 2288 2298 ἐστὶ

1242 2315 1353 2350 καινὸν
1370 2315 1481 2361 δρᾶμα
1505 2316 1594 2351 τοῦτ’
1614 2317 1809 2364 Εὐριπίδου,
1829 2312 1856 2365 ᾧ
1880 2317 2053 2363 Σωκράτης
2069 2317 2111 2351 τὰ
2129 2314 2288 2363 φρύγανα

1242 2367 1458 2413 ὑποτίθησι.”
1488 2369 1542 2404 καὶ
1565 2371 1669 2406 πάλιν
1687 2371 1908 2418 ((Εὔριπίδης
1936 2367 2285 2418 σωκρατογόμφους.”

1243 2422 1296 2456 καὶ
1317 2421 1469 2458 Καλλίας
1486 2421 1652 2469 Πεδήταις

1296 2490 1329 2510 α.
1357 2475 1391 2510 τί
1410 2475 1450 2520 δὴ
1469 2477 1515 2512 σὺ
1533 2479 1639 2523 σεμνὴ
1658 2479 1712 2514 καὶ
1730 2479 1870 2526 φρονεῖς
1887 2475 1974 2513 οὕτω
1992 2476 2102 2525 μέγα;

1292 2530 1330 2571 β.
1352 2529 1466 2572 ἔξεστι
1482 2531 1549 2578 γάρ
1566 2547 1635 2577 μοι.
1681 2533 1855 2579 Σωκράτης
1871 2533 1937 2579 γὰρ
1956 2529 2074 2568 αἴτιος-

1241 2582 1350 2630 φάνης
1369 2583 1546 2629 Νεφέλαις

1348 2637 1530 2683 Εὐριπίδης
1550 2637 1578 2674 δ’
1599 2639 1618 2674 ὁ
1635 2640 1694 2676 τὰς
1711 2639 1900 2688 τραγῳδίας
1917 2641 2022 2674 ποιῶν

1348 2691 1406 2726 τὰς
1423 2691 1675 2738 περιλαλούσας
1693 2693 1790 2730 οὗτός
1808 2693 1883 2729 ἐστι
1900 2693 1960 2729 τὰς
1980 2689 2106 2738 σοφάς.

1244 2741 1422 2789 Magnam
1440 2742 1518 2779 haec
1543 2743 1782 2780 offensionem
1803 2756 1847 2780 eo
1870 2742 2009 2779 habent
2035 2740 2135 2791 quod
2159 2740 2289 2791 quiex

1243 2793 1496 2841 Aristophane
1527 2794 1730 2832 afferuntur
1749 2808 1878 2832 versus
1906 2795 2015 2831 alieni
2041 2794 2215 2831 videntur
2241 2795 2287 2831 ab

1243 2845 1425 2893 Diogenis
1442 2847 1643 2895 proposito,
1662 2848 1727 2896 qui
1749 2854 1917 2885 veterum
1942 2847 2166 2884 comicorum
2184 2848 2287 2884 testi-

1243 2897 1374 2933 moniis
1402 2897 1471 2935 hoc
1497 2899 1578 2935 vult
1609 2900 1860 2948 comprobare,
1890 2899 2110 2948 Euripidem
2144 2900 2183 2936 in
2213 2904 2287 2935 tra-

1243 2949 1376 2997 goediis
1395 2950 1599 2987 scribendis
1613 2952 1778 2987 nonnihil
1790 2952 1835 2988 ab
1848 2952 1999 2988 Socrate
2013 2963 2093 2987 esse
2105 2951 2285 3000 adjutum.

2127 2529 2287 2578 Ἀριστο-

168 2999 326 3047 signavit
349 3000 388 3037 in
403 3014 438 3039 v.
455 3005 567 3049 μετόν.
622 3000 663 3037 N
665 3013 706 3037 ec
730 3001 959 3037 dubitatione
979 3013 1097 3037 vacua
1120 3005 1206 3036 sunt
1243 3001 1356 3042 Quod
1374 3014 1488 3049 quum
1506 3003 1749 3040 intellexisset
1765 3003 2049 3047 Valckenarius,
2061 3003 2099 3039 in
2117 3003 2288 3040 Diatribe

167 3064 249 3100 quae
278 3052 375 3100 apud
397 3053 691 3091 Antiatticistam
708 3052 872 3088 Bekkeri
899 3052 1073 3101 leguntur
1090 3065 1125 3100 p.
1145 3051 1207 3093 98,
1242 3052 1287 3089 de
1317 3052 1508 3102 Euripidis
1534 3055 1752 3104 fragmentis
1784 3068 1821 3104 p.
1852 3056 1897 3091 14
1932 3058 2115 3104 Εὐριπίδου
2152 3055 2289 3103 corrigi

169 3105 203 3142 ·l.
223 3105 500 3152 ζυμήσασθαιι
528 3107 780 3154 Ἀριστοφάνης
794 3107 981 3153 Νεφέλαις.
1010 3111 1048 3142 et
1064 3117 1098 3152 p.
1123 3104 1207 3144 105.
1237 3105 1361 3153 jussit,
1388 3106 1494 3154 cujus
1520 3107 1601 3143 loco
1626 3108 1780 3156 propius
1802 3108 1848 3144 ad
1871 3108 2041 3144 codicum
2065 3108 2287 3155 scripturam

168 3156 204 3194 2.
224 3161 428 3207 κόλασμαι
456 3162 709 3210 Ἀριστοφάνης
736 3162 925 3207 Νεφέλαις.
953 3170 1083 3206 parum
1110 3156 1206 3192 enim
1243 3160 1406 3206 Εὐριπίδῃ
1423 3159 1511 3206 poni
1527 3159 1692 3206 potuisse
1711 3159 1771 3195 alii
1790 3160 2140 3197 animadverterunt.
2192 3158 2288 3195 Mihi

168 3216 358 3248 accuratus
383 3212 446 3250 ille
473 3213 736 3263 grammaticus
764 3216 832 3255 est,
860 3211 936 3259 qui,
963 3222 1009 3246 ne
1031 3209 1111 3257 jam
1138 3207 1208 3244 alia
1243 3223 1331 3246 vero
1358 3216 1514 3258 utraque
1541 3216 1767 3259 praepostera
1790 3213 1967 3248 correct-io
1986 3212 2143 3248 videtur.
2196 3210 2287 3247 Per-

168 3274 459 3310 commemorem,
485 3278 522 3314 p.
551 3265 615 3308 97,
651 3265 709 3301 14.
744 3266 971 3312 ἐκπερδικίσαι
1005 3260 1129 3298 attulit
1161 3272 1207 3295 ex
1242 3262 1393 3310 vulgata
1408 3262 1569 3299 Athenis
1586 3263 1657 3299 fuit
1673 3264 1808 3312 opinio,
1825 3277 1871 3300 ex
1889 3264 2018 3300 intima
2036 3277 2118 3312 quae
2143 3263 2288 3300 Socrati

168 3313 445 3362 Ecclesiazusis‚
463 3317 563 3366 quod
586 3317 723 3365 legitur
745 3317 784 3353 in
799 3316 947 3353 Avibus
963 3327 999 3351 v.
1019 3312 1105 3350 773.
1124 3314 1206 3349 ἐπα·
1243 3326 1328 3350 cum
1356 3314 1537 3361 Euripide
1565 3315 1775 3352 intercessit
1802 3316 2073 3352 necessitudine
2101 3319 2194 3357 orta,
2212 3319 2287 3351 tra-

169 3369 404 3415 νορθῶσασθαι
419 3382 457 3418 Ρ.
472 3369 535 3414 96,
548 3368 610 3406 25.
626 3381 674 3405 ex
691 3365 1094 3416 ThesmophoriazusiS‚
1109 3365 1208 3412 quod
1243 3365 1368 3413 gicum
1394 3366 1434 3401 in
1455 3365 1636 3414 eligendis
1666 3367 1873 3403 fabularum
1902 3368 2129 3416 argumentis
2156 3371 2195 3403 et
2219 3367 2287 3403 fln-

167 3419 215 3455 ad
236 3419 453 3470 Lysistratae
476 3433 626 3458 versum
649 3420 738 3465 528,
764 3419 948 3468 pertinere
968 3417 1127 3459 videtur,
1145 3417 1209 3452 ubi
1242 3417 1374 3466 gendis
1399 3417 1563 3455 moribus
1587 3419 1890 3467 sermonibusque
1916 3431 2168 3467 personarum,
2195 3431 2287 3468 quas

169 3470 275 3509 hodie
300 3473 437 3522 legitur
459 3476 753 3520 ἐπανορθώσαιμεν
771 3474 812 3510 ἂν
828 3474 924 3519 ὑμᾶς.
954 3471 1153 3508 καταλαλεῖν
1169 3480 1207 3517 Ρ.
1242 3468 1327 3518 plus
1335 3467 1439 3518 justo
1456 3469 1759 3520 philosophantes
1773 3471 2042 3516 introducebat,
2058 3471 2220 3509 Socratis
2232 3471 2288 3508 uti
