2488 3860
218 273 299 322 542

219 389 299 418 MN.
321 382 389 429 ἐγὼ
407 382 473 433 γὰρ
487 380 561 421 οἶδα
578 379 713 422 ταῖτιον.
740 385 819 433 μίαν
834 386 900 435 γὰρ
918 384 977 422 οὐκ
995 387 1036 423 ἂν
1053 387 1158 424 εἴποις

320 441 387 474 τῶν
410 441 470 474 νῦν
496 442 658 484 γυναικῶν
684 440 894 485 Πηνελόπην,
920 441 1062 488 Φαίδρας
1088 440 1116 476 δ’
1144 440 1250 484 ἁπαξ-

372 490 516 526 απάσας.
1192 505 1252 537 550

217 544 282 574 ΓΥ.
303 545 340 575 Γ.
370 539 509 583 ἀκούετ’,
528 540 554 576 ὦ
570 544 731 589 γυναῖκες,
751 540 802 579 οἷ’
821 542 946 591 εἴρηκεν
963 543 983 590 ἡ
1001 547 1187 592 πανοῦργος

319 591 403 637 ἡμᾶς
420 594 554 631 ἁπάσας
570 593 664 631 αὖθις
680 594 732 630 αὖ.

217 649 297 679 ΜΝ.
754 649 808 685 καὶ
825 648 862 693 νὴ
882 648 937 684 Δί’
954 649 1085 684 ,ουδέπω
1102 663 1142 695 γε

319 695 422 743 ειρηχ’
442 697 509 734 ὅσα
525 697 662 743 ξύνοιδ’·
692 699 763 736 ἐπεὶ
777 699 950 743 βούλεσθε
963 699 1088 736 πλείον’
1103 698 1183 735 εἵπω
1195 712 1206 740 3

216 754 281 783 ΓΥ.
310 755 348 784 Γ.
377 750 455 785 ἀλλ’
478 751 537 786 οὒκ
560 751 601 787 ἂν
623 751 667 786 ἔτ’
693 752 794 798 ἔχοις·
824 751 890 788 ὅσα
913 753 979 799 γὰρ
1001 751 1093 797 ᾔδεις
1117 751 1251 797 ἐξέχεας

370 802 509 839 ἅπαντα.
1189 817 1250 847 554

215 858 297 888 MN.
316 854 362 897 μὰ
381 854 436 890 Δί’
451 855 530 891 οὐδέ
544 871 597 891 πω
614 856 674 901 τὴν
685 856 871 902 μυριοστὴν
883 858 1002 902 μοῖραν
1015 855 1060 890 ὧν
1076 858 1247 900 ποιοῦμεν.

317 907 389 942 ἐπεὶ
406 906 476 942 τόδ’
492 908 551 942 οὐκ
565 906 682 954 εἴρηχ’,
698 909 844 955 ὁρᾷς,»ὡς
858 907 1061 955 στλεγγίδας
1077 909 1249 950 λαβοῦσαι

317 958 430 994 ἔπειτα
448 960 674 1006 σιφωνίζομεν
690 961 748 995 τὸν
761 957 862 995 οἶνον.
891 965 956 995 ΓΥ.
977 965 1012 994 Γ.
1034 959 1247 1006 ἐπιτριβείης.

317 1010 362 1046 ὥς
378 1010 407 1044 τ’
425 1010 466 1046 αὖ
487 1012 528 1046 τὰ
549 1012 620 1059 κρέ’
646 1012 684 1056 ἐξ
703 1011 932 1058 Ἀπατουρίων
949 1013 1020 1047 ταῖς
1041 1013 1250 1058 μαστροποῖς

368 1063 533 1103 διδοῦσαι,

216 1014 296 1044 ΜΝ.

316 1114 429 1150 ἔπειτα
446 1115 505 1159 τὴν
521 1117 630 1160 γαλῆν
646 1117 758 1162 φαμὲν

214 1171 278 1200 ΓΥ.
308 1171 345 1201 Γ.
713 1167 838 1204 τάλαιν’
859 1168 935 1214 ἐγὼ,
954 1168 1131 1213 φλυαρεῖς.
1188 1179 1248 1212 559

214 1223 295 1253 ΜΝ.
316 1218 383 1254 οὐδ’
404 1220 447 1255 ὡς
465 1221 523 1255 τὸν
539 1220 642 1267 ἄνδρα
659 1222 705 1268 τῷ
722 1221 855 1255 πελέκει
871 1220 953 1266 γυνὴ
972 1220 1234 1263 κατεσπόδησεν,

316 1270 375 1305 οὐκ
386 1268 490 1306 εἶπον·
508 1272 576 1307 οὐδ’
589 1273 633 1308 ὡς
643 1273 832 1318 φαρμάκοις
843 1272 938 1318 ἑτέρα
948 1273 1006 1308 τὸν
1019 1270 1109 1318 ἄνδρ’
1120 1272 1246 1316 ἔμηνεν,

315 1323 384 1358 οὐδ’
405 1324 448 1360 ὧς
466 1324 530 1359 ὑπὸ
548 1326 589 1369 τῇ
605 1325 719 1372 πυέλῳ
738 1324 925 1370 κατώρυξέν
941 1323 1015 1359 ποτ’

213 1379 276 1410 ΓΥ.
296 1380 333 1410 Γ.

213 1433 293 1462 ΜΝ.
313 1426 492 1474 Ἀχαρνικὴ
511 1429 569 1464 τὸν
585 1429 723 1475 πατέρα.

212 1485 277 1514 ΓΥ.
298 1486 334 1516 Γ.
750 1481 844 1515 ταυτὶ
862 1478 933 1525 δῆτ’
954 1479 1058 1515 ἀνέκτ’
1077 1477 1207 1514 ἀκούειν
1218 1492 1228 1520 ;

213 1536 293 1566 MN.
313 1532 382 1567 οὐδ’
402 1533 446 1569 ὣς
466 1532 510 1567 σὺ
528 1534 587 1578 τῆς
604 1531 728 1576 δούλης
745 1531 908 1576 τεκούσης
925 1532 1024 1578 ι’ίρρεν
1053 1529 1123 1567 εἶτα
1141 1532 1248 1576 σαυτῇ

313 1582 408 1619 τοῦθ’
423 1585 608 1627 ὑπεβάλου,
621 1586 660 1620 τὸ
675 1587 738 1620 σὸν
751 1585 786 1620 δὲ
802 1585 979 1631 θυγάτριον
992 1586 1140 1630 παρῆκας
1152 1584 1245 1628 αὐτῇ.

211 1641 275 1672 ΓΥ.
296 1642 334 1672 Γ.
364 1638 405 1671 οὔ
417 1651 469 1671 τοι
485 1637 533 1681 μὰ
545 1637 591 1671 τὼ
606 1636 670 1671 θεὼ
690 1637 734 1672 σὺ
748 1637 961 1683 καταπροίξει
974 1637 1126 1683 λέγουσα
1139 1636 1245 1676 ταυτὶ,

313 1686 390 1723 ἀλλ’
409 1689 549 1724 ἐκποκιῶ
568 1703 633 1724 σου
651 1690 710 1725 τὰς
726 1690 885 1725 ποκάδας.
1186 1691 1245 1733 567

1075 1375 1220 1419 ἐξόλοιο.

211 1745 290 1774 ΜΝ.
773 1741 813 1776 οὔ
832 1741 871 1786 δὴ
887 1741 935 1786 μὰ
953 1740 1017 1776 Δία
1035 1738 1080 1776 σύ
1097 1739 1129 1788 γ’
1148 1740 1244 1788 ἅψει.

210 1798 274 1827 ΓΥ.
295 1798 332 1828 Γ.
362 1793 415 1828 καὶ
431 1793 496 1838 μὴν
513 1792 596 1829 ἶδού.
651 1799 731 1829 ΜΝ.
761 1794 814 1828 καὶ
830 1794 895 1838 μὴν
913 1792 997 1828 ι’δού.

211 1850 273 1879 ΓΥ.
294 1851 332 1880 Γ.
747 1846 835 1888 λαβὲ
854 1845 1036 1890 θοίμάτιον,
1056 1844 1213 1890 Φιλίστη.

210 1899 290 1932 ΜΝ.
309 1897 459 1944 πρόσθες
475 1899 588 1943 μόνον,
605 1898 698 1945 κάγώ
718 1913 760 1933 σε
776 1898 815 1943 νὴ
834 1898 893 1942 τὴν
902 1896 1063 1944 ’Ἄρτεμιν

209 1950 274 1985 ΓΥ.
294 1956 332 1985 Γ.
951 1949 985 1985 τί
1002 1950 1158 1995 δράσεις;

209 2010 289 2040 MN.
310 2006 369 2039 τὸν
409 2002 620 2049 σησαμοῦνθ’
663 2001 701 2037 ὃν
740 2000 938 2046 κατέφαγες,
975 2003 1094 2035 τοῦτον
1131 2000 1248 2044 χεσεῖν

363 2055 509 2100 ποιήσω.
1165 2062 1248 2111 Α57ο

309 2107 489 2144 παύσασθε
505 2105 771 2154 λοιδορούμεναι
800 2119 854 2139 και
871 2104 936 2151 γὰρ
953 2101 1035 2151 γυνή
1053 2116 1104 2139 τις
1120 2100 1197 2147 ἡμῖν

311 2161 537 2196 ἐσπουδακυῖα
554 2159 772 2206 προστρέχει.
801 2157 879 2203 πρὶν
897 2155 955 2191 οῦν
973 2157 1057 2201 ὁμοῦ
1077 2154 1246 2201 γενέσθαι,

380 2211 601 2225 ”””””
639 2225 786 2255 κοσμιως
803 2207 974 2254 πυθώμεθ’
994 2208 1076 2243 ἅττα
1092 2206 1194 2251 λέξει.

313 2265 415 2310 φίλαι
430 2267 592 2312 γυναῖκες,
613 2264 784 2309 ξυγγενεῖς
801 2261 925 2306 τούμοῦ
943 2262 1079 2308 τρόπου,

311 2317 363 2352 ὅτι
380 2317 441 2362 μὲν
457 2317 563 2364 φίλος
581 2314 643 2361 εἴμ’
657 2316 745 2360 ὑμῖν,
757 2314 915 2358 ἐπίδηλος
932 2315 1003 2349 ταῖς
1019 2312 1165 2359 γνάθοις.
1186 2323 1225 2356 57
1229 2325 1246 2356 5

312 2372 540 2416 γυναικομανῶ
556 2369 622 2415 γὰρ
639 2367 791 2414 προξενῶ
809 2365 843 2401 θ’
862 2366 953 2411 ὑμῶν
969 2365 1031 2400 ἀεί.

316 2422 369 2456 καὶ
387 2424 444 2457 νῦν
462 2419 609 2456 ἀκούσας
626 2422 763 2466 πρᾶγμα
779 2419 856 2465 περὶ
874 2418 964 2462 ὑμῶν
980 2417 1065 2463 μέγα

315 2474 422 2522 ὀλίγῳ
439 2488 472 2508 τι
489 2475 652 2520 πρότερον
669 2471 738 2506 κατ’
757 2471 882 2518 ἀγορὰν
897 2469 1117 2514 λαλούμενον,

316 2526 383 2570 ἥκω
401 2527 546 2590 φράσων
563 2523 652 2560 τοῦτ’
671 2524 824 2589 ἀγγελῶν
843 2522 876 2558 θ’
895 2522 983 2567 ὑμῖν,
1002 2520 1055 2557 ἵνα

209 2114 280 2145 XO.

213 2270 283 2302 ΚΛ.

1187 2578 1248 2618 58ο

316 2579 464 2622 σκοπῆτε
482 2578 535 2612 καὶ
552 2578 671 2623 τηρῆτε
688 2576 732 2622 μὴ
751 2576 804 2610 καὶ
821 2574 1002 2622 προσπέσῃ

314 2630 391 2674 ὗμιν
407 2629 591 2675 ἀφάρκτοις
608 2631 744 2676 πρᾶγμα
763 2629 870 2663 δεινὸν
887 2628 941 2662 καὶ
957 2626 1056 2674 μέγα.

312 2682 346 2716 τί
362 2681 391 2717 δ’
410 2682 516 2720 ἔστιν,
536 2681 562 2716 ὦ
579 2683 661 2722 παῖ;
690 2681 792 2716 παῖδα
808 2681 873 2727 γάρ
893 2679 926 2714 σ’
945 2679 1033 2716 εἰκὸς
1050 2679 1176 2719 καλεῖν,

317 2733 377 2770 ἕως
394 2734 434 2768 ἂν
450 2732 555 2770 οὕτως
572 2734 631 2769 τὰς
647 2733 791 2780 γνάθους
808 2733 918 2779 ψιλὰς
935 2732 1027 2777 ἔχῃς.

314 2786 495 2832 Εὐριπίδην
513 2785 598 2832 φάσ’
618 2785 720 2832 ἄνδρα
738 2783 902 2829 κηδεστήν
919 2798 992 2820 τινα

317 2838 430 2878 αὑτοῦ,
448 2838 599 2884 γέροντα,
616 2837 706 2884 δεῦρ’
725 2837 920 2883 ἀναπέμψαι
937 2835 1090 2883 τήμερον.

214 2895 286 2925 ΧΟ.
313 2891 398 2935 πρὸς
414 2892 511 2925 ποῖον
526 2890 638 2936 ἔργον,
657 2889 677 2934 ἢ
695 2890 784 2925 τίνος
799 2891 931 2936 γνώμης
947 2890 1067 2936 χάριν;

214 2947 287 2978 ΚΛ.
314 2939 354 2976 ἵν’
374 2942 456 2976 ἅττα
472 2941 697 2984 βουλεύοισθε
715 2942 768 2976 καὶ
785 2941 944 2986 μέλλοιτε
962 2942 1054 2988 δρᾶν,

321 2993 442 3028 ἐκεῖνος
460 2991 508 3037 εἵη
527 2996 591 3028 τῶν
608 2995 720 3038 λόγων
738 2995 960 3029 κατάσκοπος.

316 3046 370 3080 καὶ
386 3048 456 3082 πῶς
471 3045 615 3088 λέληθεν
633 3046 667 3080 ἐν
683 3046 833 3092 γυναιξὶν
851 3045 895 3080 ὢν
912 3045 1016 3093 ἀνῆρ;

315 3097 466 3143 ὄφευσεν
482 3097 581 3132 αὐτὸν
599 3097 746 3132 κάπέτιλ’
766 3098 945 3144 Εὐριπίδης

319 3150 373 3185 καὶ
389 3148 486 3184 τᾶλλ’
505 3148 626 3184 ἅπανθ’
646 3150 761 3195 ὥσπερ
777 3150 901 3196 γυναῖκ’
921 3148 1115 3184 ἐσκεύασεν.

217 3207 298 3238 MN.
318 3200 477 3238 πείθεσθε
495 3200 601 3247 τούτῳ
619 3203 742 3241 ταῦτα;
771 3202 822 3237 τίς
840 3201 867 3236 δ’
887 3199 992 3238 οὕτως
1009 3202 1090 3247 ἀνὴρ

320 3251 450 3298 ἠλίθιος
468 3253 563 3289 ὅστις
580 3254 777 3297 τιλλόμενος
794 3251 933 3299 ἠνείχετ’
953 3254 1013 3294 ἅν;

321 3306 380 3341 οὒκ
397 3303 508 3350 οἵόμαι
524 3303 631 3351 ’γωγ’,
652 3304 677 3338 ὦ
694 3304 909 3349 πολυτιμήτω
928 3306 1004 3340 θεώ.

319 3359 443 3404 ληρεῖς·
473 3357 538 3404 ἐγὼ
554 3357 620 3403 γὰρ
638 3357 697 3390 οὐκ
715 3356 755 3391 ἂν
771 3355 876 3399 ἦλθον
893 3358 1057 3404 ἀγγελῶν,

321 3410 351 3445 εἶ
367 3409 412 3455 μὴ
429 3407 609 3452 πεπύσμην
625 3411 728 3443 ταῦτα
745 3411 811 3442 τῶν
829 3409 914 3454 σάφ’
934 3409 1081 3445 εἰδότων.

319 3463 359 3497 τὸ
375 3463 512 3508 πρᾶγμα
527 3460 622 3496 τουτὶ
637 3461 746 3495 δεινὸν
762 3460 1031 3506 εἰσαγγέλλεται.

321 3512 413 3553 ἀλλ’,
433 3512 459 3547 ὦ
475 3514 637 3560 γυναῖκες,
657 3512 717 3546 οὐκ
735 3511 877 3546 ἐλινύειν
894 3513 1007 3558 ἐχρῆν,

317 3565 413 3603 ἀλλὰ
430 3566 569 3602 σκοπεῖν
584 3565 644 3600 τὸν
659 3563 762 3610 ἄνδρα
779 3565 832 3600 καὶ
850 3564 958 3608 ζητεῖν
974 3564 1058 3601 ὅπου

212 2684 284 2717 XO.

214 2791 285 2821 KA.

1187 2839 1246 2880 585

214 3051 287 3082 XO.

216 3104 288 3134 KA.
1186 3107 1246 3141 590

218 3363 291 3396 ΚΛ.
1187 3367 1246 3401 595

220 3467 292 3501 ΧΟ.

1055 276 1515 329 ΑΡΙΣΤΟΦΑΝΟΎΣ

1391 389 1533 433 λέληθεν
1550 387 1635 433 ἡμᾶς
1653 386 1795 434 κρυπτὸς
1813 382 2044 435 ἐγκαθήμενος.

1392 443 1445 476 καὶ
1463 441 1508 476 σὺ
1525 439 1690 487 ξυνέξευρ’
1710 440 1820 481 αὐτὸν,
1840 440 1885 478 ὣς
1901 440 1941 475 ἃν
1957 439 2017 484 τὴν
2033 439 2133 486 χάριν

1391 492 1511 537 ταύτην
1528 507 1564 527 τε
1582 493 1730 536 κάκείνην
1747 492 1838 537 ἔχῃς,
1857 491 1884 527 ὦ
1900 491 2052 539 πρόξενε.

1292 552 1360 581 ΚΛ.
1395 545 1471 591 φέρ’
1486 543 1558 579 ἴδω·
1579 545 1629 581 τίς
1642 541 1676 579 εἷ
1688 545 1801 591 πρώτη
1820 542 1882 585 σύ;
1910 549 1992 580 ΜΝ.
2011 545 2071 580 ποῖ
2083 557 2132 580 τις
2142 540 2270 588 τρέψετ-

1291 604 1359 633 ΚΛ.
1394 596 1543 641 ζητητέαι
1560 598 1625 643 γάρ
1644 596 1734 630 ἐστε.
1789 601 1871 632 ΜΝ.
1899 595 2105 641 κακοδαίμων
2121 595 2200 640 ἐγώ.

1290 655 1354 685 ΓΥ.
1376 654 1416 684 Δ.
1447 648 1495 694 ἔμ’
1515 649 1586 693 ἥτις
1604 646 1666 693 εἴμ’
1684 649 1787 694 ἤρους
1818 646 2018 693 Κλεωνύμου
2034 645 2128 697 γυνή.

1291 707 1359 736 KA.
1393 698 1596 748 γιγνώσκεθ’
1614 701 1705 745 ὑμεῖς
1723 700 1794 744 ἥτις
1811 699 1887 737 ἔσθ’
1906 697 1957 745 ἥδ’
1974 699 1993 744 ἡ
2012 698 2116 748 γυνῆ;

1291 759 1362 788 ΧΟ.
1390 754 1620 800 γιγνώσκομεν
1638 751 1720 796 δῆτ’.
1748 752 1839 787 ἀλλὰ
1856 753 1915 788 τὰς
1932 752 2039 788 ι’ίλλας
2056 751 2161 797 ἄθρει.

1292 811 1362 841 ΚΛ.
1392 804 1446 849 ἡδι
1465 805 1500 839 δὲ
1520 804 1558 849 δὴ
1577 804 1628 840 τίς
1646 804 1740 839 ἐστιν
1756 803 1776 848 ἡ
1794 805 1832 839 τὸ
1850 804 1982 840 παιδίον

1394 858 1537 902 εχουσα;
1567 861 1632 892 ΓΥ.
1649 862 1691 891 Δ.
1711 855 1805 901 τιτθὴ
1816 855 1854 901 νὴ
1869 856 1925 895 Δί’
1939 853 2012 901 ἐμή.
2042 860 2124 891 MN.
2143 854 2311 904 διοίχομαι

1393 907 1474 953 αὕτη
1494 908 1538 943 σὺ
1555 910 1616 944 ποῖ
1631 908 1796 955 στρέψας
1823 907 1892 954 μέν’
1912 907 2025 943 αὐτοῦ.
2054 907 2087 942 τί
2104 907 2142 942 τὸ
2161 907 2280 945 ιωκόν;

1393 962 1496 996 ἔασον
1513 960 1656 1007 οὐρῆσαί
1671 959 1719 1005 μ.

1292 915 1363 944 ΚΛ.

1292 967 1373 996 ΜΝ.

1293 1019 1364 1048 ΚΛ.

2263 961 2319 994 611

1729 1012 1950 1058 ἀναίσχυντός
1967 1025 2016 1049 τις
2034 1008 2075 1047 εἴ.

1396 1080 1441 1100 συ
1459 1065 1486 1100 δ’
1507 1064 1565 1100 ουν
1581 1065 1670 1100 ποίει
1687 1063 1775 1099 τοῦτ’
1781 1091 1789 1098 .
1818 1063 1964 1109 ἀναμένω
1981 1064 2046 1128 γὰρ
2065 1062 2192 1100 ἐνθάδε.

1396 1118 1534 1162 ἀνάμενε
1553 1118 1646 1161 δῆτα,
1666 1117 1719 1151 καὶ
1738 1118 1855 1152 σκόπει
1872 1116 1903 1163 γ’
1923 1116 2023 1161 αὐτὴν
2042 1116 2191 1163 σφόδρα·

1395 1171 1497 1214 μόνην
1513 1170 1578 1217 γὰρ
1597 1169 1709 1214 αὐτὴν,
1729 1168 1823 1215 ὦνερ,
1843 1168 1882 1204 οὐ
1899 1169 2140 1216 γιγνώσκομεν-

1394 1221 1503 1257 πολύν
1519 1236 1559 1268 γε
1576 1223 1699 1268 χρόνον
1716 1221 1824 1268 ουρεΐς
1841 1219 1899 1256 σύ.
2177 1228 2182 1233 “

1294 1123 1367 1153 ΧΟ.

1294 1227 1366 1257 ΚΛ.

1295 1279 1374 1309 MN.

2267 1221 2326 1263 615

1942 1272 1981 1318 νὴ
1999 1271 2054 1309 Δί’
2057 1298 2067 1312 ι
2087 1270 2114 1310 ὅ
2129 1270 2228 1317 μέλε’

1398 1340 1630 1373 στραγνονρω
1646 1326 1724 1372 γάρ·
1753 1324 1850 1371 ἐχθὲς
1866 1325 1996 1372 ἔφαγον
2012 1324 2173 1371 κάρδαμα-

1395 1378 1428 1413 τί
1447 1378 1675 1424 καρδαμίζειςς
1706 1378 1746 1413 οὗ
1762 1378 1875 1420 βαδιεῖ
1888 1376 1977 1423 δεῦρ’
1997 1377 2040 1413 ὡς
2058 1376 2116 1421 ἐμέ
2127 1389 2137 1417 3

1397 1430 1430 1464 τί
1447 1431 1530 1475 δῆτά
1546 1429 1580 1475 μ’
1599 1429 1712 1468 ἕλκεις
1730 1429 1964 1470 ἀσθενοῦσαν;

1296 1384 1365 1412 ΚΛ.

1295 1435 1376 1464 ΜΝ.

1295 1488 1366 1517 ΚΛ.

1398 1535 1447 1571 τίς
1463 1533 1537 1570 ἔστ’
1556 1533 1638 1581 ἀνήρ
1657 1547 1737 1575 σοις

1296 1592 1376 1621 ΜΝ.

1986 1479 2060 1517 εἶπέ
2074 1494 2144 1526 μοι,

1791 1587 1850 1622 τὸν
1866 1586 1947 1631 ἐμὸν
1964 1585 2066 1632 ἄνδρα
2082 1584 2259 1625 πυνθάνειῖ

1398 1640 1455 1674 τὸν
1472 1640 1562 1674 δεῖνα
1580 1640 1790 1686 γιγνώσκεις,
1809 1640 1868 1674 τὸν
1885 1639 1921 1673 ἐκ
1940 1638 2138 1676 Κοθωκιδῶν
2151 1651 2162 1678 ;

1399 1693 1456 1726 τὸν
1474 1692 1585 1731 δεῖνα;
1614 1693 1732 1732 ποῖον;

1741 1742 1820 1779 ἔσθ’
1839 1745 1858 1778 ὁ
1875 1742 1965 1784 δεῖν’,
1985 1741 2022 1780 ὃς
2038 1741 2093 1781 καί
2109 1755 2191 1778 ποτε

1401 1797 1459 1831 τὸν
1477 1796 1566 1831 δεῖνα
1583 1797 1641 1831 τὸν
1658 1798 1718 1831 τοῦ
1736 1796 1825 1831 δεῖνα

1297 1853 1368 1883 ΚΛ.
1850 1849 1966 1894 ληρεῖν
1982 1861 2040 1892 μοι
2057 1847 2176 1884 δοκεῖς.

1400 1900 1541 1945 ἀνῆλθες
1558 1901 1619 1945 ἤδη
1637 1901 1735 1946 δεῦρο
1753 1902 1936 1947 πρότερον;

1300 1958 1379 1988 ΜΝ.
1999 1951 2037 1997 νὴ
2057 1952 2132 1991 Δία,

1397 2003 1498 2048 ὁσέτη
1516 2019 1568 2051 γε.
1624 2010 1694 2040 ΚΛ.
1724 2006 1777 2040 καὶ
1794 2006 1844 2042 τίς
1861 2005 1985 2040 σούστὶ
2004 2004 2228 2052 συσκηνήτρια
2241 2000 2254 2045 μ;

1295 2061 1377 2090 MN.
1396 2055 1415 2099 ἡ
1435 2056 1511 2091 δεῖν’
1530 2056 1647 2103 ἔμοιγ’.
1675 2055 1765 2102 οἴμοι
1782 2057 1898 2094 τάλας.
2264 2060 2325 2102 635

1295 2112 1366 2143 ΚΛ.
1986 2109 2083 2144 οὐδὲν
2098 2108 2210 2153 λέγεις

1294 2165 1357 2194 ΓΥ.
1376 2165 1415 2194 E.
1444 2159 1573 2195 ἄπελθ’.
1603 2160 1668 2206 ἐγὼ
1685 2161 1751 2207 γὰρ
1767 2163 1920 2202 βασανιῶ
1938 2161 2059 2206 ταύτην
2076 2163 2185 2198 καλῶς

1396 2211 1431 2244 ἐκ
1449 2214 1515 2245 τῶν
1534 2212 1630 2258 ἱερῶν
1646 2215 1712 2247 τῶν
1728 2214 1863 2259 πέρυσι·
1893 2213 1938 2247 σὺ
1955 2212 1984 2247 δ’
2003 2213 2171 2256 ἀπόστηθί
2187 2226 2256 2257 μοι,
2279 2238 2282 2239 ⁷

1396 2259 1449 2297 ἵνα
1465 2263 1509 2307 μὴ
1527 2263 1712 2308 ’πακούσῃς
1730 2265 1775 2299 ὢν
1792 2263 1885 2310 ἀνήρ.
1915 2264 1960 2299 σὺ
1977 2263 2007 2299 δ’
2025 2264 2099 2299 εἶπέ
2113 2279 2170 2309 μοι

1394 2314 1413 2348 ὅ
1430 2329 1462 2348 τι
1479 2319 1611 2361 πρῶτον
1628 2315 1704 2360 ἡμῖν
1720 2320 1786 2351 τῶν
1805 2317 1900 2362 ἷερῶν
1917 2317 2095 2351 ἐδείκνυτο.

1293 2371 1371 2400 ΜΝ.
1401 2366 1477 2413 φέρ’
1495 2366 1567 2407 ἴδω,
1587 2368 1620 2403 τί
1636 2368 1749 2412 μέντοι
1765 2371 1897 2415 πρῶτον
1914 2367 1954 2412 ἦν
1965 2381 1975 2409 ;
2004 2369 2169 2414 ἐπίνομεν.
2262 2373 2324 2414 630

1293 2424 1356 2459 ΓΥ.
1378 2424 1418 2453 Ε.
1448 2420 1481 2454 τί
1499 2420 1535 2454 δὲ
1552 2421 1634 2465 μετὰ
1652 2423 1751 2456 τοῦτο
1770 2419 1947 2466 δεύτερον;
1986 2426 2066 2456 ΜΝ.
2085 2421 2321 2467 προύπίνομεν.

1291 2476 1354 2504 ΓΥ.
1375 2476 1413 2505 Ε.
1442 2473 1536 2507 ταυτὶ
1552 2473 1612 2517 μὲν
1629 2474 1776 2517 ἤκουσάς
1793 2482 1892 2509 τινος“
1921 2473 1955 2507 τί
1971 2473 2026 2508 δαὶ
2043 2473 2180 2520 τρίτον;

1291 2528 1371 2557 ΜΝ.
1392 2524 1539 2569 σκάφιον
1557 2525 1698 2560 Ξένυλλ’
1716 2524 1852 2570 ᾔτησεν·
1881 2525 1920 2560 οὗ
1937 2525 2002 2571 γὰρ
2019 2523 2060 2569 ἦν
2075 2525 2165 2570 ἀμίς.

1289 2580 1352 2609 ΓΥ.
1373 2581 1413 2610 Ε.
1442 2577 1540 2611 οὐδὲν
1554 2576 1676 2624 λέγεις.
1705 2575 1794 2623 δεῦρ’
1812 2577 1902 2617 ε’λθέ,
1921 2577 2023 2623 δεῦρ’,
2043 2577 2069 2613 ὦ
2087 2577 2301 2619 Κλείσθενες·

1392 2625 1441 2662 ὅδ’
1459 2628 1553 2664 ἐστὶν
1569 2628 1651 2676 ἁνὴρ
1669 2628 1707 2665 ὃν
1723 2629 1844 2676 λέγεις.
1899 2634 1971 2665 ΚΛ.
2001 2629 2034 2664 τί
2051 2628 2110 2667 οὖν
2125 2633 2234 2671 ποιῶς
2258 2635 2318 2676 635

1289 2684 1355 2714 ΓΥ.
1375 2685 1413 2714 Ε.
1442 2681 1614 2716 ἀπόδυσον
1630 2682 1740 2718 αὐτόν·
1770 2682 1866 2717 οὐδὲν
1879 2682 1970 2729 ὑγιὲς
1985 2683 2051 2729 γὰρ
2067 2682 2173 2729 λέγει.

1290 2737 1370 2767 ΜΝ.
1390 2732 1514 2768 κᾶπειτ’
1533 2733 1712 2770 ἀποδύσετ’
1731 2733 1823 2770 ἐννέα
1839 2735 1966 2769 παίδων
1981 2733 2127 2780 μητέρα;

1288 2789 1357 2818 ΚΛ.
1390 2786 1481 2830 χάλα
1499 2787 1625 2832 ταχέως
1642 2788 1681 2822 τὸ
1700 2787 1878 2833 στρόφιον,
1897 2785 2103 2832 ὦναίσχυντε
2119 2784 2179 2822 σύ.

2267 1640 2329 1673 620

1297 1695 1368 1726 KA.

1296 1748 1377 1779 MN.

1287 2841 1352 2870 ΓΥ.
1372 2842 1413 2872 Ε.
1442 2838 1487 2874 ὦς
1503 2839 1556 2873 καὶ
1575 2840 1722 2885 στιβαρά
1739 2853 1789 2874 τις
1807 2839 1960 2884 φαίνεται
1980 2839 2033 2875 καὶ
2049 2839 2203 2885 scapi-spei·
2353 2879 2359 2883 ‚

1389 2890 1441 2924 καὶ
1458 2890 1496 2934 νὴ
1514 2891 1557 2925 Δὶ
1575 2891 1707 2927 τιτθούς
1723 2890 1754 2933 ’γ’
1775 2891 1890 2937 ὥσπερ
1907 2890 2000 2934 ἡμεῖς
2017 2891 2076 2926 οὐκ
2092 2891 2176 2936 ἔχει.
2257 2895 2318 2936 640

1286 2945 1365 2976 ΜΝ.
1387 2942 1533 2987 στεριφὴ
1550 2944 1615 2989 γάρ
1633 2942 1700 2987 εἶμι
1716 2943 1796 2978 κούκ
1814 2942 1939 2987 ἐκύησα
1954 2944 2101 2979 πώποτε.

1285 2997 1348 3027 ΓΥ.
1369 2998 1409 3027 Ε.
1438 2996 1507 3029 νῦν·
1536 2997 1612 3029 τότε
1629 2996 1665 3030 δε
1682 2994 1790 3041 μήτηρ
1807 2993 1897 3038 ἦσθα
1913 2995 2076 3031 παίδων’
2057 2995 2160 3031 ‘mh-

1283 3049 1354 3079 KA.
1384 3045 1539 3080 ἀνίστασ
1558 3046 1669 3092 ὀρθός.
1696 3049 1757 3083 ποῖ
1771 3048 1810 3082 τὸ
1827 3047 1908 3084 πέος
1925 3047 2021 3084 ὠθεῖς
2037 3048 2149 3086 κάτωὶ

1282 3101 1347 3131 ΓΥ.
1367 3102 1408 3131 Ε.
1437 3098 1509 3133 τοδὶ
1527 3098 1668 3145 διέκυψε
1685 3100 1738 3134 καὶ
1755 3097 1834 3143 μάλ’
1854 3101 1994 3146 εὔχρων,
2012 3098 2039 3137 ὅ
2056 3100 2171 3136 τάλαν-

1282 3153 1352 3183 ΚΛ.
1382 3150 1435 3183 καὶ
1452 3152 1517 3185 ποῦ
1535 3152 1622 3186 ’στιν
1631 3164 1642 3191 ;
2250 3155 2312 3197 645

1281 3205 1345 3235 ΓΥ.
1363 3207 1403 3236 Ε.
1715 3202 1809 3240 αὖθις
1826 3203 1861 3240 ἐς
1877 3204 1916 3239 τὸ
1932 3203 2083 3250 πρόσθεν
2096 3201 2239 3249 οἴχεται.

1282 3257 1352 3287 ΚΛ.
1381 3253 1440 3288 οὐκ
1458 3253 1641 3300 ἐνγεταυθί.
1695 3261 1761 3291 ῙῪ.
1781 3261 1821 3290 Ε.
1849 3255 1965 3300 μάλλὰ
1982 3255 2070 3301 δεῦρ’
2088 3255 2158 3300 η’κι
2174 3257 2288 3292 πάλιν.

1279 3309 1350 3339 ΚΛ.
1381 3304 1503 3349 ἷσθμόν
1520 3306 1579 3341 τιν’
1598 3307 1699 3352 ἔχεις,
1719 3306 1881 3353 ὦνθρωπ’·
1908 3307 1976 3345 ἄνω
1992 3322 2030 3344 τε
2045 3307 2098 3344 καὶ
2117 3308 2205 3343 κάτω

1380 3358 1419 3391 τὸ
1436 3357 1515 3393 πέος
1532 3358 1678 3395 διέλκεις
1693 3360 1896 3405 πυκνότερον
1912 3359 2108 3406 Κφωθίων.

1277 3412 1339 3443 ΓΥ.
1360 3413 1400 3443 Ε.
1429 3408 1456 3443 ὦ
1472 3411 1589 3455 μιαρὸς
1606 3409 1715 3447 οὗτος·
1735 3408 1826 3447 ταῦτ’
1845 3409 1896 3457 ἄρ’
1916 3411 1999 3457 ὑπὲρ
2016 3408 2198 3458 Εὖριπίδοι·

1378 3458 1454 3504 ἡμῖν
1471 3461 1692 3508 ἐλοιδορεῖτο.

1275 3517 1356 3548 ΜΝ.
1719 3514 1961 3559 κακοδαίμον’
1939 3514 2020 3562 εγὼ,

1376 3563 1424 3600 εἷς
1441 3560 1488 3599 οἷ’
1508 3565 1649 3610 ἐμαυτὸν
1666 3565 1865 3603 εἰσεκύλισα
1880 3567 2068 3615 πράγματα.

2248 3466 2310 3510 650
