<?xml version="1.0" encoding="UTF-8"?>
<!DOCTYPE html PUBLIC "-//W3C//DTD XHTML 1.0 Transitional//EN"
    "http://www.w3.org/TR/xhtml1/DTD/xhtml1-transitional.dtd">
<html xmlns="http://www.w3.org/1999/xhtml" xml:lang="en" lang="en">
 <head>
  <title>
</title>
<meta http-equiv="Content-Type" content="text/html;charset=utf-8" />
  <meta name='ocr-system' content='tesseract 3.04.00' />
  <meta name='ocr-capabilities' content='ocr_page ocr_carea ocr_par ocr_line ocrx_word'/>
</head>
<body>
  <div class='ocr_page' id='page_1' title='image "./poetarumscenicor00dinduoft_0236.png"; bbox 0 0 2488 3860; ppageno 0'>
   <div class='ocr_carea' id='block_1_1' title="bbox 171 262 281 305">
    <p class='ocr_par' dir='ltr' id='par_1_1' title="bbox 171 262 281 305">
     <span class='ocr_line' id='line_1_1' title="bbox 171 262 281 305; baseline 0 -1"><span class='ocrx_word' id='word_1_1' title='bbox 171 275 173 278; x_wconf 58' lang='lat'><strong>⁴</strong></span> <span class='ocrx_word' id='word_1_2' title='bbox 200 262 281 305; x_wconf 72' lang='lat'>228</span> 
     </span>
    </p>
   </div>
   <div class='ocr_carea' id='block_1_2' title="bbox 203 1102 273 1133">
    <p class='ocr_par' dir='ltr' id='par_1_2' title="bbox 203 1102 273 1133">
     <span class='ocr_line' id='line_1_2' title="bbox 203 1102 273 1133; baseline 0.014 -1"><span class='ocrx_word' id='word_1_3' title='bbox 203 1102 273 1133; x_wconf 86' lang='lat' dir='ltr'>XO.</span> 
     </span>
    </p>
   </div>
   <div class='ocr_carea' id='block_1_3' title="bbox 205 1311 279 1341">
    <p class='ocr_par' dir='ltr' id='par_1_3' title="bbox 205 1311 279 1341">
     <span class='ocr_line' id='line_1_3' title="bbox 205 1311 279 1341; baseline 0 0"><span class='ocrx_word' id='word_1_4' title='bbox 205 1311 279 1341; x_wconf 98' lang='grc' dir='ltr'>ΔΗ.</span> 
     </span>
    </p>
   </div>
   <div class='ocr_carea' id='block_1_4' title="bbox 213 2200 293 3327">
    <p class='ocr_par' dir='ltr' id='par_1_4' title="bbox 213 2200 293 3223">
     <span class='ocr_line' id='line_1_4' title="bbox 213 2200 284 2229; baseline -0.014 0"><span class='ocrx_word' id='word_1_5' title='bbox 213 2200 284 2229; x_wconf 85' lang='grc' dir='ltr'>ΚΟ.</span> 
     </span>
     <span class='ocr_line' id='line_1_5' title="bbox 214 2253 286 2281; baseline -0.014 0"><span class='ocrx_word' id='word_1_6' title='bbox 214 2253 286 2281; x_wconf 89' lang='grc' dir='ltr'>ΔΗ.</span> 
     </span>
     <span class='ocr_line' id='line_1_6' title="bbox 215 2305 285 2334; baseline 0.014 -1"><span class='ocrx_word' id='word_1_7' title='bbox 215 2305 285 2334; x_wconf 88' lang='grc' dir='ltr'>ΚΟ.</span> 
     </span>
     <span class='ocr_line' id='line_1_7' title="bbox 214 2357 288 2386; baseline 0.014 -1"><span class='ocrx_word' id='word_1_8' title='bbox 214 2357 288 2386; x_wconf 85' lang='grc' dir='ltr'>ΔΗ.</span> 
     </span>
     <span class='ocr_line' id='line_1_8' title="bbox 215 2409 282 2438; baseline 0.015 -1"><span class='ocrx_word' id='word_1_9' title='bbox 215 2409 282 2438; x_wconf 95' lang='grc' dir='ltr'>ΚΟ.</span> 
     </span>
     <span class='ocr_line' id='line_1_9' title="bbox 215 2461 288 2491; baseline 0.014 -1"><span class='ocrx_word' id='word_1_10' title='bbox 215 2461 288 2491; x_wconf 88' lang='grc' dir='ltr'>ΔΗ.</span> 
     </span>
     <span class='ocr_line' id='line_1_10' title="bbox 216 2514 284 2543; baseline 0 0"><span class='ocrx_word' id='word_1_11' title='bbox 216 2514 284 2543; x_wconf 84' lang='grc' dir='ltr'>ΚΟ.</span> 
     </span>
     <span class='ocr_line' id='line_1_11' title="bbox 215 2566 290 2596; baseline 0 -1"><span class='ocrx_word' id='word_1_12' title='bbox 215 2566 290 2596; x_wconf 90' lang='grc' dir='ltr'>ΔΗ.</span> 
     </span>
     <span class='ocr_line' id='line_1_12' title="bbox 216 2619 284 2648; baseline 0.015 -1"><span class='ocrx_word' id='word_1_13' title='bbox 216 2619 284 2648; x_wconf 89' lang='grc' dir='ltr'>ΚΟ.</span> 
     </span>
     <span class='ocr_line' id='line_1_13' title="bbox 216 2671 292 2700; baseline 0 0"><span class='ocrx_word' id='word_1_14' title='bbox 216 2671 292 2700; x_wconf 89' lang='grc' dir='ltr'>ΔΗ.</span> 
     </span>
     <span class='ocr_line' id='line_1_14' title="bbox 217 2724 284 2752; baseline 0 0"><span class='ocrx_word' id='word_1_15' title='bbox 217 2724 284 2752; x_wconf 86' lang='grc' dir='ltr'>ΚΟ.</span> 
     </span>
     <span class='ocr_line' id='line_1_15' title="bbox 217 2776 290 2805; baseline 0.014 -1"><span class='ocrx_word' id='word_1_16' title='bbox 217 2776 290 2805; x_wconf 88' lang='grc' dir='ltr'>ΔΗ.</span> 
     </span>
     <span class='ocr_line' id='line_1_16' title="bbox 218 2828 286 2857; baseline 0.015 -1"><span class='ocrx_word' id='word_1_17' title='bbox 218 2828 286 2857; x_wconf 89' lang='grc' dir='ltr'>ΚΟ.</span> 
     </span>
     <span class='ocr_line' id='line_1_17' title="bbox 218 2881 291 2909; baseline 0.014 -1"><span class='ocrx_word' id='word_1_18' title='bbox 218 2881 291 2909; x_wconf 91' lang='grc' dir='ltr'>ΔΗ.</span> 
     </span>
     <span class='ocr_line' id='line_1_18' title="bbox 219 2932 288 2962; baseline 0 -1"><span class='ocrx_word' id='word_1_19' title='bbox 219 2932 288 2962; x_wconf 87' lang='grc' dir='ltr'>ΚΟ.</span> 
     </span>
     <span class='ocr_line' id='line_1_19' title="bbox 219 2985 292 3014; baseline 0.014 -1"><span class='ocrx_word' id='word_1_20' title='bbox 219 2985 292 3014; x_wconf 92' lang='grc' dir='ltr'>ΔΗ.</span> 
     </span>
     <span class='ocr_line' id='line_1_20' title="bbox 219 3036 289 3067; baseline 0.029 -2"><span class='ocrx_word' id='word_1_21' title='bbox 219 3036 289 3067; x_wconf 89' lang='grc' dir='ltr'><strong>ΚΟ.</strong></span> 
     </span>
     <span class='ocr_line' id='line_1_21' title="bbox 219 3090 293 3119; baseline 0.027 -2"><span class='ocrx_word' id='word_1_22' title='bbox 219 3090 293 3119; x_wconf 88' lang='grc' dir='ltr'><strong>ΔΗ.</strong></span> 
     </span>
     <span class='ocr_line' id='line_1_22' title="bbox 218 3140 289 3171; baseline 0 -1"><span class='ocrx_word' id='word_1_23' title='bbox 218 3140 289 3171; x_wconf 88' lang='grc' dir='ltr'>ΧΟ.</span> 
     </span>
     <span class='ocr_line' id='line_1_23' title="bbox 220 3194 282 3223; baseline 0.016 -1"><span class='ocrx_word' id='word_1_24' title='bbox 220 3194 282 3223; x_wconf 90' lang='grc' dir='ltr'><strong>ΔΗ</strong></span> 
     </span>
    </p>

    <p class='ocr_par' dir='ltr' id='par_1_5' title="bbox 221 3246 291 3327">
     <span class='ocr_line' id='line_1_24' title="bbox 221 3246 291 3275; baseline 0 0"><span class='ocrx_word' id='word_1_25' title='bbox 221 3246 291 3275; x_wconf 80' lang='lat' dir='ltr'>XO.</span> 
     </span>
     <span class='ocr_line' id='line_1_25' title="bbox 224 3298 291 3327; baseline 0 0"><span class='ocrx_word' id='word_1_26' title='bbox 224 3298 291 3327; x_wconf 87' lang='grc' dir='ltr'><strong>ΚΟ.</strong></span> 
     </span>
    </p>
   </div>
   <div class='ocr_carea' id='block_1_5' title="bbox 1095 263 1427 304">
    <p class='ocr_par' dir='ltr' id='par_1_6' title="bbox 1095 263 1427 304">
     <span class='ocr_line' id='line_1_26' title="bbox 1095 263 1427 304; baseline 0.003 -1"><span class='ocrx_word' id='word_1_27' title='bbox 1095 263 1427 304; x_wconf 71' lang='grc' dir='ltr'><strong>ΕΥΡΙΠΙΔΟΥ</strong></span> 
     </span>
    </p>
   </div>
   <div class='ocr_carea' id='block_1_6' title="bbox 296 363 1242 3598">
    <p class='ocr_par' dir='ltr' id='par_1_7' title="bbox 296 363 1085 570">
     <span class='ocr_line' id='line_1_27' title="bbox 296 363 979 414; baseline 0.003 -14"><span class='ocrx_word' id='word_1_28' title='bbox 296 363 415 401; x_wconf 72' lang='grc' dir='ltr'>’Ἃιδου</span> <span class='ocrx_word' id='word_1_29' title='bbox 433 364 461 400; x_wconf 89' lang='grc' dir='ltr'>τ’</span> <span class='ocrx_word' id='word_1_30' title='bbox 482 365 626 412; x_wconf 89' lang='grc' dir='ltr'>ἐρεμνῶν</span> <span class='ocrx_word' id='word_1_31' title='bbox 645 364 847 414; x_wconf 78' lang='grc' dir='ltr'>ἐξανήγαγεν</span> <span class='ocrx_word' id='word_1_32' title='bbox 863 371 979 414; x_wconf 81' lang='grc' dir='ltr'>μυχῶν</span> 
     </span>
     <span class='ocr_line' id='line_1_28' title="bbox 301 417 1085 467; baseline 0 -13"><span class='ocrx_word' id='word_1_33' title='bbox 301 418 428 464; x_wconf 82' lang='grc' dir='ltr'>πατέρα</span> <span class='ocrx_word' id='word_1_34' title='bbox 446 419 519 453; x_wconf 88' lang='grc' dir='ltr'>σόν·</span> <span class='ocrx_word' id='word_1_35' title='bbox 545 417 672 454; x_wconf 78' lang='grc' dir='ltr'>Ἑλλὰς</span> <span class='ocrx_word' id='word_1_36' title='bbox 688 420 784 454; x_wconf 81' lang='grc' dir='ltr'>πᾶσα</span> <span class='ocrx_word' id='word_1_37' title='bbox 801 422 899 454; x_wconf 89' lang='grc' dir='ltr'>τοῦτο</span> <span class='ocrx_word' id='word_1_38' title='bbox 917 421 1085 467; x_wconf 89' lang='grc' dir='ltr'>μαρτυρεῖ.</span> 
     </span>
     <span class='ocr_line' id='line_1_29' title="bbox 304 467 1037 519; baseline 0.003 -14"><span class='ocrx_word' id='word_1_39' title='bbox 304 471 350 505; x_wconf 78' lang='grc' dir='ltr'>ῶν</span> <span class='ocrx_word' id='word_1_40' title='bbox 367 470 553 505; x_wconf 87' lang='grc' dir='ltr'>ἀντιδοῦναί</span> <span class='ocrx_word' id='word_1_41' title='bbox 572 469 605 505; x_wconf 84' lang='grc' dir='ltr'>σ’</span> <span class='ocrx_word' id='word_1_42' title='bbox 625 467 688 505; x_wconf 81' lang='grc' dir='ltr'>οἵδ’</span> <span class='ocrx_word' id='word_1_43' title='bbox 709 470 909 507; x_wconf 82' lang='grc' dir='ltr'>ἀπαιτοῦσιν</span> <span class='ocrx_word' id='word_1_44' title='bbox 925 474 1037 519; x_wconf 84' lang='grc' dir='ltr'>χάριν,</span> 
     </span>
     <span class='ocr_line' id='line_1_30' title="bbox 302 521 972 570; baseline 0.004 -14"><span class='ocrx_word' id='word_1_45' title='bbox 302 522 377 568; x_wconf 82' lang='grc' dir='ltr'>μήτ’</span> <span class='ocrx_word' id='word_1_46' title='bbox 397 521 571 566; x_wconf 84' lang='grc' dir='ltr'>ἐκδοθῆναι</span> <span class='ocrx_word' id='word_1_47' title='bbox 587 521 671 568; x_wconf 84' lang='grc' dir='ltr'>μήτε</span> <span class='ocrx_word' id='word_1_48' title='bbox 687 523 771 570; x_wconf 87' lang='grc' dir='ltr'>πρὸς</span> <span class='ocrx_word' id='word_1_49' title='bbox 787 523 869 565; x_wconf 78' lang='grc' dir='ltr'>’βίαν</span> <span class='ocrx_word' id='word_1_50' title='bbox 887 524 972 559; x_wconf 91' lang='grc' dir='ltr'>θεῶν</span> 
     </span>
    </p>

    <p class='ocr_par' dir='ltr' id='par_1_8' title="bbox 305 574 1204 726">
     <span class='ocr_line' id='line_1_31' title="bbox 305 574 1074 622; baseline 0.003 -13"><span class='ocrx_word' id='word_1_51' title='bbox 305 579 371 610; x_wconf 92' lang='grc' dir='ltr'>τῶν</span> <span class='ocrx_word' id='word_1_52' title='bbox 389 577 461 609; x_wconf 91' lang='grc' dir='ltr'>σῶν</span> <span class='ocrx_word' id='word_1_53' title='bbox 478 574 755 612; x_wconf 78' lang='grc' dir='ltr'>ἀποσπασθέντες</span> <span class='ocrx_word' id='word_1_54' title='bbox 771 577 925 611; x_wconf 82' lang='grc' dir='ltr'>ἐκπεσεῖν</span> <span class='ocrx_word' id='word_1_55' title='bbox 942 575 1074 622; x_wconf 91' lang='grc' dir='ltr'>χθονός.</span> 
     </span>
     <span class='ocr_line' id='line_1_32' title="bbox 307 623 1204 674; baseline 0.001 -12"><span class='ocrx_word' id='word_1_56' title='bbox 307 625 383 672; x_wconf 83' lang='grc' dir='ltr'>[σοὶ</span> <span class='ocrx_word' id='word_1_57' title='bbox 399 626 465 673; x_wconf 85' lang='grc' dir='ltr'>γὰρ</span> <span class='ocrx_word' id='word_1_58' title='bbox 483 623 554 662; x_wconf 85' lang='grc' dir='ltr'>τόδ’</span> <span class='ocrx_word' id='word_1_59' title='bbox 573 627 728 674; x_wconf 77' lang='grc' dir='ltr'>αἰσχρὸν,</span> <span class='ocrx_word' id='word_1_60' title='bbox 747 629 852 674; x_wconf 84' lang='grc' dir='ltr'>χωρὶς</span> <span class='ocrx_word' id='word_1_61' title='bbox 870 629 905 663; x_wconf 79' lang='grc' dir='ltr'>ἕν</span> <span class='ocrx_word' id='word_1_62' title='bbox 921 643 958 664; x_wconf 90' lang='grc' dir='ltr'>τε</span> <span class='ocrx_word' id='word_1_63' title='bbox 976 630 1075 664; x_wconf 88' lang='grc' dir='ltr'>πόλει</span> <span class='ocrx_word' id='word_1_64' title='bbox 1093 629 1204 670; x_wconf 89' lang='grc' dir='ltr'>κακὸν,</span> 
     </span>
     <span class='ocr_line' id='line_1_33' title="bbox 306 678 1005 726; baseline 0.001 -13"><span class='ocrx_word' id='word_1_65' title='bbox 306 680 414 714; x_wconf 77' lang='grc' dir='ltr'>ἱκέτας</span> <span class='ocrx_word' id='word_1_66' title='bbox 431 678 556 724; x_wconf 81' lang='grc' dir='ltr'>ἀλήτας</span> <span class='ocrx_word' id='word_1_67' title='bbox 575 681 760 726; x_wconf 79' lang='grc' dir='ltr'>συγγενεῖς,</span> <span class='ocrx_word' id='word_1_68' title='bbox 781 678 870 726; x_wconf 80' lang='grc' dir='ltr'>οἴμοι</span> <span class='ocrx_word' id='word_1_69' title='bbox 889 684 1005 722; x_wconf 84' lang='grc' dir='ltr'>κακῶν,</span> 
     </span>
    </p>

    <p class='ocr_par' dir='ltr' id='par_1_9' title="bbox 303 730 1238 832">
     <span class='ocr_line' id='line_1_34' title="bbox 303 730 1238 779; baseline 0.003 -14"><span class='ocrx_word' id='word_1_70' title='bbox 303 730 444 776; x_wconf 81' lang='grc' dir='ltr'>βλέψον</span> <span class='ocrx_word' id='word_1_71' title='bbox 459 733 544 778; x_wconf 88' lang='grc' dir='ltr'>πρὸς</span> <span class='ocrx_word' id='word_1_72' title='bbox 563 731 681 768; x_wconf 81' lang='grc' dir='ltr'>αὐτοὺς</span> <span class='ocrx_word' id='word_1_73' title='bbox 697 731 848 779; x_wconf 79' lang='grc' dir='ltr'>βλέψον,</span> <span class='ocrx_word' id='word_1_74' title='bbox 869 732 1035 768; x_wconf 83' lang='grc' dir='ltr'>ἕλκεσθαι</span> <span class='ocrx_word' id='word_1_75' title='bbox 1052 730 1145 779; x_wconf 82' lang='grc' dir='ltr'>βίᾳ.]</span> <span class='ocrx_word' id='word_1_76' title='bbox 1180 747 1218 768; x_wconf 81' lang='lat'>22</span> <span class='ocrx_word' id='word_1_77' title='bbox 1223 746 1238 777; x_wconf 85' lang='lat'>5</span> 
     </span>
     <span class='ocr_line' id='line_1_35' title="bbox 304 783 1054 832; baseline 0.003 -14"><span class='ocrx_word' id='word_1_78' title='bbox 304 783 383 818; x_wconf 88' lang='grc' dir='ltr'>ἀλλ’</span> <span class='ocrx_word' id='word_1_79' title='bbox 403 783 542 830; x_wconf 80' lang='grc' dir='ltr'>ἅντομαί</span> <span class='ocrx_word' id='word_1_80' title='bbox 561 799 614 825; x_wconf 91' lang='grc' dir='ltr'>σε,</span> <span class='ocrx_word' id='word_1_81' title='bbox 634 786 686 819; x_wconf 85' lang='grc' dir='ltr'>καὶ</span> <span class='ocrx_word' id='word_1_82' title='bbox 705 785 920 831; x_wconf 88' lang='grc' dir='ltr'>καταστέφω,</span> <span class='ocrx_word' id='word_1_83' title='bbox 938 787 1054 832; x_wconf 84' lang='grc' dir='ltr'>χεροῖν</span> 
     </span>
    </p>

    <p class='ocr_par' dir='ltr' id='par_1_10' title="bbox 305 836 976 884">
     <span class='ocr_line' id='line_1_36' title="bbox 305 836 976 884; baseline 0.006 -14"><span class='ocrx_word' id='word_1_84' title='bbox 305 837 360 871; x_wconf 72' lang='grc' dir='ltr'>καὶ</span> <span class='ocrx_word' id='word_1_85' title='bbox 377 836 462 882; x_wconf 84' lang='grc' dir='ltr'>πρὸς</span> <span class='ocrx_word' id='word_1_86' title='bbox 478 836 620 884; x_wconf 81' lang='grc' dir='ltr'>γενείου,</span> <span class='ocrx_word' id='word_1_87' title='bbox 639 837 797 882; x_wconf 83' lang='grc' dir='ltr'>μηδαμῶς</span> <span class='ocrx_word' id='word_1_88' title='bbox 810 836 976 882; x_wconf 80' lang='grc' dir='ltr'>ἀτιμάσῃς</span> 
     </span>
    </p>

    <p class='ocr_par' dir='ltr' id='par_1_11' title="bbox 303 887 1161 1146">
     <span class='ocr_line' id='line_1_37' title="bbox 305 887 1071 936; baseline 0.001 -13"><span class='ocrx_word' id='word_1_89' title='bbox 305 888 382 924; x_wconf 78' lang='grc' dir='ltr'>τοὺς</span> <span class='ocrx_word' id='word_1_90' title='bbox 399 887 619 935; x_wconf 83' lang='grc' dir='ltr'>Ἡρακλείους</span> <span class='ocrx_word' id='word_1_91' title='bbox 636 890 756 925; x_wconf 85' lang='grc' dir='ltr'>παῖδας</span> <span class='ocrx_word' id='word_1_92' title='bbox 776 891 809 925; x_wconf 87' lang='grc' dir='ltr'>ἐς</span> <span class='ocrx_word' id='word_1_93' title='bbox 826 889 928 936; x_wconf 90' lang='grc' dir='ltr'>χέρας</span> <span class='ocrx_word' id='word_1_94' title='bbox 945 891 1071 932; x_wconf 86' lang='grc' dir='ltr'>λαβών.</span> 
     </span>
     <span class='ocr_line' id='line_1_38' title="bbox 304 941 1046 988; baseline 0.004 -13"><span class='ocrx_word' id='word_1_95' title='bbox 304 942 404 987; x_wconf 84' lang='grc' dir='ltr'>γενοῦ</span> <span class='ocrx_word' id='word_1_96' title='bbox 423 941 459 975; x_wconf 86' lang='grc' dir='ltr'>δέ</span> <span class='ocrx_word' id='word_1_97' title='bbox 477 942 593 976; x_wconf 90' lang='grc' dir='ltr'>τοῖσδε</span> <span class='ocrx_word' id='word_1_98' title='bbox 613 942 788 988; x_wconf 88' lang='grc' dir='ltr'>συγγενὴς,</span> <span class='ocrx_word' id='word_1_99' title='bbox 807 945 907 988; x_wconf 83' lang='grc' dir='ltr'>γενοῦ</span> <span class='ocrx_word' id='word_1_100' title='bbox 925 943 1046 988; x_wconf 84' lang='grc' dir='ltr'>φίλος,</span> 
     </span>
     <span class='ocr_line' id='line_1_39' title="bbox 304 993 1043 1041; baseline 0.001 -13"><span class='ocrx_word' id='word_1_101' title='bbox 304 993 424 1039; x_wconf 88' lang='grc' dir='ltr'>πατὴρ,</span> <span class='ocrx_word' id='word_1_102' title='bbox 444 993 604 1039; x_wconf 86' lang='grc' dir='ltr'>ἀδελφὸς,</span> <span class='ocrx_word' id='word_1_103' title='bbox 626 994 802 1038; x_wconf 84' lang='grc' dir='ltr'>δεσπότης·</span> <span class='ocrx_word' id='word_1_104' title='bbox 831 994 959 1029; x_wconf 82' lang='grc' dir='ltr'>ἅπαντα</span> <span class='ocrx_word' id='word_1_105' title='bbox 976 995 1043 1041; x_wconf 80' lang='grc' dir='ltr'>γὰρ</span> 
     </span>
     <span class='ocr_line' id='line_1_40' title="bbox 304 1043 1161 1093; baseline 0.002 -14"><span class='ocrx_word' id='word_1_106' title='bbox 304 1043 398 1079; x_wconf 85' lang='grc' dir='ltr'>ταῦτ’</span> <span class='ocrx_word' id='word_1_107' title='bbox 418 1046 492 1080; x_wconf 87' lang='grc' dir='ltr'>ἐστὶ</span> <span class='ocrx_word' id='word_1_108' title='bbox 511 1047 659 1092; x_wconf 82' lang='grc' dir='ltr'>κρείσσω</span> <span class='ocrx_word' id='word_1_109' title='bbox 677 1046 767 1091; x_wconf 86' lang='grc' dir='ltr'>πλὴν</span> <span class='ocrx_word' id='word_1_110' title='bbox 780 1045 836 1081; x_wconf 79' lang='grc' dir='ltr'>ὑπ’</span> <span class='ocrx_word' id='word_1_111' title='bbox 855 1046 1021 1093; x_wconf 83' lang='grc' dir='ltr'>Ἀργείοις</span> <span class='ocrx_word' id='word_1_112' title='bbox 1033 1048 1161 1082; x_wconf 85' lang='grc' dir='ltr'>πεσεῖν.</span> 
     </span>
     <span class='ocr_line' id='line_1_41' title="bbox 303 1096 1058 1146; baseline 0.003 -15"><span class='ocrx_word' id='word_1_113' title='bbox 303 1096 429 1146; x_wconf 81' lang='grc' dir='ltr'>ᾤκτειρ’</span> <span class='ocrx_word' id='word_1_114' title='bbox 449 1097 594 1134; x_wconf 86' lang='grc' dir='ltr'>ἀκούσας</span> <span class='ocrx_word' id='word_1_115' title='bbox 611 1096 733 1133; x_wconf 83' lang='grc' dir='ltr'>τούσδε</span> <span class='ocrx_word' id='word_1_116' title='bbox 754 1099 946 1145; x_wconf 85' lang='grc' dir='ltr'>συμφορᾶς,</span> <span class='ocrx_word' id='word_1_117' title='bbox 965 1098 1058 1142; x_wconf 77' lang='grc' dir='ltr'>ἅναξ.</span> 
     </span>
    </p>

    <p class='ocr_par' dir='ltr' id='par_1_12' title="bbox 304 1149 986 1197">
     <span class='ocr_line' id='line_1_42' title="bbox 304 1149 986 1197; baseline 0.001 -13"><span class='ocrx_word' id='word_1_118' title='bbox 304 1149 364 1194; x_wconf 87' lang='grc' dir='ltr'>τὴν</span> <span class='ocrx_word' id='word_1_119' title='bbox 382 1150 410 1184; x_wconf 85' lang='grc' dir='ltr'>δ’</span> <span class='ocrx_word' id='word_1_120' title='bbox 430 1150 596 1197; x_wconf 81' lang='grc' dir='ltr'>εὐγένειαν</span> <span class='ocrx_word' id='word_1_121' title='bbox 613 1152 671 1193; x_wconf 83' lang='grc' dir='ltr'>τῆς</span> <span class='ocrx_word' id='word_1_122' title='bbox 688 1150 791 1196; x_wconf 81' lang='grc' dir='ltr'>τύχης</span> <span class='ocrx_word' id='word_1_123' title='bbox 809 1151 986 1195; x_wconf 81' lang='grc' dir='ltr'>νικωμένην</span> 
     </span>
    </p>

    <p class='ocr_par' dir='ltr' id='par_1_13' title="bbox 306 1200 1063 1405">
     <span class='ocr_line' id='line_1_43' title="bbox 306 1200 1063 1250; baseline 0.001 -13"><span class='ocrx_word' id='word_1_124' title='bbox 306 1205 363 1237; x_wconf 88' lang='grc' dir='ltr'>νῦν</span> <span class='ocrx_word' id='word_1_125' title='bbox 381 1202 420 1247; x_wconf 90' lang='grc' dir='ltr'>δὴ</span> <span class='ocrx_word' id='word_1_126' title='bbox 438 1201 578 1248; x_wconf 88' lang='grc' dir='ltr'>μάλιστ’</span> <span class='ocrx_word' id='word_1_127' title='bbox 599 1203 741 1237; x_wconf 84' lang='grc' dir='ltr'>ἐσεῖδον·</span> <span class='ocrx_word' id='word_1_128' title='bbox 770 1200 838 1237; x_wconf 76' lang='grc' dir='ltr'>οἵδε</span> <span class='ocrx_word' id='word_1_129' title='bbox 855 1204 921 1249; x_wconf 86' lang='grc' dir='ltr'>γὰρ</span> <span class='ocrx_word' id='word_1_130' title='bbox 938 1204 1063 1250; x_wconf 89' lang='grc' dir='ltr'>πατρὸς</span> 
     </span>
     <span class='ocr_line' id='line_1_44' title="bbox 308 1254 996 1301; baseline 0 -12"><span class='ocrx_word' id='word_1_131' title='bbox 308 1254 435 1290; x_wconf 81' lang='grc' dir='ltr'>ἐσθλοῦ</span> <span class='ocrx_word' id='word_1_132' title='bbox 452 1259 596 1301; x_wconf 84' lang='grc' dir='ltr'>γεγῶτες</span> <span class='ocrx_word' id='word_1_133' title='bbox 615 1254 823 1300; x_wconf 89' lang='grc' dir='ltr'>δυστυχοῦσ’</span> <span class='ocrx_word' id='word_1_134' title='bbox 843 1255 996 1299; x_wconf 78' lang='grc' dir='ltr'>ἀναξίως.</span> 
     </span>
     <span class='ocr_line' id='line_1_45' title="bbox 308 1307 1045 1354; baseline 0.001 -13"><span class='ocrx_word' id='word_1_135' title='bbox 308 1307 450 1354; x_wconf 90' lang='grc' dir='ltr'>τρισσαί</span> <span class='ocrx_word' id='word_1_136' title='bbox 467 1308 500 1352; x_wconf 92' lang='grc' dir='ltr'>μ’</span> <span class='ocrx_word' id='word_1_137' title='bbox 521 1307 744 1354; x_wconf 80' lang='grc' dir='ltr'>ἀναγκάζουσι</span> <span class='ocrx_word' id='word_1_138' title='bbox 763 1309 942 1353; x_wconf 79' lang='grc' dir='ltr'>συμφορᾶς</span> <span class='ocrx_word' id='word_1_139' title='bbox 961 1308 1045 1348; x_wconf 81' lang='grc' dir='ltr'>ὁδοὶ,</span> 
     </span>
     <span class='ocr_line' id='line_1_46' title="bbox 306 1358 1021 1405; baseline 0.001 -11"><span class='ocrx_word' id='word_1_140' title='bbox 306 1360 432 1404; x_wconf 86' lang='grc' dir='ltr'>Ἰόλαε,</span> <span class='ocrx_word' id='word_1_141' title='bbox 451 1358 572 1394; x_wconf 83' lang='grc' dir='ltr'>τούσδε</span> <span class='ocrx_word' id='word_1_142' title='bbox 590 1360 634 1404; x_wconf 85' lang='grc' dir='ltr'>μὴ</span> <span class='ocrx_word' id='word_1_143' title='bbox 653 1359 878 1405; x_wconf 82' lang='grc' dir='ltr'>παρώσασθαι</span> <span class='ocrx_word' id='word_1_144' title='bbox 897 1359 1021 1403; x_wconf 82' lang='grc' dir='ltr'>ξένους·</span> 
     </span>
    </p>

    <p class='ocr_par' dir='ltr' id='par_1_14' title="bbox 307 1410 1055 1511">
     <span class='ocr_line' id='line_1_47' title="bbox 307 1410 1055 1458; baseline 0 -11"><span class='ocrx_word' id='word_1_145' title='bbox 307 1413 345 1447; x_wconf 84' lang='grc' dir='ltr'>τὸ</span> <span class='ocrx_word' id='word_1_146' title='bbox 364 1412 424 1457; x_wconf 83' lang='grc' dir='ltr'>μὲν</span> <span class='ocrx_word' id='word_1_147' title='bbox 440 1411 600 1458; x_wconf 88' lang='grc' dir='ltr'>μέγιστον</span> <span class='ocrx_word' id='word_1_148' title='bbox 618 1411 709 1454; x_wconf 71' lang='grc' dir='ltr'>Ζεὺς,</span> <span class='ocrx_word' id='word_1_149' title='bbox 729 1410 785 1457; x_wconf 80' lang='grc' dir='ltr'>ἐφ’</span> <span class='ocrx_word' id='word_1_150' title='bbox 805 1411 844 1446; x_wconf 86' lang='grc' dir='ltr'>οὗ</span> <span class='ocrx_word' id='word_1_151' title='bbox 863 1411 908 1446; x_wconf 87' lang='grc' dir='ltr'>σὺ</span> <span class='ocrx_word' id='word_1_152' title='bbox 926 1413 1055 1456; x_wconf 85' lang='grc' dir='ltr'>βώμιος</span> 
     </span>
     <span class='ocr_line' id='line_1_48' title="bbox 309 1462 1012 1511; baseline -0.003 -12"><span class='ocrx_word' id='word_1_153' title='bbox 309 1465 418 1500; x_wconf 91' lang='grc' dir='ltr'>θακεῖς</span> <span class='ocrx_word' id='word_1_154' title='bbox 436 1466 588 1499; x_wconf 90' lang='grc' dir='ltr'>νεοσσῶν</span> <span class='ocrx_word' id='word_1_155' title='bbox 605 1462 694 1507; x_wconf 82' lang='grc' dir='ltr'>τήνδ’</span> <span class='ocrx_word' id='word_1_156' title='bbox 715 1463 802 1508; x_wconf 80' lang='grc' dir='ltr'>ἔχων</span> <span class='ocrx_word' id='word_1_157' title='bbox 818 1463 1012 1511; x_wconf 80' lang='grc' dir='ltr'>πανήγυριν,</span> 
     </span>
    </p>

    <p class='ocr_par' dir='ltr' id='par_1_15' title="bbox 307 1515 1135 1719">
     <span class='ocr_line' id='line_1_49' title="bbox 307 1515 1078 1563; baseline 0.001 -12"><span class='ocrx_word' id='word_1_158' title='bbox 307 1518 346 1552; x_wconf 87' lang='grc' dir='ltr'>τὸ</span> <span class='ocrx_word' id='word_1_159' title='bbox 365 1515 525 1563; x_wconf 89' lang='grc' dir='ltr'>συγγενές</span> <span class='ocrx_word' id='word_1_160' title='bbox 542 1530 579 1550; x_wconf 90' lang='grc' dir='ltr'>τε</span> <span class='ocrx_word' id='word_1_161' title='bbox 597 1517 650 1550; x_wconf 88' lang='grc' dir='ltr'>καὶ</span> <span class='ocrx_word' id='word_1_162' title='bbox 668 1517 706 1550; x_wconf 87' lang='grc' dir='ltr'>τὸ</span> <span class='ocrx_word' id='word_1_163' title='bbox 724 1515 951 1562; x_wconf 82' lang='grc' dir='ltr'>προύφείλειν</span> <span class='ocrx_word' id='word_1_164' title='bbox 969 1518 1078 1552; x_wconf 89' lang='grc' dir='ltr'>καλῶς</span> 
     </span>
     <span class='ocr_line' id='line_1_50' title="bbox 308 1566 1117 1617; baseline -0.001 -13"><span class='ocrx_word' id='word_1_165' title='bbox 308 1569 478 1615; x_wconf 88' lang='grc' dir='ltr'>πράσσειν</span> <span class='ocrx_word' id='word_1_166' title='bbox 493 1567 571 1614; x_wconf 85' lang='grc' dir='ltr'>παρ’</span> <span class='ocrx_word' id='word_1_167' title='bbox 590 1567 681 1612; x_wconf 89' lang='grc' dir='ltr'>ἡμῶν</span> <span class='ocrx_word' id='word_1_168' title='bbox 697 1566 821 1603; x_wconf 84' lang='grc' dir='ltr'>τούσδε</span> <span class='ocrx_word' id='word_1_169' title='bbox 838 1568 993 1617; x_wconf 81' lang='grc' dir='ltr'>πατρῴαν</span> <span class='ocrx_word' id='word_1_170' title='bbox 1009 1570 1117 1615; x_wconf 85' lang='grc' dir='ltr'>χάριν,</span> 
     </span>
     <span class='ocr_line' id='line_1_51' title="bbox 308 1620 1135 1667; baseline 0.001 -12"><span class='ocrx_word' id='word_1_171' title='bbox 308 1623 347 1655; x_wconf 89' lang='grc' dir='ltr'>τό</span> <span class='ocrx_word' id='word_1_172' title='bbox 365 1620 392 1655; x_wconf 86' lang='grc' dir='ltr'>τ’</span> <span class='ocrx_word' id='word_1_173' title='bbox 412 1620 565 1666; x_wconf 76' lang='grc' dir='ltr'>αἰσχρὸν,</span> <span class='ocrx_word' id='word_1_174' title='bbox 583 1620 685 1667; x_wconf 78' lang='grc' dir='ltr'>οὗπερ</span> <span class='ocrx_word' id='word_1_175' title='bbox 705 1620 755 1655; x_wconf 87' lang='grc' dir='ltr'>δεῖ</span> <span class='ocrx_word' id='word_1_176' title='bbox 771 1621 925 1666; x_wconf 89' lang='grc' dir='ltr'>μάλιστα</span> <span class='ocrx_word' id='word_1_177' title='bbox 942 1621 1135 1667; x_wconf 84' lang='grc' dir='ltr'>φροντίσαι·</span> 
     </span>
     <span class='ocr_line' id='line_1_52' title="bbox 310 1672 965 1719; baseline 0 -12"><span class='ocrx_word' id='word_1_178' title='bbox 310 1673 339 1707; x_wconf 85' lang='grc' dir='ltr'>εἶ</span> <span class='ocrx_word' id='word_1_179' title='bbox 356 1673 421 1719; x_wconf 86' lang='grc' dir='ltr'>γὰρ</span> <span class='ocrx_word' id='word_1_180' title='bbox 439 1687 580 1719; x_wconf 86' lang='grc' dir='ltr'>παρησω</span> <span class='ocrx_word' id='word_1_181' title='bbox 598 1673 692 1708; x_wconf 90' lang='grc' dir='ltr'>τόνδε</span> <span class='ocrx_word' id='word_1_182' title='bbox 715 1672 887 1708; x_wconf 86' lang='grc' dir='ltr'>συλᾶσθαι</span> <span class='ocrx_word' id='word_1_183' title='bbox 905 1673 965 1718; x_wconf 85' lang='grc' dir='ltr'>βίᾳ</span> 
     </span>
    </p>

    <p class='ocr_par' dir='ltr' id='par_1_16' title="bbox 310 1724 1063 1826">
     <span class='ocr_line' id='line_1_53' title="bbox 310 1724 1063 1772; baseline 0.004 -14"><span class='ocrx_word' id='word_1_184' title='bbox 310 1724 406 1768; x_wconf 81' lang='grc' dir='ltr'>ξένου</span> <span class='ocrx_word' id='word_1_185' title='bbox 422 1727 507 1771; x_wconf 87' lang='grc' dir='ltr'>πρὸς</span> <span class='ocrx_word' id='word_1_186' title='bbox 524 1724 642 1772; x_wconf 86' lang='grc' dir='ltr'>ἀνδρὸς</span> <span class='ocrx_word' id='word_1_187' title='bbox 659 1726 786 1770; x_wconf 87' lang='grc' dir='ltr'>βωμὸν,</span> <span class='ocrx_word' id='word_1_188' title='bbox 805 1725 863 1759; x_wconf 81' lang='grc' dir='ltr'>οὐκ</span> <span class='ocrx_word' id='word_1_189' title='bbox 883 1725 1063 1772; x_wconf 82' lang='grc' dir='ltr'>ἐλευθέραν</span> 
     </span>
     <span class='ocr_line' id='line_1_54' title="bbox 310 1777 1022 1826; baseline 0.001 -15"><span class='ocrx_word' id='word_1_190' title='bbox 310 1777 412 1812; x_wconf 80' lang='grc' dir='ltr'>οἰκεῖν</span> <span class='ocrx_word' id='word_1_191' title='bbox 429 1777 561 1821; x_wconf 91' lang='grc' dir='ltr'>δοκησω</span> <span class='ocrx_word' id='word_1_192' title='bbox 579 1779 688 1824; x_wconf 86' lang='grc' dir='ltr'>γαῖαν,</span> <span class='ocrx_word' id='word_1_193' title='bbox 706 1777 870 1824; x_wconf 86' lang='grc' dir='ltr'>Ἀργείοις</span> <span class='ocrx_word' id='word_1_194' title='bbox 889 1777 917 1812; x_wconf 91' lang='grc' dir='ltr'>δ’</span> <span class='ocrx_word' id='word_1_195' title='bbox 939 1778 1022 1826; x_wconf 79' lang='grc' dir='ltr'>ὄκνῳ</span> 
     </span>
    </p>

    <p class='ocr_par' dir='ltr' id='par_1_17' title="bbox 310 1828 1097 1928">
     <span class='ocr_line' id='line_1_55' title="bbox 312 1828 1097 1877; baseline 0.001 -14"><span class='ocrx_word' id='word_1_196' title='bbox 312 1828 418 1865; x_wconf 82' lang='grc' dir='ltr'>ἱκέτας</span> <span class='ocrx_word' id='word_1_197' title='bbox 435 1829 624 1876; x_wconf 88' lang='grc' dir='ltr'>προδοῦναι·</span> <span class='ocrx_word' id='word_1_198' title='bbox 653 1831 706 1864; x_wconf 88' lang='grc' dir='ltr'>καὶ</span> <span class='ocrx_word' id='word_1_199' title='bbox 723 1828 795 1864; x_wconf 84' lang='grc' dir='ltr'>τάδ’</span> <span class='ocrx_word' id='word_1_200' title='bbox 817 1831 961 1877; x_wconf 87' lang='grc' dir='ltr'>ἀγχόνης</span> <span class='ocrx_word' id='word_1_201' title='bbox 976 1830 1097 1867; x_wconf 86' lang='grc' dir='ltr'>πέλας.</span> 
     </span>
     <span class='ocr_line' id='line_1_56' title="bbox 310 1881 1021 1928; baseline 0.003 -13"><span class='ocrx_word' id='word_1_202' title='bbox 310 1881 390 1916; x_wconf 89' lang='grc' dir='ltr'>ἀλλ’</span> <span class='ocrx_word' id='word_1_203' title='bbox 411 1882 543 1927; x_wconf 82' lang='grc' dir='ltr'>ὤφελες</span> <span class='ocrx_word' id='word_1_204' title='bbox 560 1882 620 1927; x_wconf 83' lang='grc' dir='ltr'>μὲν</span> <span class='ocrx_word' id='word_1_205' title='bbox 638 1882 876 1928; x_wconf 82' lang='grc' dir='ltr'>εὐτυχέστερος</span> <span class='ocrx_word' id='word_1_206' title='bbox 894 1884 1021 1928; x_wconf 86' lang='grc' dir='ltr'>μολεῖν·</span> 
     </span>
    </p>

    <p class='ocr_par' dir='ltr' id='par_1_18' title="bbox 312 1933 1035 1981">
     <span class='ocr_line' id='line_1_57' title="bbox 312 1933 1035 1981; baseline 0.006 -13"><span class='ocrx_word' id='word_1_207' title='bbox 312 1933 399 1978; x_wconf 88' lang='grc' dir='ltr'>ὅμως</span> <span class='ocrx_word' id='word_1_208' title='bbox 417 1934 454 1968; x_wconf 85' lang='grc' dir='ltr'>δέ</span> <span class='ocrx_word' id='word_1_209' title='bbox 472 1935 524 1969; x_wconf 80' lang='grc' dir='ltr'>καὶ</span> <span class='ocrx_word' id='word_1_210' title='bbox 543 1937 601 1970; x_wconf 93' lang='grc' dir='ltr'>νῦν</span> <span class='ocrx_word' id='word_1_211' title='bbox 617 1934 661 1980; x_wconf 89' lang='grc' dir='ltr'>μὴ</span> <span class='ocrx_word' id='word_1_212' title='bbox 679 1936 802 1981; x_wconf 87' lang='grc' dir='ltr'>τρέσῃς</span> <span class='ocrx_word' id='word_1_213' title='bbox 819 1934 909 1971; x_wconf 87' lang='grc' dir='ltr'>ὅπως</span> <span class='ocrx_word' id='word_1_214' title='bbox 927 1935 971 1970; x_wconf 81' lang='grc' dir='ltr'>σε’</span> <span class='ocrx_word' id='word_1_215' title='bbox 986 1949 1035 1972; x_wconf 85' lang='grc' dir='ltr'>τις</span> 
     </span>
    </p>

    <p class='ocr_par' dir='ltr' id='par_1_19' title="bbox 313 1985 1036 2033">
     <span class='ocr_line' id='line_1_58' title="bbox 313 1985 1036 2033; baseline 0.001 -12"><span class='ocrx_word' id='word_1_216' title='bbox 313 1986 377 2021; x_wconf 83' lang='grc' dir='ltr'>σὺν</span> <span class='ocrx_word' id='word_1_217' title='bbox 392 1987 491 2022; x_wconf 84' lang='grc' dir='ltr'>παισὶ</span> <span class='ocrx_word' id='word_1_218' title='bbox 508 1987 626 2032; x_wconf 84' lang='grc' dir='ltr'>βωμοῦ</span> <span class='ocrx_word' id='word_1_219' title='bbox 643 1985 734 2022; x_wconf 86' lang='grc' dir='ltr'>τοῦδ’</span> <span class='ocrx_word' id='word_1_220' title='bbox 755 1988 949 2022; x_wconf 83' lang='grc' dir='ltr'>ἀποσπᾶσει</span> <span class='ocrx_word' id='word_1_221' title='bbox 966 1987 1036 2033; x_wconf 86' lang='grc' dir='ltr'><strong>βίᾳ.</strong></span> 
     </span>
    </p>

    <p class='ocr_par' dir='ltr' id='par_1_20' title="bbox 312 2037 1242 2244">
     <span class='ocr_line' id='line_1_59' title="bbox 312 2037 1242 2086; baseline 0 -13"><span class='ocrx_word' id='word_1_222' title='bbox 312 2039 357 2073; x_wconf 83' lang='grc' dir='ltr'>σὺ</span> <span class='ocrx_word' id='word_1_223' title='bbox 379 2037 409 2074; x_wconf 90' lang='grc' dir='ltr'>δ’</span> <span class='ocrx_word' id='word_1_224' title='bbox 417 2037 545 2086; x_wconf 61' lang='grc' dir='ltr'>*Αργος</span> <span class='ocrx_word' id='word_1_225' title='bbox 559 2039 666 2074; x_wconf 82' lang='grc' dir='ltr'>ἐλθὼν</span> <span class='ocrx_word' id='word_1_226' title='bbox 678 2041 780 2074; x_wconf 89' lang='grc' dir='ltr'>ταῦτά</span> <span class='ocrx_word' id='word_1_227' title='bbox 793 2037 823 2074; x_wconf 85' lang='grc' dir='ltr'>τ’</span> <span class='ocrx_word' id='word_1_228' title='bbox 839 2039 1008 2086; x_wconf 76' lang='grc' dir='ltr'>Εὐρυσθεῖ</span> <span class='ocrx_word' id='word_1_229' title='bbox 1020 2040 1168 2086; x_wconf 85' lang='grc' dir='ltr'>φράσον,</span> <span class='ocrx_word' id='word_1_230' title='bbox 1183 2053 1199 2074; x_wconf 83' lang='lat'><strong>2</strong></span> <span class='ocrx_word' id='word_1_231' title='bbox 1204 2053 1242 2084; x_wconf 86' lang='lat'>50</span> 
     </span>
     <span class='ocr_line' id='line_1_60' title="bbox 312 2090 1116 2138; baseline 0.001 -12"><span class='ocrx_word' id='word_1_232' title='bbox 312 2093 396 2137; x_wconf 84' lang='grc' dir='ltr'>πρὸς</span> <span class='ocrx_word' id='word_1_233' title='bbox 412 2091 528 2127; x_wconf 87' lang='grc' dir='ltr'>τοῖσδέ</span> <span class='ocrx_word' id='word_1_234' title='bbox 544 2090 587 2133; x_wconf 88' lang='grc' dir='ltr'>τ’,</span> <span class='ocrx_word' id='word_1_235' title='bbox 608 2092 641 2126; x_wconf 78' lang='grc' dir='ltr'>εἴ</span> <span class='ocrx_word' id='word_1_236' title='bbox 655 2106 687 2126; x_wconf 91' lang='grc' dir='ltr'>τι</span> <span class='ocrx_word' id='word_1_237' title='bbox 704 2091 825 2127; x_wconf 84' lang='grc' dir='ltr'>τοισίδ’</span> <span class='ocrx_word' id='word_1_238' title='bbox 846 2093 981 2138; x_wconf 86' lang='grc' dir='ltr'>ἐγκαλεῖ</span> <span class='ocrx_word' id='word_1_239' title='bbox 998 2092 1116 2135; x_wconf 82' lang='grc' dir='ltr'>ξένοις,</span> 
     </span>
     <span class='ocr_line' id='line_1_61' title="bbox 314 2143 1064 2191; baseline 0.001 -13"><span class='ocrx_word' id='word_1_240' title='bbox 314 2145 404 2188; x_wconf 87' lang='grc' dir='ltr'>δίκης</span> <span class='ocrx_word' id='word_1_241' title='bbox 422 2144 570 2191; x_wconf 90' lang='grc' dir='ltr'>κυρήσει·</span> <span class='ocrx_word' id='word_1_242' title='bbox 598 2143 721 2179; x_wconf 86' lang='grc' dir='ltr'>τούσδε</span> <span class='ocrx_word' id='word_1_243' title='bbox 739 2143 769 2179; x_wconf 89' lang='grc' dir='ltr'>δ’</span> <span class='ocrx_word' id='word_1_244' title='bbox 789 2144 848 2179; x_wconf 77' lang='grc' dir='ltr'>οὐκ</span> <span class='ocrx_word' id='word_1_245' title='bbox 866 2144 956 2188; x_wconf 77' lang='grc' dir='ltr'>ἄξεις</span> <span class='ocrx_word' id='word_1_246' title='bbox 973 2145 1064 2180; x_wconf 87' lang='grc' dir='ltr'>ποτέ.</span> 
     </span>
     <span class='ocr_line' id='line_1_62' title="bbox 318 2193 984 2244; baseline 0.002 -14"><span class='ocrx_word' id='word_1_247' title='bbox 318 2197 388 2236; x_wconf 80' lang='grc' dir='ltr'>οὐκ,</span> <span class='ocrx_word' id='word_1_248' title='bbox 407 2195 447 2240; x_wconf 86' lang='grc' dir='ltr'>ἢν</span> <span class='ocrx_word' id='word_1_249' title='bbox 465 2196 591 2232; x_wconf 85' lang='grc' dir='ltr'>δίκαιον</span> <span class='ocrx_word' id='word_1_250' title='bbox 609 2193 631 2241; x_wconf 85' lang='grc' dir='ltr'><em>ᾖ</em></span> <span class='ocrx_word' id='word_1_251' title='bbox 648 2211 685 2231; x_wconf 93' lang='grc' dir='ltr'>τε</span> <span class='ocrx_word' id='word_1_252' title='bbox 702 2198 755 2232; x_wconf 87' lang='grc' dir='ltr'>καὶ</span> <span class='ocrx_word' id='word_1_253' title='bbox 774 2201 851 2231; x_wconf 89' lang='grc' dir='ltr'>νικῶ</span> <span class='ocrx_word' id='word_1_254' title='bbox 868 2197 984 2244; x_wconf 84' lang='grc' dir='ltr'>λόγῳ,-</span> 
     </span>
    </p>

    <p class='ocr_par' dir='ltr' id='par_1_21' title="bbox 315 2249 1133 2452">
     <span class='ocr_line' id='line_1_63' title="bbox 315 2249 1007 2295; baseline 0.001 -13"><span class='ocrx_word' id='word_1_255' title='bbox 315 2251 368 2284; x_wconf 86' lang='grc' dir='ltr'>καὶ</span> <span class='ocrx_word' id='word_1_256' title='bbox 385 2251 455 2285; x_wconf 89' lang='grc' dir='ltr'>πῶς</span> <span class='ocrx_word' id='word_1_257' title='bbox 473 2249 598 2284; x_wconf 88' lang='grc' dir='ltr'>δίκαιον</span> <span class='ocrx_word' id='word_1_258' title='bbox 614 2250 672 2284; x_wconf 89' lang='grc' dir='ltr'>τὸν</span> <span class='ocrx_word' id='word_1_259' title='bbox 691 2250 798 2294; x_wconf 82' lang='grc' dir='ltr'>ἱκέτην</span> <span class='ocrx_word' id='word_1_260' title='bbox 816 2250 908 2295; x_wconf 72' lang='grc' dir='ltr'>ἄγειν</span> <span class='ocrx_word' id='word_1_261' title='bbox 924 2249 1007 2295; x_wconf 73' lang='grc' dir='ltr'>βίας</span> 
     </span>
     <span class='ocr_line' id='line_1_64' title="bbox 320 2301 1133 2347; baseline 0.001 -12"><span class='ocrx_word' id='word_1_262' title='bbox 320 2303 437 2336; x_wconf 82' lang='grc' dir='ltr'>οὔκουν</span> <span class='ocrx_word' id='word_1_263' title='bbox 454 2301 525 2346; x_wconf 80' lang='grc' dir='ltr'>ἐμοὶ</span> <span class='ocrx_word' id='word_1_264' title='bbox 542 2301 612 2337; x_wconf 89' lang='grc' dir='ltr'>τόδ’</span> <span class='ocrx_word' id='word_1_265' title='bbox 631 2301 786 2347; x_wconf 82' lang='grc' dir='ltr'>αἰσχρὸν,</span> <span class='ocrx_word' id='word_1_266' title='bbox 807 2301 898 2336; x_wconf 88' lang='grc' dir='ltr'>ἀλλὰ</span> <span class='ocrx_word' id='word_1_267' title='bbox 916 2303 973 2336; x_wconf 85' lang='grc' dir='ltr'>σοὶ</span> <span class='ocrx_word' id='word_1_268' title='bbox 989 2302 1133 2345; x_wconf 84' lang='grc' dir='ltr'>βλάβος.</span> 
     </span>
     <span class='ocr_line' id='line_1_65' title="bbox 318 2351 1089 2400; baseline 0 -12"><span class='ocrx_word' id='word_1_269' title='bbox 318 2353 391 2398; x_wconf 89' lang='grc' dir='ltr'>ἐμοί</span> <span class='ocrx_word' id='word_1_270' title='bbox 408 2351 451 2400; x_wconf 90' lang='grc' dir='ltr'>γ’,</span> <span class='ocrx_word' id='word_1_271' title='bbox 472 2354 527 2388; x_wconf 90' lang='grc' dir='ltr'>ἐάν</span> <span class='ocrx_word' id='word_1_272' title='bbox 545 2368 602 2388; x_wconf 92' lang='grc' dir='ltr'>σοι</span> <span class='ocrx_word' id='word_1_273' title='bbox 619 2352 734 2389; x_wconf 74' lang='grc' dir='ltr'>τούσδ’</span> <span class='ocrx_word' id='word_1_274' title='bbox 755 2353 967 2400; x_wconf 83' lang='grc' dir='ltr'>ἐφέλκεσθαι</span> <span class='ocrx_word' id='word_1_275' title='bbox 985 2354 1089 2399; x_wconf 84' lang='grc' dir='ltr'>μεθῶ.</span> 
     </span>
     <span class='ocr_line' id='line_1_66' title="bbox 317 2403 953 2452; baseline -0.002 -11"><span class='ocrx_word' id='word_1_276' title='bbox 317 2407 361 2441; x_wconf 83' lang='grc' dir='ltr'>σὺ</span> <span class='ocrx_word' id='word_1_277' title='bbox 380 2405 409 2440; x_wconf 90' lang='grc' dir='ltr'>δ’</span> <span class='ocrx_word' id='word_1_278' title='bbox 429 2405 569 2452; x_wconf 81' lang='grc' dir='ltr'>ἐξόριζε,</span> <span class='ocrx_word' id='word_1_279' title='bbox 588 2403 657 2452; x_wconf 80' lang='grc' dir='ltr'>κᾷτ’</span> <span class='ocrx_word' id='word_1_280' title='bbox 679 2406 802 2441; x_wconf 85' lang='grc' dir='ltr'>ἐκεῖθεν</span> <span class='ocrx_word' id='word_1_281' title='bbox 819 2405 953 2451; x_wconf 71' lang='grc' dir='ltr'>ἄξομεν.</span> 
     </span>
    </p>

    <p class='ocr_par' dir='ltr' id='par_1_22' title="bbox 318 2457 1072 2609">
     <span class='ocr_line' id='line_1_67' title="bbox 318 2457 1072 2504; baseline 0.001 -11"><span class='ocrx_word' id='word_1_282' title='bbox 318 2457 434 2493; x_wconf 89' lang='grc' dir='ltr'>σκαιὸς</span> <span class='ocrx_word' id='word_1_283' title='bbox 450 2458 611 2503; x_wconf 88' lang='grc' dir='ltr'>πέφυκας,</span> <span class='ocrx_word' id='word_1_284' title='bbox 631 2461 690 2492; x_wconf 92' lang='grc' dir='ltr'>τοῦ</span> <span class='ocrx_word' id='word_1_285' title='bbox 710 2457 787 2492; x_wconf 85' lang='grc' dir='ltr'>θεοῦ</span> <span class='ocrx_word' id='word_1_286' title='bbox 804 2459 910 2493; x_wconf 86' lang='grc' dir='ltr'>πλείω</span> <span class='ocrx_word' id='word_1_287' title='bbox 929 2458 1072 2504; x_wconf 90' lang='grc' dir='ltr'>φρονῶν.</span> 
     </span>
     <span class='ocr_line' id='line_1_68' title="bbox 319 2510 1025 2557; baseline 0.003 -13"><span class='ocrx_word' id='word_1_288' title='bbox 319 2510 417 2557; x_wconf 82' lang='grc' dir='ltr'>δεῦρ’,</span> <span class='ocrx_word' id='word_1_289' title='bbox 437 2511 479 2546; x_wconf 85' lang='grc' dir='ltr'>ὡς</span> <span class='ocrx_word' id='word_1_290' title='bbox 497 2511 593 2549; x_wconf 78' lang='grc' dir='ltr'>ἔοικε,</span> <span class='ocrx_word' id='word_1_291' title='bbox 613 2512 683 2546; x_wconf 87' lang='grc' dir='ltr'>τοῖς</span> <span class='ocrx_word' id='word_1_292' title='bbox 701 2513 831 2545; x_wconf 89' lang='grc' dir='ltr'>κακοῖσι</span> <span class='ocrx_word' id='word_1_293' title='bbox 850 2512 1025 2556; x_wconf 88' lang='grc' dir='ltr'>φευκτέον.</span> 
     </span>
     <span class='ocr_line' id='line_1_69' title="bbox 319 2562 941 2609; baseline 0.002 -13"><span class='ocrx_word' id='word_1_294' title='bbox 319 2563 425 2598; x_wconf 80' lang='grc' dir='ltr'>ἅπασι</span> <span class='ocrx_word' id='word_1_295' title='bbox 443 2564 551 2597; x_wconf 88' lang='grc' dir='ltr'>κοινὸν</span> <span class='ocrx_word' id='word_1_296' title='bbox 567 2562 655 2609; x_wconf 89' lang='grc' dir='ltr'>ῥῦμα</span> <span class='ocrx_word' id='word_1_297' title='bbox 673 2563 835 2608; x_wconf 89' lang='grc' dir='ltr'>δαιμόνων</span> <span class='ocrx_word' id='word_1_298' title='bbox 853 2562 941 2609; x_wconf 84' lang='grc' dir='ltr'>ἕδρα.</span> 
     </span>
    </p>

    <p class='ocr_par' dir='ltr' id='par_1_23' title="bbox 317 2613 1148 2818">
     <span class='ocr_line' id='line_1_70' title="bbox 317 2613 1035 2659; baseline 0 -11"><span class='ocrx_word' id='word_1_299' title='bbox 317 2614 406 2649; x_wconf 90' lang='grc' dir='ltr'>ταῦτ’</span> <span class='ocrx_word' id='word_1_300' title='bbox 426 2614 464 2648; x_wconf 84' lang='grc' dir='ltr'>οὐ</span> <span class='ocrx_word' id='word_1_301' title='bbox 483 2614 618 2657; x_wconf 76' lang='grc' dir='ltr'>δοκήσει</span> <span class='ocrx_word' id='word_1_302' title='bbox 635 2616 704 2650; x_wconf 90' lang='grc' dir='ltr'>τοῖς</span> <span class='ocrx_word' id='word_1_303' title='bbox 723 2615 923 2659; x_wconf 89' lang='grc' dir='ltr'>Μυκηναίοις</span> <span class='ocrx_word' id='word_1_304' title='bbox 939 2613 1035 2651; x_wconf 79' lang='grc' dir='ltr'>ἴσως.</span> 
     </span>
     <span class='ocr_line' id='line_1_71' title="bbox 321 2666 970 2714; baseline 0.003 -14"><span class='ocrx_word' id='word_1_305' title='bbox 321 2668 439 2701; x_wconf 75' lang='grc' dir='ltr'>οὔκουν</span> <span class='ocrx_word' id='word_1_306' title='bbox 456 2666 523 2713; x_wconf 91' lang='grc' dir='ltr'>ἐγὼ</span> <span class='ocrx_word' id='word_1_307' title='bbox 540 2670 605 2701; x_wconf 90' lang='grc' dir='ltr'>τῶν</span> <span class='ocrx_word' id='word_1_308' title='bbox 624 2666 733 2701; x_wconf 88' lang='grc' dir='ltr'>ἐνθάδ’</span> <span class='ocrx_word' id='word_1_309' title='bbox 753 2667 819 2712; x_wconf 84' lang='grc' dir='ltr'>εἶμὶ</span> <span class='ocrx_word' id='word_1_310' title='bbox 839 2666 970 2714; x_wconf 84' lang='grc' dir='ltr'>κύριος,·</span> 
     </span>
     <span class='ocr_line' id='line_1_72' title="bbox 317 2717 1148 2765; baseline 0 -12"><span class='ocrx_word' id='word_1_311' title='bbox 317 2720 479 2761; x_wconf 85' lang='grc' dir='ltr'>βλάπτων</span> <span class='ocrx_word' id='word_1_312' title='bbox 495 2717 529 2764; x_wconf 83' lang='grc' dir='ltr'>γ’</span> <span class='ocrx_word' id='word_1_313' title='bbox 550 2718 691 2755; x_wconf 84' lang='grc' dir='ltr'>ἐκείνους</span> <span class='ocrx_word' id='word_1_314' title='bbox 709 2720 820 2764; x_wconf 79' lang='grc' dir='ltr'>μηδὲν,</span> <span class='ocrx_word' id='word_1_315' title='bbox 839 2719 878 2764; x_wconf 87' lang='grc' dir='ltr'>ἢν</span> <span class='ocrx_word' id='word_1_316' title='bbox 896 2720 940 2754; x_wconf 82' lang='grc' dir='ltr'>σὺ</span> <span class='ocrx_word' id='word_1_317' title='bbox 958 2720 1148 2765; x_wconf 77' lang='grc' dir='ltr'>σωφρονῇς.</span> 
     </span>
     <span class='ocr_line' id='line_1_73' title="bbox 318 2769 1069 2818; baseline 0.003 -13"><span class='ocrx_word' id='word_1_318' title='bbox 318 2769 522 2813; x_wconf 85' lang='grc' dir='ltr'>βλάπτεσθ“,</span> <span class='ocrx_word' id='word_1_319' title='bbox 543 2772 622 2814; x_wconf 85' lang='grc' dir='ltr'>ἐμοῦ</span> <span class='ocrx_word' id='word_1_320' title='bbox 639 2786 679 2818; x_wconf 90' lang='grc' dir='ltr'>γε</span> <span class='ocrx_word' id='word_1_321' title='bbox 697 2771 741 2816; x_wconf 88' lang='grc' dir='ltr'>μὴ</span> <span class='ocrx_word' id='word_1_322' title='bbox 759 2772 944 2816; x_wconf 90' lang='grc' dir='ltr'>μιαίνοντος</span> <span class='ocrx_word' id='word_1_323' title='bbox 962 2771 1069 2807; x_wconf 83' lang='grc' dir='ltr'>θεούς.</span> 
     </span>
    </p>

    <p class='ocr_par' dir='ltr' id='par_1_24' title="bbox 319 2821 1073 2921">
     <span class='ocr_line' id='line_1_74' title="bbox 319 2821 1073 2871; baseline 0.001 -15"><span class='ocrx_word' id='word_1_324' title='bbox 319 2822 357 2857; x_wconf 83' lang='grc' dir='ltr'>οὐ</span> <span class='ocrx_word' id='word_1_325' title='bbox 375 2821 549 2867; x_wconf 86' lang='grc' dir='ltr'>βούλομαί</span> <span class='ocrx_word' id='word_1_326' title='bbox 567 2837 608 2857; x_wconf 92' lang='grc' dir='ltr'>σε</span> <span class='ocrx_word' id='word_1_327' title='bbox 621 2825 772 2868; x_wconf 88' lang='grc' dir='ltr'>πόλεμον</span> <span class='ocrx_word' id='word_1_328' title='bbox 792 2822 957 2871; x_wconf 87' lang='grc' dir='ltr'>Ἀργείοις</span> <span class='ocrx_word' id='word_1_329' title='bbox 974 2824 1073 2868; x_wconf 71' lang='grc' dir='ltr'>ἔχειν.</span> 
     </span>
     <span class='ocr_line' id='line_1_75' title="bbox 321 2873 1041 2921; baseline 0.003 -13"><span class='ocrx_word' id='word_1_330' title='bbox 321 2874 410 2921; x_wconf 87' lang='grc' dir='ltr'>κάγὼ</span> <span class='ocrx_word' id='word_1_331' title='bbox 427 2877 586 2910; x_wconf 91' lang='grc' dir='ltr'>τοιοῦτος·</span> <span class='ocrx_word' id='word_1_332' title='bbox 613 2875 715 2909; x_wconf 89' lang='grc' dir='ltr'>τῶνδε</span> <span class='ocrx_word' id='word_1_333' title='bbox 734 2873 764 2909; x_wconf 82' lang='grc' dir='ltr'>δ’</span> <span class='ocrx_word' id='word_1_334' title='bbox 784 2877 822 2910; x_wconf 86' lang='grc' dir='ltr'>οὐ</span> <span class='ocrx_word' id='word_1_335' title='bbox 840 2874 1041 2921; x_wconf 86' lang='grc' dir='ltr'>μεθήσομαι.</span> 
     </span>
    </p>

    <p class='ocr_par' dir='ltr' id='par_1_25' title="bbox 321 2925 1017 2974">
     <span class='ocr_line' id='line_1_76' title="bbox 321 2925 1017 2974; baseline 0.004 -14"><span class='ocrx_word' id='word_1_336' title='bbox 321 2926 390 2969; x_wconf 77' lang='grc' dir='ltr'>ἶίξω</span> <span class='ocrx_word' id='word_1_337' title='bbox 407 2940 447 2973; x_wconf 86' lang='grc' dir='ltr'>γε</span> <span class='ocrx_word' id='word_1_338' title='bbox 464 2925 577 2971; x_wconf 84' lang='grc' dir='ltr'>μέντοι</span> <span class='ocrx_word' id='word_1_339' title='bbox 594 2927 671 2962; x_wconf 84' lang='grc' dir='ltr'>τοὺς</span> <span class='ocrx_word' id='word_1_340' title='bbox 690 2928 787 2972; x_wconf 85' lang='grc' dir='ltr'>ἐμοὺς</span> <span class='ocrx_word' id='word_1_341' title='bbox 805 2928 870 2974; x_wconf 85' lang='grc' dir='ltr'>ἐγὼ</span> <span class='ocrx_word' id='word_1_342' title='bbox 887 2928 1017 2969; x_wconf 84' lang='grc' dir='ltr'>λαβών.</span> 
     </span>
    </p>

    <p class='ocr_par' dir='ltr' id='par_1_26' title="bbox 319 2977 1099 3180">
     <span class='ocr_line' id='line_1_77' title="bbox 321 2977 1005 3026; baseline 0.001 -13"><span class='ocrx_word' id='word_1_343' title='bbox 321 2979 380 3013; x_wconf 85' lang='grc' dir='ltr'>οὐκ</span> <span class='ocrx_word' id='word_1_344' title='bbox 398 2977 449 3024; x_wconf 80' lang='grc' dir='ltr'>ἆρ’</span> <span class='ocrx_word' id='word_1_345' title='bbox 470 2980 503 3015; x_wconf 84' lang='grc' dir='ltr'>ἐς</span> <span class='ocrx_word' id='word_1_346' title='bbox 514 2977 641 3025; x_wconf 60' lang='grc' dir='ltr'>Ἀργος</span> <span class='ocrx_word' id='word_1_347' title='bbox 657 2979 779 3026; x_wconf 82' lang='grc' dir='ltr'>ῥᾳδίως</span> <span class='ocrx_word' id='word_1_348' title='bbox 797 2981 872 3015; x_wconf 75' lang='grc' dir='ltr'>ἄπει</span> <span class='ocrx_word' id='word_1_349' title='bbox 890 2981 955 3014; x_wconf 87' lang='grc' dir='ltr'>πάλ</span> <span class='ocrx_word' id='word_1_350' title='bbox 963 2994 1005 3014; x_wconf 89' lang='grc' dir='ltr'>ιν.</span> 
     </span>
     <span class='ocr_line' id='line_1_78' title="bbox 319 3030 1033 3077; baseline -0.001 -11"><span class='ocrx_word' id='word_1_351' title='bbox 319 3032 521 3077; x_wconf 85' lang='grc' dir='ltr'>πειρώμενος</span> <span class='ocrx_word' id='word_1_352' title='bbox 539 3030 578 3075; x_wconf 88' lang='grc' dir='ltr'>δὴ</span> <span class='ocrx_word' id='word_1_353' title='bbox 596 3034 694 3065; x_wconf 89' lang='grc' dir='ltr'>τοῦτό</span> <span class='ocrx_word' id='word_1_354' title='bbox 712 3032 743 3077; x_wconf 85' lang='grc' dir='ltr'>γ’</span> <span class='ocrx_word' id='word_1_355' title='bbox 764 3030 869 3066; x_wconf 84' lang='grc' dir='ltr'>αὐτίκ’</span> <span class='ocrx_word' id='word_1_356' title='bbox 890 3030 1033 3076; x_wconf 84' lang='grc' dir='ltr'>εἵσομαι.</span> 
     </span>
     <span class='ocr_line' id='line_1_79' title="bbox 322 3082 1099 3129; baseline 0.004 -12"><span class='ocrx_word' id='word_1_357' title='bbox 322 3082 446 3118; x_wconf 86' lang='grc' dir='ltr'>κλαίων</span> <span class='ocrx_word' id='word_1_358' title='bbox 463 3082 514 3129; x_wconf 73' lang='grc' dir='ltr'>ἄρ’</span> <span class='ocrx_word' id='word_1_359' title='bbox 535 3083 619 3129; x_wconf 82' lang='grc' dir='ltr'>ἅψει</span> <span class='ocrx_word' id='word_1_360' title='bbox 637 3084 751 3123; x_wconf 88' lang='grc' dir='ltr'>τῶνδε,</span> <span class='ocrx_word' id='word_1_361' title='bbox 772 3083 850 3117; x_wconf 78' lang='grc' dir='ltr'>κούκ</span> <span class='ocrx_word' id='word_1_362' title='bbox 869 3083 916 3118; x_wconf 87' lang='grc' dir='ltr'>εἷς</span> <span class='ocrx_word' id='word_1_363' title='bbox 933 3082 1099 3128; x_wconf 79' lang='grc' dir='ltr'>ἀμβολάς.</span> 
     </span>
     <span class='ocr_line' id='line_1_80' title="bbox 320 3134 1035 3180; baseline -0.001 -10"><span class='ocrx_word' id='word_1_364' title='bbox 320 3135 365 3180; x_wconf 83' lang='grc' dir='ltr'>μὴ</span> <span class='ocrx_word' id='word_1_365' title='bbox 383 3135 466 3180; x_wconf 83' lang='grc' dir='ltr'>πρὸς</span> <span class='ocrx_word' id='word_1_366' title='bbox 485 3134 569 3169; x_wconf 91' lang='grc' dir='ltr'>θεῶν</span> <span class='ocrx_word' id='word_1_367' title='bbox 587 3134 709 3180; x_wconf 88' lang='grc' dir='ltr'>κήρυκα</span> <span class='ocrx_word' id='word_1_368' title='bbox 726 3134 899 3180; x_wconf 77' lang='grc' dir='ltr'>τολμήσῃς</span> <span class='ocrx_word' id='word_1_369' title='bbox 918 3134 1035 3170; x_wconf 87' lang='grc' dir='ltr'>θενεῖν.</span> 
     </span>
    </p>

    <p class='ocr_par' dir='ltr' id='par_1_27' title="bbox 318 3185 1136 3598">
     <span class='ocr_line' id='line_1_81' title="bbox 325 3185 1048 3233; baseline 0.001 -12"><span class='ocrx_word' id='word_1_370' title='bbox 325 3187 354 3221; x_wconf 82' lang='grc' dir='ltr'>εἶ</span> <span class='ocrx_word' id='word_1_371' title='bbox 371 3185 415 3231; x_wconf 85' lang='grc' dir='ltr'>μή</span> <span class='ocrx_word' id='word_1_372' title='bbox 433 3185 466 3232; x_wconf 92' lang='grc' dir='ltr'>γ’</span> <span class='ocrx_word' id='word_1_373' title='bbox 486 3189 504 3221; x_wconf 87' lang='grc' dir='ltr'>ὁ</span> <span class='ocrx_word' id='word_1_374' title='bbox 523 3186 626 3232; x_wconf 85' lang='grc' dir='ltr'>κῆρυξ</span> <span class='ocrx_word' id='word_1_375' title='bbox 646 3188 836 3233; x_wconf 87' lang='grc' dir='ltr'>σωφρονεῖν</span> <span class='ocrx_word' id='word_1_376' title='bbox 853 3186 1048 3231; x_wconf 85' lang='grc' dir='ltr'>μαθήσεται.</span> 
     </span>
     <span class='ocr_line' id='line_1_82' title="bbox 319 3238 1014 3284; baseline -0.003 -11"><span class='ocrx_word' id='word_1_377' title='bbox 319 3238 456 3274; x_wconf 74' lang='grc' dir='ltr'>ἄπελθε·</span> <span class='ocrx_word' id='word_1_378' title='bbox 485 3239 538 3272; x_wconf 84' lang='grc' dir='ltr'>καὶ</span> <span class='ocrx_word' id='word_1_379' title='bbox 556 3238 601 3273; x_wconf 79' lang='grc' dir='ltr'>σὺ</span> <span class='ocrx_word' id='word_1_380' title='bbox 618 3239 714 3273; x_wconf 89' lang='grc' dir='ltr'>τοῦδε</span> <span class='ocrx_word' id='word_1_381' title='bbox 732 3239 775 3283; x_wconf 87' lang='grc' dir='ltr'>μὴ</span> <span class='ocrx_word' id='word_1_382' title='bbox 795 3238 900 3284; x_wconf 84' lang='grc' dir='ltr'>θίγῃς,</span> <span class='ocrx_word' id='word_1_383' title='bbox 921 3238 1014 3281; x_wconf 78' lang='grc' dir='ltr'>ἅναξ.</span> 
     </span>
     <span class='ocr_line' id='line_1_83' title="bbox 326 3290 1059 3337; baseline 0.001 -12"><span class='ocrx_word' id='word_1_384' title='bbox 326 3290 462 3335; x_wconf 87' lang='grc' dir='ltr'>στείχω·</span> <span class='ocrx_word' id='word_1_385' title='bbox 489 3292 566 3334; x_wconf 86' lang='grc' dir='ltr'>μιᾶς</span> <span class='ocrx_word' id='word_1_386' title='bbox 582 3291 649 3336; x_wconf 85' lang='grc' dir='ltr'>γὰρ</span> <span class='ocrx_word' id='word_1_387' title='bbox 666 3293 779 3337; x_wconf 88' lang='grc' dir='ltr'>χειρὸς</span> <span class='ocrx_word' id='word_1_388' title='bbox 797 3290 940 3334; x_wconf 83' lang='grc' dir='ltr'>ἀσθενὴς</span> <span class='ocrx_word' id='word_1_389' title='bbox 957 3292 1059 3336; x_wconf 88' lang='grc' dir='ltr'>μάχη.</span> 
     </span>
     <span class='ocr_line' id='line_1_84' title="bbox 324 3339 1039 3389; baseline -0.001 -12"><span class='ocrx_word' id='word_1_390' title='bbox 324 3342 392 3387; x_wconf 80' lang='grc' dir='ltr'>ἥξω</span> <span class='ocrx_word' id='word_1_391' title='bbox 411 3343 446 3377; x_wconf 79' lang='grc' dir='ltr'>δὲ</span> <span class='ocrx_word' id='word_1_392' title='bbox 464 3342 598 3386; x_wconf 83' lang='grc' dir='ltr'>πολλὴν</span> <span class='ocrx_word' id='word_1_393' title='bbox 610 3342 730 3388; x_wconf 82' lang='grc' dir='ltr'>ΙἈρεος</span> <span class='ocrx_word' id='word_1_394' title='bbox 749 3339 903 3389; x_wconf 84' lang='grc' dir='ltr'>Ἀργείου</span> <span class='ocrx_word' id='word_1_395' title='bbox 921 3343 1039 3384; x_wconf 87' lang='grc' dir='ltr'>λαβὼν</span> 
     </span>
     <span class='ocr_line' id='line_1_85' title="bbox 320 3394 1038 3441; baseline -0.003 -11"><span class='ocrx_word' id='word_1_396' title='bbox 320 3395 520 3441; x_wconf 86' lang='grc' dir='ltr'>πάγχαλκον</span> <span class='ocrx_word' id='word_1_397' title='bbox 537 3394 660 3439; x_wconf 74' lang='grc' dir='ltr'>αἰχμὴν</span> <span class='ocrx_word' id='word_1_398' title='bbox 677 3394 785 3440; x_wconf 89' lang='grc' dir='ltr'>δεῦρο·</span> <span class='ocrx_word' id='word_1_399' title='bbox 812 3394 924 3440; x_wconf 87' lang='grc' dir='ltr'>μυρίοι</span> <span class='ocrx_word' id='word_1_400' title='bbox 943 3394 982 3428; x_wconf 87' lang='grc' dir='ltr'>δέ</span> <span class='ocrx_word' id='word_1_401' title='bbox 996 3403 1038 3439; x_wconf 84' lang='grc' dir='ltr'>με</span> 
     </span>
     <span class='ocr_line' id='line_1_86' title="bbox 318 3445 1083 3493; baseline -0.001 -12"><span class='ocrx_word' id='word_1_402' title='bbox 318 3446 479 3492; x_wconf 84' lang='grc' dir='ltr'>μένουσιν</span> <span class='ocrx_word' id='word_1_403' title='bbox 497 3446 718 3493; x_wconf 84' lang='grc' dir='ltr'>ἀσπιστῆρες,</span> <span class='ocrx_word' id='word_1_404' title='bbox 738 3445 931 3491; x_wconf 82' lang='grc' dir='ltr'>Εὐρυσθεύς</span> <span class='ocrx_word' id='word_1_405' title='bbox 949 3445 979 3480; x_wconf 79' lang='grc' dir='ltr'>τ’</span> <span class='ocrx_word' id='word_1_406' title='bbox 999 3446 1083 3490; x_wconf 77' lang='grc' dir='ltr'>ἄναξ</span> 
     </span>
     <span class='ocr_line' id='line_1_87' title="bbox 320 3495 1136 3545; baseline 0 -11"><span class='ocrx_word' id='word_1_407' title='bbox 320 3498 419 3535; x_wconf 81' lang='grc' dir='ltr'>αὐτὸς</span> <span class='ocrx_word' id='word_1_408' title='bbox 436 3502 643 3545; x_wconf 84' lang='grc' dir='ltr'>στρατηγῶν·</span> <span class='ocrx_word' id='word_1_409' title='bbox 672 3495 840 3532; x_wconf 87' lang='grc' dir='ltr'>Ἀλκάθου</span> <span class='ocrx_word' id='word_1_410' title='bbox 858 3496 887 3531; x_wconf 88' lang='grc' dir='ltr'>δ’</span> <span class='ocrx_word' id='word_1_411' title='bbox 906 3497 958 3533; x_wconf 89' lang='grc' dir='ltr'>ἐπ’</span> <span class='ocrx_word' id='word_1_412' title='bbox 980 3498 1136 3544; x_wconf 88' lang='grc' dir='ltr'>ἐσχάτοις</span> 
     </span>
     <span class='ocr_line' id='line_1_88' title="bbox 321 3549 974 3598; baseline -0.002 -12"><span class='ocrx_word' id='word_1_413' title='bbox 321 3551 512 3598; x_wconf 81' lang='grc' dir='ltr'>καραδοκῶν</span> <span class='ocrx_word' id='word_1_414' title='bbox 522 3549 678 3590; x_wconf 82' lang='grc' dir='ltr'>τάνθένδε</span> <span class='ocrx_word' id='word_1_415' title='bbox 694 3551 855 3597; x_wconf 88' lang='grc' dir='ltr'>τέρμασιν</span> <span class='ocrx_word' id='word_1_416' title='bbox 871 3549 974 3595; x_wconf 86' lang='grc' dir='ltr'>μένει.</span> 
     </span>
    </p>
   </div>
   <div class='ocr_carea' id='block_1_7' title="bbox 1182 486 1243 509">
    <p class='ocr_par' dir='ltr' id='par_1_28' title="bbox 1182 486 1243 509">
     <span class='ocr_line' id='line_1_89' title="bbox 1182 486 1243 509; baseline -0.016 0"><span class='ocrx_word' id='word_1_417' title='bbox 1182 486 1243 509; x_wconf 78' lang='grc'>220</span> 
     </span>
    </p>
   </div>
   <div class='ocr_carea' id='block_1_8' title="bbox 1180 1007 1240 1038">
    <p class='ocr_par' dir='ltr' id='par_1_29' title="bbox 1180 1007 1240 1038">
     <span class='ocr_line' id='line_1_90' title="bbox 1180 1007 1240 1038; baseline -0.017 -8"><span class='ocrx_word' id='word_1_418' title='bbox 1180 1007 1240 1038; x_wconf 84' lang='lat'>230</span> 
     </span>
    </p>
   </div>
   <div class='ocr_carea' id='block_1_9' title="bbox 1179 1268 1235 1299">
    <p class='ocr_par' dir='ltr' id='par_1_30' title="bbox 1179 1268 1235 1299">
     <span class='ocr_line' id='line_1_91' title="bbox 1179 1268 1235 1299; baseline 0 0"><span class='ocrx_word' id='word_1_419' title='bbox 1179 1268 1235 1299; x_wconf 82' lang='lat'>²35</span> 
     </span>
    </p>
   </div>
   <div class='ocr_carea' id='block_1_10' title="bbox 1179 1530 1240 1560">
    <p class='ocr_par' dir='ltr' id='par_1_31' title="bbox 1179 1530 1240 1560">
     <span class='ocr_line' id='line_1_92' title="bbox 1179 1530 1240 1560; baseline -0.016 -8"><span class='ocrx_word' id='word_1_420' title='bbox 1179 1530 1240 1560; x_wconf 88' lang='lat'>240</span> 
     </span>
    </p>
   </div>
   <div class='ocr_carea' id='block_1_11' title="bbox 1180 1791 1238 1822">
    <p class='ocr_par' dir='ltr' id='par_1_32' title="bbox 1180 1791 1238 1822">
     <span class='ocr_line' id='line_1_93' title="bbox 1180 1791 1238 1822; baseline 0.017 -1"><span class='ocrx_word' id='word_1_421' title='bbox 1180 1791 1238 1822; x_wconf 86' lang='lat'>245</span> 
     </span>
    </p>
   </div>
   <div class='ocr_carea' id='block_1_12' title="bbox 1186 2314 1242 2345">
    <p class='ocr_par' dir='ltr' id='par_1_33' title="bbox 1186 2314 1242 2345">
     <span class='ocr_line' id='line_1_94' title="bbox 1186 2314 1242 2345; baseline 0.018 -1"><span class='ocrx_word' id='word_1_422' title='bbox 1186 2314 1242 2345; x_wconf 78' lang='lat'>255</span> 
     </span>
    </p>
   </div>
   <div class='ocr_carea' id='block_1_13' title="bbox 1189 2565 1246 2598">
    <p class='ocr_par' dir='ltr' id='par_1_34' title="bbox 1189 2565 1246 2598">
     <span class='ocr_line' id='line_1_95' title="bbox 1189 2565 1246 2598; baseline -0.035 0"><span class='ocrx_word' id='word_1_423' title='bbox 1189 2565 1246 2598; x_wconf 80' lang='lat'>260</span> 
     </span>
    </p>
   </div>
   <div class='ocr_carea' id='block_1_14' title="bbox 1191 2826 1247 2866">
    <p class='ocr_par' dir='ltr' id='par_1_35' title="bbox 1191 2826 1247 2866">
     <span class='ocr_line' id='line_1_96' title="bbox 1191 2826 1247 2866; baseline 0 -8"><span class='ocrx_word' id='word_1_424' title='bbox 1191 2826 1247 2866; x_wconf 80' lang='lat'>265</span> 
     </span>
    </p>
   </div>
   <div class='ocr_carea' id='block_1_15' title="bbox 1194 3095 1252 3127">
    <p class='ocr_par' dir='ltr' id='par_1_36' title="bbox 1194 3095 1252 3127">
     <span class='ocr_line' id='line_1_97' title="bbox 1194 3095 1252 3127; baseline -0.034 -9"><span class='ocrx_word' id='word_1_425' title='bbox 1194 3095 1252 3127; x_wconf 80' lang='lat'>270</span> 
     </span>
    </p>
   </div>
   <div class='ocr_carea' id='block_1_16' title="bbox 1195 3354 1252 3386">
    <p class='ocr_par' dir='ltr' id='par_1_37' title="bbox 1195 3354 1252 3386">
     <span class='ocr_line' id='line_1_98' title="bbox 1195 3354 1252 3386; baseline 0 0"><span class='ocrx_word' id='word_1_426' title='bbox 1195 3354 1252 3386; x_wconf 79' lang='lat'>²75</span> 
     </span>
    </p>
   </div>
   <div class='ocr_carea' id='block_1_17' title="bbox 1287 582 1362 611">
    <p class='ocr_par' dir='ltr' id='par_1_38' title="bbox 1287 582 1362 611">
     <span class='ocr_line' id='line_1_99' title="bbox 1287 582 1362 611; baseline -0.013 0"><span class='ocrx_word' id='word_1_427' title='bbox 1287 582 1362 611; x_wconf 90' lang='grc' dir='ltr'>ΔΗ.</span> 
     </span>
    </p>
   </div>
   <div class='ocr_carea' id='block_1_18' title="bbox 1287 790 1359 820">
    <p class='ocr_par' dir='ltr' id='par_1_39' title="bbox 1287 790 1359 820">
     <span class='ocr_line' id='line_1_100' title="bbox 1287 790 1359 820; baseline 0 0"><span class='ocrx_word' id='word_1_428' title='bbox 1287 790 1359 820; x_wconf 88' lang='grc' dir='ltr'>ΧΟ.</span> 
     </span>
    </p>
   </div>
   <div class='ocr_carea' id='block_1_19' title="bbox 1286 1260 1343 1289">
    <p class='ocr_par' dir='ltr' id='par_1_40' title="bbox 1286 1260 1343 1289">
     <span class='ocr_line' id='line_1_101' title="bbox 1286 1260 1343 1289; baseline 0 0"><span class='ocrx_word' id='word_1_429' title='bbox 1286 1260 1343 1289; x_wconf 91' lang='grc' dir='ltr'>ΙΟ.</span> 
     </span>
    </p>
   </div>
   <div class='ocr_carea' id='block_1_20' title="bbox 1299 2934 1368 2963">
    <p class='ocr_par' dir='ltr' id='par_1_41' title="bbox 1299 2934 1368 2963">
     <span class='ocr_line' id='line_1_102' title="bbox 1299 2934 1368 2963; baseline 0 0"><span class='ocrx_word' id='word_1_430' title='bbox 1299 2934 1368 2963; x_wconf 83' lang='lat' dir='ltr'>XO.</span> 
     </span>
    </p>
   </div>
   <div class='ocr_carea' id='block_1_21' title="bbox 1299 3141 1372 3171">
    <p class='ocr_par' dir='ltr' id='par_1_42' title="bbox 1299 3141 1372 3171">
     <span class='ocr_line' id='line_1_103' title="bbox 1299 3141 1372 3171; baseline -0.014 0"><span class='ocrx_word' id='word_1_431' title='bbox 1299 3141 1372 3171; x_wconf 90' lang='grc' dir='ltr'>ΔΗ.</span> 
     </span>
    </p>
   </div>
   <div class='ocr_carea' id='block_1_22' title="bbox 1387 365 2327 676">
    <p class='ocr_par' dir='ltr' id='par_1_43' title="bbox 1390 365 2327 466">
     <span class='ocr_line' id='line_1_104' title="bbox 1390 365 2327 415; baseline 0.004 -13"><span class='ocrx_word' id='word_1_432' title='bbox 1390 367 1544 414; x_wconf 82' lang='grc' dir='ltr'>λαμπρὸς</span> <span class='ocrx_word' id='word_1_433' title='bbox 1565 365 1594 403; x_wconf 82' lang='grc' dir='ltr'>δ’</span> <span class='ocrx_word' id='word_1_434' title='bbox 1614 365 1762 404; x_wconf 82' lang='grc' dir='ltr'>ἀκούσας</span> <span class='ocrx_word' id='word_1_435' title='bbox 1779 367 1844 413; x_wconf 81' lang='grc' dir='ltr'>σὴν</span> <span class='ocrx_word' id='word_1_436' title='bbox 1861 365 1960 415; x_wconf 74' lang='grc' dir='ltr'>ὕβριν</span> <span class='ocrx_word' id='word_1_437' title='bbox 1977 365 2166 414; x_wconf 83' lang='grc' dir='ltr'>φανήσεται</span> <span class='ocrx_word' id='word_1_438' title='bbox 2265 373 2327 406; x_wconf 82' lang='lat'>280</span> 
     </span>
     <span class='ocr_line' id='line_1_105' title="bbox 1391 420 2117 466; baseline 0.001 -11"><span class='ocrx_word' id='word_1_439' title='bbox 1391 421 1448 455; x_wconf 86' lang='grc' dir='ltr'>σοὶ</span> <span class='ocrx_word' id='word_1_440' title='bbox 1467 420 1519 454; x_wconf 81' lang='grc' dir='ltr'>καὶ</span> <span class='ocrx_word' id='word_1_441' title='bbox 1537 420 1692 456; x_wconf 89' lang='grc' dir='ltr'>πολίταις</span> <span class='ocrx_word' id='word_1_442' title='bbox 1703 422 1747 466; x_wconf 85' lang='grc' dir='ltr'>γῇ</span> <span class='ocrx_word' id='word_1_443' title='bbox 1765 434 1803 454; x_wconf 91' lang='grc' dir='ltr'>τε</span> <span class='ocrx_word' id='word_1_444' title='bbox 1819 421 1897 465; x_wconf 83' lang='grc' dir='ltr'>τῇδε</span> <span class='ocrx_word' id='word_1_445' title='bbox 1914 421 1968 455; x_wconf 86' lang='grc' dir='ltr'>καὶ</span> <span class='ocrx_word' id='word_1_446' title='bbox 1985 421 2117 466; x_wconf 87' lang='grc' dir='ltr'>φυτοῖς·</span> 
     </span>
    </p>

    <p class='ocr_par' dir='ltr' id='par_1_44' title="bbox 1389 470 2084 521">
     <span class='ocr_line' id='line_1_106' title="bbox 1389 470 2084 521; baseline 0.003 -15"><span class='ocrx_word' id='word_1_447' title='bbox 1389 472 1496 517; x_wconf 85' lang='grc' dir='ltr'>μάτην</span> <span class='ocrx_word' id='word_1_448' title='bbox 1512 472 1578 518; x_wconf 86' lang='grc' dir='ltr'>γὰρ</span> <span class='ocrx_word' id='word_1_449' title='bbox 1596 470 1685 516; x_wconf 84' lang='grc' dir='ltr'>ἥβην</span> <span class='ocrx_word' id='word_1_450' title='bbox 1702 471 1768 506; x_wconf 78' lang='grc' dir='ltr'>ὧδέ</span> <span class='ocrx_word' id='word_1_451' title='bbox 1782 470 1817 519; x_wconf 85' lang='grc' dir='ltr'>γ’</span> <span class='ocrx_word' id='word_1_452' title='bbox 1838 472 1878 507; x_wconf 82' lang='grc' dir='ltr'>ἂν</span> <span class='ocrx_word' id='word_1_453' title='bbox 1895 472 2084 521; x_wconf 79' lang='grc' dir='ltr'>κεκτῴμεθα</span> 
     </span>
    </p>

    <p class='ocr_par' dir='ltr' id='par_1_45' title="bbox 1387 521 2108 572">
     <span class='ocr_line' id='line_1_107' title="bbox 1387 521 2108 572; baseline 0.003 -14"><span class='ocrx_word' id='word_1_454' title='bbox 1387 523 1521 568; x_wconf 88' lang='grc' dir='ltr'>πολλὴν</span> <span class='ocrx_word' id='word_1_455' title='bbox 1540 524 1575 558; x_wconf 90' lang='grc' dir='ltr'>ἐν</span> <span class='ocrx_word' id='word_1_456' title='bbox 1584 521 1718 570; x_wconf 75' lang='grc' dir='ltr'>Ἀργει,</span> <span class='ocrx_word' id='word_1_457' title='bbox 1738 523 1782 569; x_wconf 83' lang='grc' dir='ltr'>μή</span> <span class='ocrx_word' id='word_1_458' title='bbox 1802 539 1844 559; x_wconf 92' lang='grc' dir='ltr'>σε</span> <span class='ocrx_word' id='word_1_459' title='bbox 1857 525 2108 572; x_wconf 82' lang='grc' dir='ltr'>τιμωρούμενοι.</span> 
     </span>
    </p>

    <p class='ocr_par' dir='ltr' id='par_1_46' title="bbox 1390 574 2322 676">
     <span class='ocr_line' id='line_1_108' title="bbox 1393 574 2212 624; baseline 0.001 -14"><span class='ocrx_word' id='word_1_460' title='bbox 1393 575 1548 622; x_wconf 86' lang='grc' dir='ltr'>φθείρου·</span> <span class='ocrx_word' id='word_1_461' title='bbox 1575 577 1614 611; x_wconf 87' lang='grc' dir='ltr'>τὸ</span> <span class='ocrx_word' id='word_1_462' title='bbox 1634 578 1697 611; x_wconf 74' lang='grc' dir='ltr'>σὸν</span> <span class='ocrx_word' id='word_1_463' title='bbox 1714 577 1780 623; x_wconf 86' lang='grc' dir='ltr'>γὰρ</span> <span class='ocrx_word' id='word_1_464' title='bbox 1791 574 1918 624; x_wconf 68' lang='grc' dir='ltr'>Ἀργος</span> <span class='ocrx_word' id='word_1_465' title='bbox 1936 578 1975 612; x_wconf 80' lang='grc' dir='ltr'>οὐ</span> <span class='ocrx_word' id='word_1_466' title='bbox 1995 574 2116 613; x_wconf 87' lang='grc' dir='ltr'>δέδοικ’</span> <span class='ocrx_word' id='word_1_467' title='bbox 2137 576 2212 624; x_wconf 84' lang='grc' dir='ltr'>ἐγώ.</span> 
     </span>
     <span class='ocr_line' id='line_1_109' title="bbox 1390 627 2322 676; baseline 0.005 -15"><span class='ocrx_word' id='word_1_468' title='bbox 1390 627 1520 662; x_wconf 87' lang='grc' dir='ltr'>ἐνθένδε</span> <span class='ocrx_word' id='word_1_469' title='bbox 1538 627 1568 662; x_wconf 88' lang='grc' dir='ltr'>δ’</span> <span class='ocrx_word' id='word_1_470' title='bbox 1588 629 1647 662; x_wconf 82' lang='grc' dir='ltr'>οὐκ</span> <span class='ocrx_word' id='word_1_471' title='bbox 1665 629 1807 673; x_wconf 77' lang='grc' dir='ltr'>ἔμελλες</span> <span class='ocrx_word' id='word_1_472' title='bbox 1824 627 1988 675; x_wconf 75' lang='grc' dir='ltr'>αἰσχύνας</span> <span class='ocrx_word' id='word_1_473' title='bbox 2006 629 2063 675; x_wconf 78' lang='grc' dir='ltr'>ἐμὲ</span> <span class='ocrx_word' id='word_1_474' title='bbox 2265 635 2322 676; x_wconf 83' lang='lat'>285</span> 
     </span>
    </p>
   </div>
   <div class='ocr_carea' id='block_1_23' title="bbox 1386 678 2332 3598">
    <p class='ocr_par' dir='ltr' id='par_1_47' title="bbox 1389 678 2153 729">
     <span class='ocr_line' id='line_1_110' title="bbox 1389 678 2153 729; baseline 0.005 -16"><span class='ocrx_word' id='word_1_475' title='bbox 1389 680 1482 723; x_wconf 68' lang='grc' dir='ltr'>ἄξειν</span> <span class='ocrx_word' id='word_1_476' title='bbox 1498 680 1561 727; x_wconf 68' lang='grc' dir='ltr'>βίᾳ.</span> <span class='ocrx_word' id='word_1_477' title='bbox 1578 678 1706 715; x_wconf 82' lang='grc' dir='ltr'>τούσδ’·</span> <span class='ocrx_word' id='word_1_478' title='bbox 1734 681 1774 715; x_wconf 83' lang='grc' dir='ltr'>οὐ</span> <span class='ocrx_word' id='word_1_479' title='bbox 1791 681 1857 727; x_wconf 84' lang='grc' dir='ltr'>γὰρ</span> <span class='ocrx_word' id='word_1_480' title='bbox 1877 678 2039 729; x_wconf 86' lang='grc' dir='ltr'>Ἀργείων</span> <span class='ocrx_word' id='word_1_481' title='bbox 2054 683 2153 718; x_wconf 84' lang='grc' dir='ltr'>πόλει</span> 
     </span>
    </p>

    <p class='ocr_par' dir='ltr' id='par_1_48' title="bbox 1391 731 2049 780">
     <span class='ocr_line' id='line_1_111' title="bbox 1391 731 2049 780; baseline 0.006 -14"><span class='ocrx_word' id='word_1_482' title='bbox 1391 731 1538 776; x_wconf 83' lang='grc' dir='ltr'>ὑπήκοον</span> <span class='ocrx_word' id='word_1_483' title='bbox 1555 731 1657 776; x_wconf 80' lang='grc' dir='ltr'>τήνδ’,</span> <span class='ocrx_word' id='word_1_484' title='bbox 1677 732 1755 767; x_wconf 81' lang='grc' dir='ltr'>ἀλλ’</span> <span class='ocrx_word' id='word_1_485' title='bbox 1776 732 1955 780; x_wconf 88' lang='grc' dir='ltr'>ἐλευθέραν</span> <span class='ocrx_word' id='word_1_486' title='bbox 1972 735 2049 780; x_wconf 79' lang='grc' dir='ltr'>ἔχω.</span> 
     </span>
    </p>

    <p class='ocr_par' dir='ltr' id='par_1_49' title="bbox 1390 785 2011 831">
     <span class='ocr_line' id='line_1_112' title="bbox 1390 785 2011 831; baseline 0.005 -13"><span class='ocrx_word' id='word_1_487' title='bbox 1390 785 1459 831; x_wconf 85' lang='grc' dir='ltr'>ὥρα</span> <span class='ocrx_word' id='word_1_488' title='bbox 1475 786 1641 830; x_wconf 79' lang='grc' dir='ltr'>προνοεῖν,</span> <span class='ocrx_word' id='word_1_489' title='bbox 1659 785 1738 831; x_wconf 81' lang='grc' dir='ltr'>πρὶν</span> <span class='ocrx_word' id='word_1_490' title='bbox 1756 785 1846 831; x_wconf 87' lang='grc' dir='ltr'>ὅροις</span> <span class='ocrx_word' id='word_1_491' title='bbox 1862 786 2011 821; x_wconf 85' lang='grc' dir='ltr'>πελάσαι</span> 
     </span>
    </p>

    <p class='ocr_par' dir='ltr' id='par_1_50' title="bbox 1388 835 2106 885">
     <span class='ocr_line' id='line_1_113' title="bbox 1388 835 2106 885; baseline 0.006 -14"><span class='ocrx_word' id='word_1_492' title='bbox 1388 836 1534 883; x_wconf 82' lang='grc' dir='ltr'>στρατὸν</span> <span class='ocrx_word' id='word_1_493' title='bbox 1553 835 1723 883; x_wconf 86' lang='grc' dir='ltr'>Ἀργείων·</span> <span class='ocrx_word' id='word_1_494' title='bbox 1750 838 1843 882; x_wconf 88' lang='grc' dir='ltr'>μάλα</span> <span class='ocrx_word' id='word_1_495' title='bbox 1860 835 1891 872; x_wconf 89' lang='grc' dir='ltr'>δ’</span> <span class='ocrx_word' id='word_1_496' title='bbox 1911 837 1990 882; x_wconf 78' lang='grc' dir='ltr'>ὀξὺς</span> <span class='ocrx_word' id='word_1_497' title='bbox 2000 836 2106 885; x_wconf 73' lang='grc' dir='ltr'>Ἀρης</span> 
     </span>
    </p>

    <p class='ocr_par' dir='ltr' id='par_1_51' title="bbox 1389 888 2324 989">
     <span class='ocr_line' id='line_1_114' title="bbox 1393 888 2324 937; baseline 0.004 -14"><span class='ocrx_word' id='word_1_498' title='bbox 1393 890 1411 923; x_wconf 92' lang='grc' dir='ltr'>ὁ</span> <span class='ocrx_word' id='word_1_499' title='bbox 1430 888 1637 933; x_wconf 84' lang='grc' dir='ltr'>Μυκηναίων,</span> <span class='ocrx_word' id='word_1_500' title='bbox 2264 906 2324 937; x_wconf 64' lang='lat'>⁶90</span> 
     </span>
     <span class='ocr_line' id='line_1_115' title="bbox 1389 940 2023 989; baseline 0.005 -14"><span class='ocrx_word' id='word_1_501' title='bbox 1389 941 1443 976; x_wconf 83' lang='grc' dir='ltr'>ἐπὶ</span> <span class='ocrx_word' id='word_1_502' title='bbox 1460 942 1552 976; x_wconf 87' lang='grc' dir='ltr'>τοῖσι</span> <span class='ocrx_word' id='word_1_503' title='bbox 1570 941 1606 975; x_wconf 86' lang='grc' dir='ltr'>δέ</span> <span class='ocrx_word' id='word_1_504' title='bbox 1625 940 1665 985; x_wconf 87' lang='grc' dir='ltr'>δὴ</span> <span class='ocrx_word' id='word_1_505' title='bbox 1683 942 1816 984; x_wconf 83' lang='grc' dir='ltr'>μᾶλλον</span> <span class='ocrx_word' id='word_1_506' title='bbox 1833 940 1878 976; x_wconf 81' lang='grc' dir='ltr'>ἔτ’</span> <span class='ocrx_word' id='word_1_507' title='bbox 1898 941 1917 987; x_wconf 86' lang='grc' dir='ltr'>ἢ</span> <span class='ocrx_word' id='word_1_508' title='bbox 1935 942 2023 989; x_wconf 86' lang='grc' dir='ltr'>πρίν,</span> 
     </span>
    </p>

    <p class='ocr_par' dir='ltr' id='par_1_52' title="bbox 1389 992 1936 1040">
     <span class='ocr_line' id='line_1_116' title="bbox 1389 992 1936 1040; baseline 0.005 -13"><span class='ocrx_word' id='word_1_509' title='bbox 1389 994 1476 1028; x_wconf 81' lang='grc' dir='ltr'>πᾶσι</span> <span class='ocrx_word' id='word_1_510' title='bbox 1493 995 1559 1040; x_wconf 88' lang='grc' dir='ltr'>γὰρ</span> <span class='ocrx_word' id='word_1_511' title='bbox 1578 992 1674 1029; x_wconf 76' lang='grc' dir='ltr'>οὗτος</span> <span class='ocrx_word' id='word_1_512' title='bbox 1692 992 1809 1039; x_wconf 81' lang='grc' dir='ltr'>κήρυξι</span> <span class='ocrx_word' id='word_1_513' title='bbox 1828 995 1936 1039; x_wconf 89' lang='grc' dir='ltr'>νόμος,</span> 
     </span>
    </p>

    <p class='ocr_par' dir='ltr' id='par_1_53' title="bbox 1388 1046 2020 1093">
     <span class='ocr_line' id='line_1_117' title="bbox 1388 1046 2020 1093; baseline 0.005 -14"><span class='ocrx_word' id='word_1_514' title='bbox 1388 1046 1439 1081; x_wconf 89' lang='grc' dir='ltr'>δὶς</span> <span class='ocrx_word' id='word_1_515' title='bbox 1456 1048 1543 1080; x_wconf 90' lang='grc' dir='ltr'>τόσα</span> <span class='ocrx_word' id='word_1_516' title='bbox 1559 1048 1710 1092; x_wconf 88' lang='grc' dir='ltr'>πυργοῦν</span> <span class='ocrx_word' id='word_1_517' title='bbox 1726 1049 1792 1080; x_wconf 91' lang='grc' dir='ltr'>τῶν</span> <span class='ocrx_word' id='word_1_518' title='bbox 1808 1047 2020 1093; x_wconf 88' lang='grc' dir='ltr'>γιγνομένων.</span> 
     </span>
    </p>

    <p class='ocr_par' dir='ltr' id='par_1_54' title="bbox 1386 1097 2015 1143">
     <span class='ocr_line' id='line_1_118' title="bbox 1386 1097 2015 1143; baseline 0.006 -12"><span class='ocrx_word' id='word_1_519' title='bbox 1386 1099 1479 1132; x_wconf 90' lang='grc' dir='ltr'>πόσα</span> <span class='ocrx_word' id='word_1_520' title='bbox 1497 1112 1547 1132; x_wconf 94' lang='grc' dir='ltr'>νιν</span> <span class='ocrx_word' id='word_1_521' title='bbox 1564 1097 1676 1140; x_wconf 84' lang='grc' dir='ltr'>λέξειν</span> <span class='ocrx_word' id='word_1_522' title='bbox 1692 1099 1880 1140; x_wconf 87' lang='grc' dir='ltr'>βασιλεῦσι</span> <span class='ocrx_word' id='word_1_523' title='bbox 1898 1100 2015 1143; x_wconf 82' lang='grc' dir='ltr'>δοκεῖς,</span> 
     </span>
    </p>

    <p class='ocr_par' dir='ltr' id='par_1_55' title="bbox 1389 1148 1984 1199">
     <span class='ocr_line' id='line_1_119' title="bbox 1389 1148 1984 1199; baseline 0.005 -15"><span class='ocrx_word' id='word_1_524' title='bbox 1389 1151 1433 1185; x_wconf 85' lang='grc' dir='ltr'>ὡς</span> <span class='ocrx_word' id='word_1_525' title='bbox 1450 1148 1530 1184; x_wconf 90' lang='grc' dir='ltr'>δείν’</span> <span class='ocrx_word' id='word_1_526' title='bbox 1550 1149 1672 1185; x_wconf 76' lang='grc' dir='ltr'>ἔπαθεν</span> <span class='ocrx_word' id='word_1_527' title='bbox 1689 1150 1743 1184; x_wconf 78' lang='grc' dir='ltr'>καὶ</span> <span class='ocrx_word' id='word_1_528' title='bbox 1759 1151 1851 1197; x_wconf 84' lang='grc' dir='ltr'>παρὰ</span> <span class='ocrx_word' id='word_1_529' title='bbox 1866 1152 1984 1199; x_wconf 83' lang='grc' dir='ltr'>μικρὸν</span> 
     </span>
    </p>

    <p class='ocr_par' dir='ltr' id='par_1_56' title="bbox 1390 1201 1846 1248">
     <span class='ocr_line' id='line_1_120' title="bbox 1390 1201 1846 1248; baseline 0.004 -12"><span class='ocrx_word' id='word_1_530' title='bbox 1390 1202 1509 1248; x_wconf 89' lang='grc' dir='ltr'>ψυχὴν</span> <span class='ocrx_word' id='word_1_531' title='bbox 1526 1201 1630 1246; x_wconf 85' lang='grc' dir='ltr'>ἦλθεν</span> <span class='ocrx_word' id='word_1_532' title='bbox 1647 1202 1846 1238; x_wconf 84' lang='grc' dir='ltr'>διακναῖσαι.</span> 
     </span>
    </p>

    <p class='ocr_par' dir='ltr' id='par_1_57' title="bbox 1389 1255 2059 1303">
     <span class='ocr_line' id='line_1_121' title="bbox 1389 1255 2059 1303; baseline 0.003 -15"><span class='ocrx_word' id='word_1_533' title='bbox 1389 1255 1449 1288; x_wconf 80' lang='grc' dir='ltr'>οὐκ</span> <span class='ocrx_word' id='word_1_534' title='bbox 1467 1255 1542 1289; x_wconf 80' lang='grc' dir='ltr'>ἔστι</span> <span class='ocrx_word' id='word_1_535' title='bbox 1560 1255 1657 1289; x_wconf 87' lang='grc' dir='ltr'>τοῦδε</span> <span class='ocrx_word' id='word_1_536' title='bbox 1674 1255 1772 1290; x_wconf 86' lang='grc' dir='ltr'>παισὶ</span> <span class='ocrx_word' id='word_1_537' title='bbox 1791 1256 1932 1290; x_wconf 90' lang='grc' dir='ltr'>κάλλιον</span> <span class='ocrx_word' id='word_1_538' title='bbox 1947 1255 2059 1303; x_wconf 81' lang='grc' dir='ltr'>γέρας,</span> 
     </span>
    </p>

    <p class='ocr_par' dir='ltr' id='par_1_58' title="bbox 1387 1305 2183 1457">
     <span class='ocr_line' id='line_1_122' title="bbox 1388 1305 2075 1354; baseline 0.003 -13"><span class='ocrx_word' id='word_1_539' title='bbox 1388 1305 1407 1351; x_wconf 91' lang='grc' dir='ltr'>ἢ</span> <span class='ocrx_word' id='word_1_540' title='bbox 1426 1307 1551 1353; x_wconf 85' lang='grc' dir='ltr'>πατρὸς</span> <span class='ocrx_word' id='word_1_541' title='bbox 1570 1307 1697 1342; x_wconf 83' lang='grc' dir='ltr'>ἐσθλοῦ</span> <span class='ocrx_word' id='word_1_542' title='bbox 1716 1306 1863 1354; x_wconf 88' lang='grc' dir='ltr'>κάγαθοῦ</span> <span class='ocrx_word' id='word_1_543' title='bbox 1880 1307 2075 1354; x_wconf 88' lang='grc' dir='ltr'>πεφυκέναι,</span> 
     </span>
     <span class='ocr_line' id='line_1_123' title="bbox 1387 1358 2183 1410; baseline 0.008 -18"><span class='ocrx_word' id='word_1_544' title='bbox 1387 1361 1506 1405; x_wconf 89' lang='grc' dir='ltr'>γαμεῖν</span> <span class='ocrx_word' id='word_1_545' title='bbox 1522 1359 1552 1394; x_wconf 88' lang='grc' dir='ltr'>τ’</span> <span class='ocrx_word' id='word_1_546' title='bbox 1572 1359 1629 1395; x_wconf 79' lang='grc' dir='ltr'>ἀπ’</span> <span class='ocrx_word' id='word_1_547' title='bbox 1650 1358 1795 1395; x_wconf 84' lang='grc' dir='ltr'>ἐσθλῶν·</span> <span class='ocrx_word' id='word_1_548' title='bbox 1824 1359 1861 1396; x_wconf 80' lang='grc' dir='ltr'>ὃς</span> <span class='ocrx_word' id='word_1_549' title='bbox 1877 1360 1913 1395; x_wconf 77' lang='grc' dir='ltr'>δὲ</span> <span class='ocrx_word' id='word_1_550' title='bbox 1932 1359 2073 1404; x_wconf 82' lang='grc' dir='ltr'>νικηθεὶς</span> <span class='ocrx_word' id='word_1_551' title='bbox 2089 1361 2183 1410; x_wconf 81' lang='grc' dir='ltr'>πόθῳ</span> 
     </span>
     <span class='ocr_line' id='line_1_124' title="bbox 1388 1411 2016 1457; baseline 0.002 -12"><span class='ocrx_word' id='word_1_552' title='bbox 1388 1413 1499 1448; x_wconf 83' lang='grc' dir='ltr'>κακοῖς</span> <span class='ocrx_word' id='word_1_553' title='bbox 1517 1411 1743 1457; x_wconf 86' lang='grc' dir='ltr'>ἐκοινώνησεν,</span> <span class='ocrx_word' id='word_1_554' title='bbox 1763 1412 1822 1447; x_wconf 84' lang='grc' dir='ltr'>οὐκ</span> <span class='ocrx_word' id='word_1_555' title='bbox 1841 1412 2016 1456; x_wconf 84' lang='grc' dir='ltr'>ἐπαινέσω,</span> 
     </span>
    </p>

    <p class='ocr_par' dir='ltr' id='par_1_59' title="bbox 1387 1462 2058 1509">
     <span class='ocr_line' id='line_1_125' title="bbox 1387 1462 2058 1509; baseline 0.003 -12"><span class='ocrx_word' id='word_1_556' title='bbox 1387 1463 1512 1499; x_wconf 83' lang='grc' dir='ltr'>τέκνοις</span> <span class='ocrx_word' id='word_1_557' title='bbox 1530 1463 1655 1500; x_wconf 81' lang='grc' dir='ltr'>ὄνειδος</span> <span class='ocrx_word' id='word_1_558' title='bbox 1672 1462 1783 1509; x_wconf 76' lang='grc' dir='ltr'>οὕνεχ’</span> <span class='ocrx_word' id='word_1_559' title='bbox 1803 1463 1922 1509; x_wconf 85' lang='grc' dir='ltr'>ἡδονῆς</span> <span class='ocrx_word' id='word_1_560' title='bbox 1939 1465 2058 1499; x_wconf 88' lang='grc' dir='ltr'>λιπεῖν.</span> 
     </span>
    </p>

    <p class='ocr_par' dir='ltr' id='par_1_60' title="bbox 1387 1515 2023 1563">
     <span class='ocr_line' id='line_1_126' title="bbox 1387 1515 2023 1563; baseline 0.002 -13"><span class='ocrx_word' id='word_1_561' title='bbox 1387 1517 1425 1550; x_wconf 85' lang='grc' dir='ltr'>τὸ</span> <span class='ocrx_word' id='word_1_562' title='bbox 1445 1516 1609 1562; x_wconf 82' lang='grc' dir='ltr'>δυστυχὲς</span> <span class='ocrx_word' id='word_1_563' title='bbox 1626 1517 1692 1563; x_wconf 86' lang='grc' dir='ltr'>γὰρ</span> <span class='ocrx_word' id='word_1_564' title='bbox 1709 1515 1849 1562; x_wconf 66' lang='grc' dir='ltr'>ηὑγένει’</span> <span class='ocrx_word' id='word_1_565' title='bbox 1868 1516 2023 1562; x_wconf 81' lang='grc' dir='ltr'>ἀμύνεται</span> 
     </span>
    </p>

    <p class='ocr_par' dir='ltr' id='par_1_61' title="bbox 1387 1568 2144 1667">
     <span class='ocr_line' id='line_1_127' title="bbox 1387 1568 2144 1616; baseline 0.003 -13"><span class='ocrx_word' id='word_1_566' title='bbox 1387 1568 1446 1612; x_wconf 86' lang='grc' dir='ltr'>τῆς</span> <span class='ocrx_word' id='word_1_567' title='bbox 1464 1569 1657 1616; x_wconf 86' lang='grc' dir='ltr'>δυσγενείας</span> <span class='ocrx_word' id='word_1_568' title='bbox 1674 1570 1817 1613; x_wconf 81' lang='grc' dir='ltr'>μᾶλλον·</span> <span class='ocrx_word' id='word_1_569' title='bbox 1844 1568 1937 1614; x_wconf 83' lang='grc' dir='ltr'>ἡμεῖς</span> <span class='ocrx_word' id='word_1_570' title='bbox 1953 1570 2020 1615; x_wconf 86' lang='grc' dir='ltr'>γὰρ</span> <span class='ocrx_word' id='word_1_571' title='bbox 2038 1574 2144 1605; x_wconf 86' lang='grc' dir='ltr'>κακῶν</span> 
     </span>
     <span class='ocr_line' id='line_1_128' title="bbox 1390 1620 2104 1667; baseline 0.004 -13"><span class='ocrx_word' id='word_1_572' title='bbox 1390 1620 1424 1656; x_wconf 90' lang='grc' dir='ltr'>ἐς</span> <span class='ocrx_word' id='word_1_573' title='bbox 1440 1622 1629 1666; x_wconf 83' lang='grc' dir='ltr'>τοῦσχατον</span> <span class='ocrx_word' id='word_1_574' title='bbox 1642 1622 1804 1657; x_wconf 88' lang='grc' dir='ltr'>πεσόντες</span> <span class='ocrx_word' id='word_1_575' title='bbox 1821 1620 1963 1667; x_wconf 81' lang='grc' dir='ltr'>ηὕρομεν</span> <span class='ocrx_word' id='word_1_576' title='bbox 1980 1621 2104 1666; x_wconf 83' lang='grc' dir='ltr'>φίλους</span> 
     </span>
    </p>

    <p class='ocr_par' dir='ltr' id='par_1_62' title="bbox 1387 1670 2196 1877">
     <span class='ocr_line' id='line_1_129' title="bbox 1388 1670 2196 1720; baseline 0.006 -14"><span class='ocrx_word' id='word_1_577' title='bbox 1388 1674 1441 1707; x_wconf 84' lang='grc' dir='ltr'>καὶ</span> <span class='ocrx_word' id='word_1_578' title='bbox 1459 1673 1630 1720; x_wconf 84' lang='grc' dir='ltr'>ξυγγενεῖς</span> <span class='ocrx_word' id='word_1_579' title='bbox 1646 1673 1775 1712; x_wconf 80' lang='grc' dir='ltr'>τούσδ’,</span> <span class='ocrx_word' id='word_1_580' title='bbox 1795 1670 1828 1708; x_wconf 82' lang='grc' dir='ltr'>οἳ</span> <span class='ocrx_word' id='word_1_581' title='bbox 1845 1673 1987 1718; x_wconf 56' lang='lat' dir='ltr'>roo-&#39;‘7176‘’</span> <span class='ocrx_word' id='word_1_582' title='bbox 2006 1674 2196 1719; x_wconf 80' lang='grc' dir='ltr'>οἰκουμένης</span> 
     </span>
     <span class='ocr_line' id='line_1_130' title="bbox 1387 1723 2143 1772; baseline 0.005 -14"><span class='ocrx_word' id='word_1_583' title='bbox 1387 1723 1584 1769; x_wconf 84' lang='grc' dir='ltr'>Ἑλληνίδος</span> <span class='ocrx_word' id='word_1_584' title='bbox 1601 1727 1663 1772; x_wconf 84' lang='grc' dir='ltr'>γῆς</span> <span class='ocrx_word' id='word_1_585' title='bbox 1680 1726 1783 1760; x_wconf 90' lang='grc' dir='ltr'>τῶνδε</span> <span class='ocrx_word' id='word_1_586' title='bbox 1800 1728 2020 1772; x_wconf 80' lang='grc' dir='ltr'>προῦστησαν</span> <span class='ocrx_word' id='word_1_587' title='bbox 2035 1727 2143 1771; x_wconf 91' lang='grc' dir='ltr'>μόνοι.</span> 
     </span>
     <span class='ocr_line' id='line_1_131' title="bbox 1390 1777 2113 1825; baseline 0.003 -13"><span class='ocrx_word' id='word_1_588' title='bbox 1390 1777 1472 1818; x_wconf 86' lang='grc' dir='ltr'>δότ’,</span> <span class='ocrx_word' id='word_1_589' title='bbox 1493 1778 1518 1812; x_wconf 84' lang='grc' dir='ltr'><strong>ὦ</strong></span> <span class='ocrx_word' id='word_1_590' title='bbox 1536 1778 1634 1820; x_wconf 88' lang='grc' dir='ltr'>τέκν’,</span> <span class='ocrx_word' id='word_1_591' title='bbox 1654 1779 1766 1814; x_wconf 82' lang='grc' dir='ltr'>αὐτοῖς</span> <span class='ocrx_word' id='word_1_592' title='bbox 1782 1779 1881 1825; x_wconf 90' lang='grc' dir='ltr'>χεῖρα</span> <span class='ocrx_word' id='word_1_593' title='bbox 1898 1778 2011 1822; x_wconf 88' lang='grc' dir='ltr'>δεξιὰν</span> <span class='ocrx_word' id='word_1_594' title='bbox 2028 1778 2113 1820; x_wconf 90' lang='grc' dir='ltr'>δότε,</span> 
     </span>
     <span class='ocr_line' id='line_1_132' title="bbox 1390 1829 2089 1877; baseline 0.003 -14"><span class='ocrx_word' id='word_1_595' title='bbox 1390 1830 1482 1875; x_wconf 79' lang='grc' dir='ltr'>ὑμεῖς</span> <span class='ocrx_word' id='word_1_596' title='bbox 1499 1845 1536 1865; x_wconf 88' lang='grc' dir='ltr'>τε</span> <span class='ocrx_word' id='word_1_597' title='bbox 1553 1831 1662 1872; x_wconf 80' lang='grc' dir='ltr'>παισὶ,</span> <span class='ocrx_word' id='word_1_598' title='bbox 1682 1831 1736 1866; x_wconf 83' lang='grc' dir='ltr'>καὶ</span> <span class='ocrx_word' id='word_1_599' title='bbox 1752 1832 1858 1866; x_wconf 89' lang='grc' dir='ltr'>πέλας</span> <span class='ocrx_word' id='word_1_600' title='bbox 1870 1829 2089 1877; x_wconf 88' lang='grc' dir='ltr'>προσέλθετε.</span> 
     </span>
    </p>

    <p class='ocr_par' dir='ltr' id='par_1_63' title="bbox 1390 1881 2133 1930">
     <span class='ocr_line' id='line_1_133' title="bbox 1390 1881 2133 1930; baseline 0.003 -14"><span class='ocrx_word' id='word_1_601' title='bbox 1390 1881 1416 1916; x_wconf 80' lang='grc' dir='ltr'><em>ὦ</em></span> <span class='ocrx_word' id='word_1_602' title='bbox 1433 1883 1557 1924; x_wconf 86' lang='grc' dir='ltr'>παῖδες,</span> <span class='ocrx_word' id='word_1_603' title='bbox 1579 1884 1612 1919; x_wconf 88' lang='grc' dir='ltr'>ἐς</span> <span class='ocrx_word' id='word_1_604' title='bbox 1629 1883 1689 1928; x_wconf 82' lang='grc' dir='ltr'>μὲν</span> <span class='ocrx_word' id='word_1_605' title='bbox 1705 1884 1824 1930; x_wconf 91' lang='grc' dir='ltr'>πεῖραν</span> <span class='ocrx_word' id='word_1_606' title='bbox 1841 1882 1994 1928; x_wconf 79' lang='grc' dir='ltr'>ἤλθομεν</span> <span class='ocrx_word' id='word_1_607' title='bbox 2011 1882 2133 1928; x_wconf 88' lang='grc' dir='ltr'>φίλων,</span> 
     </span>
    </p>

    <p class='ocr_par' dir='ltr' id='par_1_64' title="bbox 1389 1934 2198 2086">
     <span class='ocr_line' id='line_1_134' title="bbox 1389 1934 2198 1982; baseline 0 -12"><span class='ocrx_word' id='word_1_608' title='bbox 1389 1934 1428 1979; x_wconf 83' lang='grc' dir='ltr'>ἢν</span> <span class='ocrx_word' id='word_1_609' title='bbox 1446 1934 1475 1970; x_wconf 83' lang='grc' dir='ltr'>δ’</span> <span class='ocrx_word' id='word_1_610' title='bbox 1496 1935 1554 1970; x_wconf 79' lang='grc' dir='ltr'>οὖν</span> <span class='ocrx_word' id='word_1_611' title='bbox 1570 1935 1648 1970; x_wconf 90' lang='grc' dir='ltr'>ποθ’</span> <span class='ocrx_word' id='word_1_612' title='bbox 1668 1936 1744 1980; x_wconf 82' lang='grc' dir='ltr'>ὑμῖν</span> <span class='ocrx_word' id='word_1_613' title='bbox 1762 1938 1882 1971; x_wconf 90' lang='grc' dir='ltr'>νόστος</span> <span class='ocrx_word' id='word_1_614' title='bbox 1901 1934 1934 1971; x_wconf 83' lang='grc' dir='ltr'>ἐς</span> <span class='ocrx_word' id='word_1_615' title='bbox 1950 1935 2079 1982; x_wconf 89' lang='grc' dir='ltr'>πάτραν</span> <span class='ocrx_word' id='word_1_616' title='bbox 2095 1935 2198 1982; x_wconf 84' lang='grc' dir='ltr'>φανῇ,</span> 
     </span>
     <span class='ocr_line' id='line_1_135' title="bbox 1391 1986 2098 2034; baseline 0.001 -12"><span class='ocrx_word' id='word_1_617' title='bbox 1391 1988 1444 2022; x_wconf 79' lang='grc' dir='ltr'>καὶ</span> <span class='ocrx_word' id='word_1_618' title='bbox 1463 1987 1584 2032; x_wconf 85' lang='grc' dir='ltr'>δώματ’</span> <span class='ocrx_word' id='word_1_619' title='bbox 1605 1986 1761 2032; x_wconf 87' lang='grc' dir='ltr'>οἷκήσητε</span> <span class='ocrx_word' id='word_1_620' title='bbox 1779 1988 1833 2022; x_wconf 82' lang='grc' dir='ltr'>καὶ</span> <span class='ocrx_word' id='word_1_621' title='bbox 1850 1987 1946 2033; x_wconf 83' lang='grc' dir='ltr'>τιμὰς</span> <span class='ocrx_word' id='word_1_622' title='bbox 1962 1988 2098 2034; x_wconf 86' lang='grc' dir='ltr'>πατρὸς,</span> 
     </span>
     <span class='ocr_line' id='line_1_136' title="bbox 1391 2039 2002 2086; baseline -0.003 -11"><span class='ocrx_word' id='word_1_623' title='bbox 1391 2042 1544 2086; x_wconf 80' lang='grc' dir='ltr'>σωτῆρας</span> <span class='ocrx_word' id='word_1_624' title='bbox 1562 2041 1613 2074; x_wconf 88' lang='grc' dir='ltr'>ἀεὶ</span> <span class='ocrx_word' id='word_1_625' title='bbox 1631 2041 1685 2074; x_wconf 90' lang='grc' dir='ltr'>καὶ</span> <span class='ocrx_word' id='word_1_626' title='bbox 1702 2039 1826 2085; x_wconf 90' lang='grc' dir='ltr'>φίλους</span> <span class='ocrx_word' id='word_1_627' title='bbox 1844 2039 2002 2085; x_wconf 76' lang='grc' dir='ltr'>νομίζετε,</span> 
     </span>
    </p>

    <p class='ocr_par' dir='ltr' id='par_1_65' title="bbox 1390 2087 2140 2243">
     <span class='ocr_line' id='line_1_137' title="bbox 1392 2087 2140 2138; baseline -0.001 -11"><span class='ocrx_word' id='word_1_628' title='bbox 1392 2093 1444 2127; x_wconf 75' lang='grc' dir='ltr'>καὶ</span> <span class='ocrx_word' id='word_1_629' title='bbox 1459 2087 1582 2138; x_wconf 39' lang='grc' dir='ltr'>’μήποτ’</span> <span class='ocrx_word' id='word_1_630' title='bbox 1604 2093 1637 2128; x_wconf 90' lang='grc' dir='ltr'>ἐς</span> <span class='ocrx_word' id='word_1_631' title='bbox 1653 2094 1717 2138; x_wconf 83' lang='grc' dir='ltr'>γῆν</span> <span class='ocrx_word' id='word_1_632' title='bbox 1735 2091 1857 2138; x_wconf 88' lang='grc' dir='ltr'>ἐχθρὸν</span> <span class='ocrx_word' id='word_1_633' title='bbox 1874 2091 2028 2138; x_wconf 79' lang='grc' dir='ltr'>αἴρεσθαι</span> <span class='ocrx_word' id='word_1_634' title='bbox 2047 2092 2140 2138; x_wconf 84' lang='grc' dir='ltr'>δόρυ,</span> 
     </span>
     <span class='ocr_line' id='line_1_138' title="bbox 1390 2144 2124 2190; baseline -0.001 -11"><span class='ocrx_word' id='word_1_635' title='bbox 1390 2144 1588 2189; x_wconf 89' lang='grc' dir='ltr'>μεμνημένοι</span> <span class='ocrx_word' id='word_1_636' title='bbox 1605 2144 1711 2186; x_wconf 81' lang='grc' dir='ltr'>τῶνδ’,</span> <span class='ocrx_word' id='word_1_637' title='bbox 1731 2145 1822 2180; x_wconf 87' lang='grc' dir='ltr'>ἀλλὰ</span> <span class='ocrx_word' id='word_1_638' title='bbox 1839 2145 2007 2190; x_wconf 91' lang='grc' dir='ltr'>φιλτάτην</span> <span class='ocrx_word' id='word_1_639' title='bbox 2023 2145 2124 2179; x_wconf 82' lang='grc' dir='ltr'>πόλιν</span> 
     </span>
     <span class='ocr_line' id='line_1_139' title="bbox 1390 2195 2088 2243; baseline -0.001 -12"><span class='ocrx_word' id='word_1_640' title='bbox 1390 2200 1510 2232; x_wconf 89' lang='grc' dir='ltr'>πασῶν</span> <span class='ocrx_word' id='word_1_641' title='bbox 1527 2195 1679 2242; x_wconf 81' lang='grc' dir='ltr'>νομίζετ’.</span> <span class='ocrx_word' id='word_1_642' title='bbox 1718 2196 1807 2240; x_wconf 69' lang='grc' dir='ltr'>ἄξιοί</span> <span class='ocrx_word' id='word_1_643' title='bbox 1823 2195 1858 2243; x_wconf 82' lang='grc' dir='ltr'>γ’</span> <span class='ocrx_word' id='word_1_644' title='bbox 1878 2197 1954 2241; x_wconf 84' lang='grc' dir='ltr'>ὑμῖν</span> <span class='ocrx_word' id='word_1_645' title='bbox 1972 2197 2088 2238; x_wconf 84' lang='grc' dir='ltr'>σέβειν</span> 
     </span>
    </p>

    <p class='ocr_par' dir='ltr' id='par_1_66' title="bbox 1392 2246 2074 2295">
     <span class='ocr_line' id='line_1_140' title="bbox 1392 2246 2074 2295; baseline 0.001 -13"><span class='ocrx_word' id='word_1_646' title='bbox 1392 2246 1424 2283; x_wconf 78' lang='grc' dir='ltr'>οἳ</span> <span class='ocrx_word' id='word_1_647' title='bbox 1440 2250 1504 2295; x_wconf 87' lang='grc' dir='ltr'>γῆν</span> <span class='ocrx_word' id='word_1_648' title='bbox 1521 2249 1663 2293; x_wconf 82' lang='grc' dir='ltr'>τοσήνδε</span> <span class='ocrx_word' id='word_1_649' title='bbox 1681 2250 1734 2283; x_wconf 80' lang='grc' dir='ltr'>καὶ</span> <span class='ocrx_word' id='word_1_650' title='bbox 1753 2249 1968 2295; x_wconf 83' lang='grc' dir='ltr'>Πελασγικὸν</span> <span class='ocrx_word' id='word_1_651' title='bbox 1986 2249 2074 2283; x_wconf 83' lang='grc' dir='ltr'>λεὼν</span> 
     </span>
    </p>

    <p class='ocr_par' dir='ltr' id='par_1_67' title="bbox 1391 2300 2127 2451">
     <span class='ocr_line' id='line_1_141' title="bbox 1392 2300 2053 2346; baseline 0 -11"><span class='ocrx_word' id='word_1_652' title='bbox 1392 2300 1483 2345; x_wconf 80' lang='grc' dir='ltr'>ἡμῶν</span> <span class='ocrx_word' id='word_1_653' title='bbox 1499 2301 1737 2346; x_wconf 84' lang='grc' dir='ltr'>ὑπηλλάξαντο</span> <span class='ocrx_word' id='word_1_654' title='bbox 1754 2301 1935 2346; x_wconf 88' lang='grc' dir='ltr'>πολεμίους</span> <span class='ocrx_word' id='word_1_655' title='bbox 1952 2301 2053 2346; x_wconf 80' lang='grc' dir='ltr'>ἔχειν,</span> 
     </span>
     <span class='ocr_line' id='line_1_142' title="bbox 1391 2352 2127 2399; baseline 0.001 -11"><span class='ocrx_word' id='word_1_656' title='bbox 1391 2353 1546 2398; x_wconf 87' lang='grc' dir='ltr'>πτωχοὺς</span> <span class='ocrx_word' id='word_1_657' title='bbox 1563 2353 1688 2398; x_wconf 84' lang='grc' dir='ltr'>ἀλήτας</span> <span class='ocrx_word' id='word_1_658' title='bbox 1706 2354 1912 2399; x_wconf 85' lang='grc' dir='ltr'>εἷσορῶντες·</span> <span class='ocrx_word' id='word_1_659' title='bbox 1939 2352 2018 2387; x_wconf 88' lang='grc' dir='ltr'>ἀλλ’</span> <span class='ocrx_word' id='word_1_660' title='bbox 2039 2352 2127 2397; x_wconf 85' lang='grc' dir='ltr'>ὅμως</span> 
     </span>
     <span class='ocr_line' id='line_1_143' title="bbox 1393 2404 2078 2451; baseline 0 -12"><span class='ocrx_word' id='word_1_661' title='bbox 1393 2406 1452 2439; x_wconf 82' lang='grc' dir='ltr'>οὐκ</span> <span class='ocrx_word' id='word_1_662' title='bbox 1471 2405 1643 2448; x_wconf 80' lang='grc' dir='ltr'>ἐξέδωκαν,</span> <span class='ocrx_word' id='word_1_663' title='bbox 1663 2405 1734 2441; x_wconf 77' lang='grc' dir='ltr'>οὐδ’</span> <span class='ocrx_word' id='word_1_664' title='bbox 1753 2404 1932 2450; x_wconf 86' lang='grc' dir='ltr'>ἀπήλασαν</span> <span class='ocrx_word' id='word_1_665' title='bbox 1948 2405 2078 2451; x_wconf 91' lang='grc' dir='ltr'>χθονός.</span> 
     </span>
    </p>

    <p class='ocr_par' dir='ltr' id='par_1_68' title="bbox 1393 2456 2133 2610">
     <span class='ocr_line' id='line_1_144' title="bbox 1393 2456 2089 2504; baseline 0.001 -13"><span class='ocrx_word' id='word_1_666' title='bbox 1393 2456 1460 2504; x_wconf 85' lang='grc' dir='ltr'>ἐγὼ</span> <span class='ocrx_word' id='word_1_667' title='bbox 1480 2458 1516 2492; x_wconf 82' lang='grc' dir='ltr'>δέ</span> <span class='ocrx_word' id='word_1_668' title='bbox 1534 2458 1588 2492; x_wconf 87' lang='grc' dir='ltr'>καὶ</span> <span class='ocrx_word' id='word_1_669' title='bbox 1607 2459 1669 2501; x_wconf 81' lang='grc' dir='ltr'>ζῶν</span> <span class='ocrx_word' id='word_1_670' title='bbox 1686 2458 1739 2492; x_wconf 77' lang='grc' dir='ltr'>καὶ</span> <span class='ocrx_word' id='word_1_671' title='bbox 1758 2458 1874 2501; x_wconf 85' lang='grc' dir='ltr'>θανὼν,</span> <span class='ocrx_word' id='word_1_672' title='bbox 1893 2457 1972 2492; x_wconf 87' lang='grc' dir='ltr'>ὅταν</span> <span class='ocrx_word' id='word_1_673' title='bbox 1990 2458 2089 2497; x_wconf 90' lang='grc' dir='ltr'>θάνω,</span> 
     </span>
     <span class='ocr_line' id='line_1_145' title="bbox 1393 2509 2133 2558; baseline 0.003 -14"><span class='ocrx_word' id='word_1_674' title='bbox 1393 2511 1514 2558; x_wconf 81' lang='grc' dir='ltr'>πολλῷ</span> <span class='ocrx_word' id='word_1_675' title='bbox 1532 2509 1567 2545; x_wconf 88' lang='grc' dir='ltr'>σ’</span> <span class='ocrx_word' id='word_1_676' title='bbox 1588 2510 1709 2558; x_wconf 82' lang='grc' dir='ltr'>ἐπαίνῳ</span> <span class='ocrx_word' id='word_1_677' title='bbox 1728 2512 1876 2555; x_wconf 86' lang='grc' dir='ltr'>Θησέως,</span> <span class='ocrx_word' id='word_1_678' title='bbox 1897 2509 1922 2544; x_wconf 80' lang='grc' dir='ltr'><strong><em>ὦ</em></strong></span> <span class='ocrx_word' id='word_1_679' title='bbox 1940 2512 2010 2552; x_wconf 83' lang='grc' dir='ltr'>τᾶν,</span> <span class='ocrx_word' id='word_1_680' title='bbox 2028 2511 2133 2554; x_wconf 73' lang='grc' dir='ltr'>πέλας</span> 
     </span>
     <span class='ocr_line' id='line_1_146' title="bbox 1394 2561 2092 2610; baseline 0.001 -14"><span class='ocrx_word' id='word_1_681' title='bbox 1394 2562 1532 2608; x_wconf 82' lang='grc' dir='ltr'>ὑψηλὸν</span> <span class='ocrx_word' id='word_1_682' title='bbox 1549 2561 1618 2609; x_wconf 89' lang='grc' dir='ltr'>ἀρῶ</span> <span class='ocrx_word' id='word_1_683' title='bbox 1637 2563 1691 2597; x_wconf 84' lang='grc' dir='ltr'>καὶ</span> <span class='ocrx_word' id='word_1_684' title='bbox 1707 2562 1818 2610; x_wconf 86' lang='grc' dir='ltr'>λέγων</span> <span class='ocrx_word' id='word_1_685' title='bbox 1834 2561 1906 2597; x_wconf 80' lang='grc' dir='ltr'>τάδ’</span> <span class='ocrx_word' id='word_1_686' title='bbox 1927 2563 2092 2609; x_wconf 77' lang='grc' dir='ltr'>εὐφρανῶ,</span> 
     </span>
    </p>

    <p class='ocr_par' dir='ltr' id='par_1_69' title="bbox 1397 2613 2079 2661">
     <span class='ocr_line' id='line_1_147' title="bbox 1397 2613 2079 2661; baseline 0.003 -13"><span class='ocrx_word' id='word_1_687' title='bbox 1397 2615 1440 2650; x_wconf 83' lang='grc' dir='ltr'>ὧς</span> <span class='ocrx_word' id='word_1_688' title='bbox 1458 2613 1495 2648; x_wconf 81' lang='grc' dir='ltr'>εὖ</span> <span class='ocrx_word' id='word_1_689' title='bbox 1513 2613 1542 2649; x_wconf 76' lang='grc' dir='ltr'>τ’</span> <span class='ocrx_word' id='word_1_690' title='bbox 1562 2614 1664 2658; x_wconf 88' lang='grc' dir='ltr'>ἐδέξω</span> <span class='ocrx_word' id='word_1_691' title='bbox 1682 2616 1736 2649; x_wconf 89' lang='grc' dir='ltr'>καὶ</span> <span class='ocrx_word' id='word_1_692' title='bbox 1753 2615 1918 2649; x_wconf 82' lang='grc' dir='ltr'>τέκνοισιν</span> <span class='ocrx_word' id='word_1_693' title='bbox 1935 2617 2079 2661; x_wconf 78' lang='grc' dir='ltr'>ἤρκεσας</span> 
     </span>
    </p>

    <p class='ocr_par' dir='ltr' id='par_1_70' title="bbox 1396 2666 2325 2922">
     <span class='ocr_line' id='line_1_148' title="bbox 1396 2666 2142 2713; baseline 0.001 -13"><span class='ocrx_word' id='word_1_694' title='bbox 1396 2669 1464 2702; x_wconf 84' lang='grc' dir='ltr'>τοῖς</span> <span class='ocrx_word' id='word_1_695' title='bbox 1480 2666 1704 2713; x_wconf 70' lang='grc' dir='ltr'>“Ηρακλείοις,</span> <span class='ocrx_word' id='word_1_696' title='bbox 1723 2667 1857 2713; x_wconf 75' lang='grc' dir='ltr'>εὐγενὴς</span> <span class='ocrx_word' id='word_1_697' title='bbox 1875 2668 1904 2702; x_wconf 86' lang='grc' dir='ltr'>δ’</span> <span class='ocrx_word' id='word_1_698' title='bbox 1924 2667 1974 2702; x_wconf 90' lang='grc' dir='ltr'>ἀν’</span> <span class='ocrx_word' id='word_1_699' title='bbox 1992 2666 2142 2701; x_wconf 66' lang='grc' dir='ltr'>Ἐλλάδα</span> 
     </span>
     <span class='ocr_line' id='line_1_149' title="bbox 1398 2718 2325 2767; baseline 0.003 -14"><span class='ocrx_word' id='word_1_700' title='bbox 1398 2720 1516 2762; x_wconf 80' lang='grc' dir='ltr'>σώζεις</span> <span class='ocrx_word' id='word_1_701' title='bbox 1533 2718 1689 2767; x_wconf 78' lang='grc' dir='ltr'>πατρῴαν</span> <span class='ocrx_word' id='word_1_702' title='bbox 1707 2719 1818 2762; x_wconf 86' lang='grc' dir='ltr'>δόξαν,</span> <span class='ocrx_word' id='word_1_703' title='bbox 1838 2719 1876 2763; x_wconf 83' lang='grc' dir='ltr'>ἐξ</span> <span class='ocrx_word' id='word_1_704' title='bbox 1895 2719 2028 2754; x_wconf 88' lang='grc' dir='ltr'>ἐσθλῶν</span> <span class='ocrx_word' id='word_1_705' title='bbox 2046 2720 2082 2754; x_wconf 80' lang='grc' dir='ltr'>δὲ</span> <span class='ocrx_word' id='word_1_706' title='bbox 2099 2719 2167 2764; x_wconf 77' lang='grc' dir='ltr'>φὺς</span> <span class='ocrx_word' id='word_1_707' title='bbox 2267 2732 2303 2760; x_wconf 66' lang='lat'>3⁷</span> <span class='ocrx_word' id='word_1_708' title='bbox 2309 2732 2325 2761; x_wconf 85' lang='lat'>5</span> 
     </span>
     <span class='ocr_line' id='line_1_150' title="bbox 1398 2771 2090 2819; baseline 0.004 -15"><span class='ocrx_word' id='word_1_709' title='bbox 1398 2771 1494 2805; x_wconf 77' lang='grc' dir='ltr'>οὐδὲν</span> <span class='ocrx_word' id='word_1_710' title='bbox 1512 2772 1632 2806; x_wconf 90' lang='grc' dir='ltr'>κακίων</span> <span class='ocrx_word' id='word_1_711' title='bbox 1649 2773 1823 2818; x_wconf 87' lang='grc' dir='ltr'>τυγχάνεις</span> <span class='ocrx_word' id='word_1_712' title='bbox 1840 2772 1948 2819; x_wconf 85' lang='grc' dir='ltr'>γεγώς</span> <span class='ocrx_word' id='word_1_713' title='bbox 1965 2772 2090 2816; x_wconf 85' lang='grc' dir='ltr'>πατρὸς</span> 
     </span>
     <span class='ocr_line' id='line_1_151' title="bbox 1397 2821 2230 2870; baseline 0.001 -12"><span class='ocrx_word' id='word_1_714' title='bbox 1397 2822 1532 2869; x_wconf 78' lang='grc' dir='ltr'>παύρων</span> <span class='ocrx_word' id='word_1_715' title='bbox 1545 2822 1614 2867; x_wconf 83' lang='grc' dir='ltr'>μετ’</span> <span class='ocrx_word' id='word_1_716' title='bbox 1633 2823 1759 2858; x_wconf 76' lang='grc' dir='ltr'>ἄλλων·</span> <span class='ocrx_word' id='word_1_717' title='bbox 1788 2823 1844 2858; x_wconf 80' lang='grc' dir='ltr'>ἕνα</span> <span class='ocrx_word' id='word_1_718' title='bbox 1860 2826 1926 2870; x_wconf 83' lang='grc' dir='ltr'>γὰρ</span> <span class='ocrx_word' id='word_1_719' title='bbox 1945 2824 1980 2858; x_wconf 93' lang='grc' dir='ltr'>ἐν</span> <span class='ocrx_word' id='word_1_720' title='bbox 1996 2824 2139 2859; x_wconf 90' lang='grc' dir='ltr'>πολλοῖς</span> <span class='ocrx_word' id='word_1_721' title='bbox 2155 2821 2230 2859; x_wconf 67' lang='lat' dir='ltr'>’lame</span> 
     </span>
     <span class='ocr_line' id='line_1_152' title="bbox 1400 2873 2123 2922; baseline 0.003 -14"><span class='ocrx_word' id='word_1_722' title='bbox 1400 2873 1507 2921; x_wconf 77' lang='grc' dir='ltr'>εὕροις</span> <span class='ocrx_word' id='word_1_723' title='bbox 1525 2874 1565 2909; x_wconf 87' lang='grc' dir='ltr'>ἂν</span> <span class='ocrx_word' id='word_1_724' title='bbox 1583 2875 1677 2911; x_wconf 87' lang='grc' dir='ltr'>ὅστις</span> <span class='ocrx_word' id='word_1_725' title='bbox 1696 2875 1770 2910; x_wconf 83' lang='grc' dir='ltr'>ἐστὶ</span> <span class='ocrx_word' id='word_1_726' title='bbox 1787 2876 1831 2920; x_wconf 92' lang='grc' dir='ltr'>μὴ</span> <span class='ocrx_word' id='word_1_727' title='bbox 1849 2875 1973 2922; x_wconf 85' lang='grc' dir='ltr'>χείρων</span> <span class='ocrx_word' id='word_1_728' title='bbox 1989 2879 2123 2921; x_wconf 85' lang='grc' dir='ltr'>πατρός.</span> 
     </span>
    </p>

    <p class='ocr_par' dir='ltr' id='par_1_71' title="bbox 1402 2926 2006 2974">
     <span class='ocr_line' id='line_1_153' title="bbox 1402 2926 2006 2974; baseline 0.003 -13"><span class='ocrx_word' id='word_1_729' title='bbox 1402 2928 1454 2961; x_wconf 84' lang='grc' dir='ltr'>ἀεί</span> <span class='ocrx_word' id='word_1_730' title='bbox 1470 2926 1546 2962; x_wconf 81' lang='grc' dir='ltr'>ποθ’</span> <span class='ocrx_word' id='word_1_731' title='bbox 1566 2927 1625 2972; x_wconf 84' lang='grc' dir='ltr'>ἥδε</span> <span class='ocrx_word' id='word_1_732' title='bbox 1642 2929 1721 2974; x_wconf 87' lang='grc' dir='ltr'>γαῖα</span> <span class='ocrx_word' id='word_1_733' title='bbox 1739 2929 1809 2964; x_wconf 90' lang='grc' dir='ltr'>τοῖς</span> <span class='ocrx_word' id='word_1_734' title='bbox 1826 2929 2006 2974; x_wconf 87' lang='grc' dir='ltr'>ἀμηχάνοις</span> 
     </span>
    </p>

    <p class='ocr_par' dir='ltr' id='par_1_72' title="bbox 1399 2979 2096 3027">
     <span class='ocr_line' id='line_1_154' title="bbox 1399 2979 2096 3027; baseline -0.001 -13"><span class='ocrx_word' id='word_1_735' title='bbox 1399 2979 1463 3014; x_wconf 79' lang='grc' dir='ltr'>σὺν</span> <span class='ocrx_word' id='word_1_736' title='bbox 1480 2983 1526 3027; x_wconf 75' lang='grc' dir='ltr'>τῷ</span> <span class='ocrx_word' id='word_1_737' title='bbox 1546 2979 1659 3027; x_wconf 76' lang='grc' dir='ltr'>δικαίῳ</span> <span class='ocrx_word' id='word_1_738' title='bbox 1677 2980 1839 3021; x_wconf 86' lang='grc' dir='ltr'>βούλεται</span> <span class='ocrx_word' id='word_1_739' title='bbox 1855 2981 2096 3027; x_wconf 89' lang='grc' dir='ltr'>προσωφελεῖν</span> 
     </span>
    </p>

    <p class='ocr_par' dir='ltr' id='par_1_73' title="bbox 1400 3031 2123 3130">
     <span class='ocr_line' id='line_1_155' title="bbox 1400 3031 2100 3079; baseline 0.001 -14"><span class='ocrx_word' id='word_1_740' title='bbox 1400 3032 1517 3077; x_wconf 87' lang='grc' dir='ltr'>τοιγὰρ</span> <span class='ocrx_word' id='word_1_741' title='bbox 1535 3033 1656 3067; x_wconf 91' lang='grc' dir='ltr'>πόνους</span> <span class='ocrx_word' id='word_1_742' title='bbox 1674 3031 1713 3076; x_wconf 87' lang='grc' dir='ltr'>δὴ</span> <span class='ocrx_word' id='word_1_743' title='bbox 1731 3034 1867 3078; x_wconf 92' lang='grc' dir='ltr'>μυρίους</span> <span class='ocrx_word' id='word_1_744' title='bbox 1884 3032 1968 3079; x_wconf 78' lang='grc' dir='ltr'>ὑπὲρ</span> <span class='ocrx_word' id='word_1_745' title='bbox 1986 3032 2100 3077; x_wconf 85' lang='grc' dir='ltr'>φίλων</span> 
     </span>
     <span class='ocr_line' id='line_1_156' title="bbox 1401 3082 2123 3130; baseline -0.001 -13"><span class='ocrx_word' id='word_1_746' title='bbox 1401 3085 1527 3129; x_wconf 80' lang='grc' dir='ltr'>ἤνεγκε,</span> <span class='ocrx_word' id='word_1_747' title='bbox 1548 3083 1600 3117; x_wconf 77' lang='grc' dir='ltr'>καὶ</span> <span class='ocrx_word' id='word_1_748' title='bbox 1619 3085 1676 3117; x_wconf 86' lang='grc' dir='ltr'>νῦν</span> <span class='ocrx_word' id='word_1_749' title='bbox 1692 3083 1780 3118; x_wconf 84' lang='grc' dir='ltr'>τόνδ’</span> <span class='ocrx_word' id='word_1_750' title='bbox 1800 3082 1900 3130; x_wconf 81' lang='grc' dir='ltr'>ἀγῶν’</span> <span class='ocrx_word' id='word_1_751' title='bbox 1921 3086 1987 3130; x_wconf 88' lang='grc' dir='ltr'>ὁρῶ</span> <span class='ocrx_word' id='word_1_752' title='bbox 2003 3082 2123 3120; x_wconf 87' lang='grc' dir='ltr'>πέλας.</span> 
     </span>
    </p>

    <p class='ocr_par' dir='ltr' id='par_1_74' title="bbox 1401 3133 2243 3234">
     <span class='ocr_line' id='line_1_157' title="bbox 1401 3133 2243 3181; baseline 0.001 -13"><span class='ocrx_word' id='word_1_753' title='bbox 1401 3135 1460 3169; x_wconf 88' lang='grc' dir='ltr'>σοι’</span> <span class='ocrx_word' id='word_1_754' title='bbox 1476 3134 1505 3168; x_wconf 85' lang='grc' dir='ltr'>τ’</span> <span class='ocrx_word' id='word_1_755' title='bbox 1526 3133 1563 3168; x_wconf 81' lang='grc' dir='ltr'>εὖ</span> <span class='ocrx_word' id='word_1_756' title='bbox 1580 3134 1750 3179; x_wconf 82' lang='grc' dir='ltr'>λέλεκται,</span> <span class='ocrx_word' id='word_1_757' title='bbox 1769 3138 1822 3171; x_wconf 85' lang='grc' dir='ltr'>καὶ</span> <span class='ocrx_word' id='word_1_758' title='bbox 1839 3136 1880 3170; x_wconf 85' lang='grc' dir='ltr'>τὰ</span> <span class='ocrx_word' id='word_1_759' title='bbox 1897 3134 1992 3171; x_wconf 88' lang='grc' dir='ltr'>τῶνδ’</span> <span class='ocrx_word' id='word_1_760' title='bbox 2011 3136 2115 3180; x_wconf 78' lang='grc' dir='ltr'>αὐχῶ,</span> <span class='ocrx_word' id='word_1_761' title='bbox 2133 3134 2243 3181; x_wconf 66' lang='grc' dir='ltr'>γέρον,</span> 
     </span>
     <span class='ocr_line' id='line_1_158' title="bbox 1401 3187 2111 3234; baseline 0 -13"><span class='ocrx_word' id='word_1_762' title='bbox 1401 3187 1525 3221; x_wconf 83' lang='grc' dir='ltr'>τοιαῦτ’</span> <span class='ocrx_word' id='word_1_763' title='bbox 1545 3187 1697 3222; x_wconf 80' lang='grc' dir='ltr'>ἔσεσθαι·</span> <span class='ocrx_word' id='word_1_764' title='bbox 1724 3187 1985 3233; x_wconf 88' lang='grc' dir='ltr'>μνημονεύσεται</span> <span class='ocrx_word' id='word_1_765' title='bbox 2001 3188 2111 3234; x_wconf 85' lang='grc' dir='ltr'>χάρις.</span> 
     </span>
    </p>

    <p class='ocr_par' dir='ltr' id='par_1_75' title="bbox 1403 3238 2102 3286">
     <span class='ocr_line' id='line_1_159' title="bbox 1403 3238 2102 3286; baseline 0 -13"><span class='ocrx_word' id='word_1_766' title='bbox 1403 3239 1492 3285; x_wconf 86' lang='grc' dir='ltr'>κάγὼ</span> <span class='ocrx_word' id='word_1_767' title='bbox 1509 3239 1571 3284; x_wconf 83' lang='grc' dir='ltr'>μὲν</span> <span class='ocrx_word' id='word_1_768' title='bbox 1589 3240 1701 3274; x_wconf 88' lang='grc' dir='ltr'>ἀστῶν</span> <span class='ocrx_word' id='word_1_769' title='bbox 1719 3239 1894 3286; x_wconf 88' lang='grc' dir='ltr'>σύλλογον</span> <span class='ocrx_word' id='word_1_770' title='bbox 1909 3238 2102 3284; x_wconf 81' lang='grc' dir='ltr'>ποιήσομαι,</span> 
     </span>
    </p>

    <p class='ocr_par' dir='ltr' id='par_1_76' title="bbox 1400 3289 2332 3598">
     <span class='ocr_line' id='line_1_160' title="bbox 1400 3289 2172 3337; baseline -0.001 -12"><span class='ocrx_word' id='word_1_771' title='bbox 1400 3291 1490 3334; x_wconf 82' lang='grc' dir='ltr'>τάξω</span> <span class='ocrx_word' id='word_1_772' title='bbox 1509 3289 1555 3331; x_wconf 85' lang='grc' dir='ltr'>θ’,</span> <span class='ocrx_word' id='word_1_773' title='bbox 1575 3291 1664 3327; x_wconf 88' lang='grc' dir='ltr'>ὅπως</span> <span class='ocrx_word' id='word_1_774' title='bbox 1682 3291 1722 3325; x_wconf 83' lang='grc' dir='ltr'>ἂν</span> <span class='ocrx_word' id='word_1_775' title='bbox 1738 3292 1796 3326; x_wconf 89' lang='grc' dir='ltr'>τὸν</span> <span class='ocrx_word' id='word_1_776' title='bbox 1816 3293 2010 3335; x_wconf 80' lang='grc' dir='ltr'>Μυκηναίων</span> <span class='ocrx_word' id='word_1_777' title='bbox 2027 3291 2172 3337; x_wconf 86' lang='grc' dir='ltr'>στρατὸν</span> 
     </span>
     <span class='ocr_line' id='line_1_161' title="bbox 1401 3342 2192 3390; baseline 0 -12"><span class='ocrx_word' id='word_1_778' title='bbox 1401 3344 1515 3387; x_wconf 88' lang='grc' dir='ltr'>πολλῇ</span> <span class='ocrx_word' id='word_1_779' title='bbox 1535 3344 1683 3388; x_wconf 83' lang='grc' dir='ltr'>δέχωμαι</span> <span class='ocrx_word' id='word_1_780' title='bbox 1699 3343 1799 3390; x_wconf 90' lang='grc' dir='ltr'>χειρί.</span> <span class='ocrx_word' id='word_1_781' title='bbox 1836 3346 1951 3389; x_wconf 89' lang='grc' dir='ltr'>πρῶτα</span> <span class='ocrx_word' id='word_1_782' title='bbox 1966 3343 2028 3388; x_wconf 78' lang='grc' dir='ltr'>μὲν</span> <span class='ocrx_word' id='word_1_783' title='bbox 2045 3342 2192 3378; x_wconf 80' lang='grc' dir='ltr'>σκοποὺς</span> 
     </span>
     <span class='ocr_line' id='line_1_162' title="bbox 1400 3394 2217 3441; baseline -0.001 -11"><span class='ocrx_word' id='word_1_784' title='bbox 1400 3394 1528 3440; x_wconf 89' lang='grc' dir='ltr'>πέμψω</span> <span class='ocrx_word' id='word_1_785' title='bbox 1546 3395 1630 3441; x_wconf 85' lang='grc' dir='ltr'>πρὸς</span> <span class='ocrx_word' id='word_1_786' title='bbox 1647 3396 1756 3437; x_wconf 78' lang='grc' dir='ltr'>αὐτὸν,</span> <span class='ocrx_word' id='word_1_787' title='bbox 1775 3395 1820 3440; x_wconf 85' lang='grc' dir='ltr'>μὴ</span> <span class='ocrx_word' id='word_1_788' title='bbox 1836 3395 1925 3439; x_wconf 86' lang='grc' dir='ltr'>λάθῃ</span> <span class='ocrx_word' id='word_1_789' title='bbox 1942 3409 1984 3440; x_wconf 90' lang='grc' dir='ltr'>με</span> <span class='ocrx_word' id='word_1_790' title='bbox 2000 3396 2217 3441; x_wconf 89' lang='grc' dir='ltr'>προσπεσών·</span> 
     </span>
     <span class='ocr_line' id='line_1_163' title="bbox 1403 3446 2117 3494; baseline 0.001 -13"><span class='ocrx_word' id='word_1_791' title='bbox 1403 3447 1507 3491; x_wconf 85' lang='grc' dir='ltr'>ταχὺς</span> <span class='ocrx_word' id='word_1_792' title='bbox 1524 3448 1589 3493; x_wconf 85' lang='grc' dir='ltr'>γὰρ</span> <span class='ocrx_word' id='word_1_793' title='bbox 1600 3446 1722 3493; x_wconf 79' lang='grc' dir='ltr'>Ἀργει</span> <span class='ocrx_word' id='word_1_794' title='bbox 1738 3449 1804 3484; x_wconf 80' lang='grc' dir='ltr'>πᾶς</span> <span class='ocrx_word' id='word_1_795' title='bbox 1821 3447 1902 3494; x_wconf 83' lang='grc' dir='ltr'>ἀνὴρ</span> <span class='ocrx_word' id='word_1_796' title='bbox 1919 3447 2117 3492; x_wconf 85' lang='grc' dir='ltr'>βοηδρόμος·</span> 
     </span>
     <span class='ocr_line' id='line_1_164' title="bbox 1402 3498 2332 3545; baseline 0 -13"><span class='ocrx_word' id='word_1_797' title='bbox 1402 3499 1534 3543; x_wconf 87' lang='grc' dir='ltr'>μάντεις</span> <span class='ocrx_word' id='word_1_798' title='bbox 1546 3498 1576 3533; x_wconf 91' lang='grc' dir='ltr'>τ’</span> <span class='ocrx_word' id='word_1_799' title='bbox 1595 3499 1757 3545; x_wconf 84' lang='grc' dir='ltr'>ἀθροίσας</span> <span class='ocrx_word' id='word_1_800' title='bbox 1775 3498 1932 3544; x_wconf 79' lang='grc' dir='ltr'>θύσομαι.</span> <span class='ocrx_word' id='word_1_801' title='bbox 1970 3499 2016 3534; x_wconf 88' lang='grc' dir='ltr'>σὺ</span> <span class='ocrx_word' id='word_1_802' title='bbox 2033 3498 2063 3533; x_wconf 83' lang='grc' dir='ltr'>δ’</span> <span class='ocrx_word' id='word_1_803' title='bbox 2083 3499 2116 3535; x_wconf 84' lang='grc' dir='ltr'>ἐς</span> <span class='ocrx_word' id='word_1_804' title='bbox 2135 3499 2254 3544; x_wconf 74' lang='grc' dir='ltr'>δόμους</span> <span class='ocrx_word' id='word_1_805' title='bbox 2273 3512 2332 3541; x_wconf 70' lang='lat'>34³</span> 
     </span>
     <span class='ocr_line' id='line_1_165' title="bbox 1405 3550 2141 3598; baseline 0.001 -13"><span class='ocrx_word' id='word_1_806' title='bbox 1405 3550 1470 3585; x_wconf 77' lang='grc' dir='ltr'>σὺν</span> <span class='ocrx_word' id='word_1_807' title='bbox 1486 3551 1585 3586; x_wconf 82' lang='grc' dir='ltr'>παισὶ</span> <span class='ocrx_word' id='word_1_808' title='bbox 1602 3554 1718 3598; x_wconf 85' lang='grc' dir='ltr'>χώρει,</span> <span class='ocrx_word' id='word_1_809' title='bbox 1738 3552 1836 3595; x_wconf 84' lang='grc' dir='ltr'>Ζηνὸς</span> <span class='ocrx_word' id='word_1_810' title='bbox 1857 3550 2007 3597; x_wconf 88' lang='grc' dir='ltr'>ἐσχάραν</span> <span class='ocrx_word' id='word_1_811' title='bbox 2022 3551 2141 3586; x_wconf 85' lang='grc' dir='ltr'>λιπών.</span> 
     </span>
    </p>
   </div>
   <div class='ocr_carea' id='block_1_24' title="bbox 2265 1166 2319 1197">
    <p class='ocr_par' dir='ltr' id='par_1_77' title="bbox 2265 1166 2319 1197">
     <span class='ocr_line' id='line_1_166' title="bbox 2265 1166 2319 1197; baseline 0.037 -2"><span class='ocrx_word' id='word_1_812' title='bbox 2265 1166 2319 1197; x_wconf 79' lang='lat'>295</span> 
     </span>
    </p>
   </div>
   <div class='ocr_carea' id='block_1_25' title="bbox 2259 1428 2320 1458">
    <p class='ocr_par' dir='ltr' id='par_1_78' title="bbox 2259 1428 2320 1458">
     <span class='ocr_line' id='line_1_167' title="bbox 2259 1428 2320 1458; baseline -0.016 -9"><span class='ocrx_word' id='word_1_813' title='bbox 2259 1428 2320 1458; x_wconf 72' lang='lat'>300</span> 
     </span>
    </p>
   </div>
   <div class='ocr_carea' id='block_1_26' title="bbox 2259 1689 2316 1719">
    <p class='ocr_par' dir='ltr' id='par_1_79' title="bbox 2259 1689 2316 1719">
     <span class='ocr_line' id='line_1_168' title="bbox 2259 1689 2316 1719; baseline 0.018 -1"><span class='ocrx_word' id='word_1_814' title='bbox 2259 1689 2316 1719; x_wconf 84' lang='lat'>305</span> 
     </span>
    </p>
   </div>
   <div class='ocr_carea' id='block_1_27' title="bbox 2260 1950 2323 1979">
    <p class='ocr_par' dir='ltr' id='par_1_80' title="bbox 2260 1950 2323 1979">
     <span class='ocr_line' id='line_1_169' title="bbox 2260 1950 2323 1979; baseline -0.048 0"><span class='ocrx_word' id='word_1_815' title='bbox 2260 1950 2323 1979; x_wconf 55' lang='grc' dir='ltr'>,κιο</span> 
     </span>
    </p>
   </div>
   <div class='ocr_carea' id='block_1_28' title="bbox 2262 2210 2322 2240">
    <p class='ocr_par' dir='ltr' id='par_1_81' title="bbox 2262 2210 2322 2240">
     <span class='ocr_line' id='line_1_170' title="bbox 2262 2210 2322 2240; baseline 0 0"><span class='ocrx_word' id='word_1_816' title='bbox 2262 2210 2322 2240; x_wconf 79' lang='lat'>3¹5</span> 
     </span>
    </p>
   </div>
   <div class='ocr_carea' id='block_1_29' title="bbox 2270 3252 2329 3282">
    <p class='ocr_par' dir='ltr' id='par_1_82' title="bbox 2270 3252 2329 3282">
     <span class='ocr_line' id='line_1_171' title="bbox 2270 3252 2329 3282; baseline 0.017 -1"><span class='ocrx_word' id='word_1_817' title='bbox 2270 3252 2329 3282; x_wconf 78' lang='lat'>335</span> 
     </span>
    </p>
   </div>
  </div>
 </body>
</html>
