2488 3860
219 245 303 287 424

218 363 285 393 ΣΕ.

220 417 289 446 ΟΔ.

216 736 289 766 ΧΟ.

217 896 289 929 ΟΔ.

213 1378 286 1410 ΧΟ.

306 674 507 713 ,Κύκλωπος
526 674 623 722 ὄψιν·
650 674 730 711 ἀλλ’
750 673 841 711 ὅπως
860 674 943 722 ἀνὴρ
957 674 1041 711 ἔσει.

968 236 1307 282 ΕΥΡΙΠΙΔΟΥ
1353 239 1616 286 ΚΎΚΛΩΨ.

324 350 424 400 οἴμοι·
451 353 654 399 πικρότατον
671 348 763 388 οἶνον
781 351 915 400 ὄψομαι
931 352 1033 399 τάχα.

322 408 383 455 ἄγε
401 406 454 452 δὴ,
474 406 644 442 Διονύσου
661 407 790 450 παῖδες,
813 407 930 454 εὐγενῆ
947 406 1059 448 τέκνα,

321 461 417 497 ἔνδον
433 461 495 506 μὲν
512 459 607 507 ἁνήρ·
635 463 683 509 τῷ
701 460 730 496 δ’
752 458 844 509 ὕπνῳ
861 459 1059 506 παρειμένος

321 514 397 560 τάχ’
417 513 457 559 ἐξ
475 514 631 551 ἀναιδοῦς
649 515 806 561 φάρυγος
824 512 951 558 ὠθὴσει
969 514 1061 560 κρέα.

321 567 424 604 δαλὸς
442 563 473 603 δ’
494 567 625 604 ἔσωθεν
641 568 769 603 αὐλίων
786 567 866 603 ὠθεῖ
884 569 1021 603 καπνόν.

318 621 610 668 παρηυτρέπισται
628 619 659 657 δ’
679 622 778 657 οὐδὲν
796 621 886 656 ἄλλο
903 622 994 665 πλὴν
1011 625 1139 670 πυροῦν

1209 689 1268 724 595

318 729 444 774 πέτρας
460 730 499 765 τὸ
516 729 610 774 λῆμα
628 728 836 775 κάδάμαντος
855 727 986 775 ἕξομεν.

319 783 425 830 χώρει
443 782 472 818 δ’
493 782 528 820 ἐς
546 780 668 824 οἴκους,
688 782 769 829 πρίν
786 797 819 816 τι
836 782 896 817 τὸν
912 781 1041 828 πατέρα
1058 782 1179 818 παθεῖν

318 836 528 882 ἀπάλαμνον,
550 836 595 873 ὣς
614 850 671 872 σοι
687 835 823 871 τάνθάδ’
843 834 939 871 ἐστὶν
958 836 1113 881 εὐτρεπῆ.

316 888 492 937 ”Ηφαιστ’
512 889 597 934 ἅναξ
614 889 758 931 Αἷτναῖε,
778 890 930 936 γείτονος
948 891 1051 924 κακοῦ

316 944 477 991 λαμπρὸν
492 945 657 990 πυρώσας
675 942 752 989 ὄμμ’
772 942 1013 988 ἀπαλλάχθηθ’
1032 943 1135 987 ἅπαξ,

319 996 365 1034 σύ
382 996 426 1040 τ’,
444 996 471 1032 ὦ
489 998 649 1042 μελαίνης
668 996 800 1032 Νυκτὸς
818 995 1024 1041 ἔκπαίδευμ’,
1039 995 1155 1047 ΤΥπνε,

317 1051 461 1098 ἄκρατος
478 1050 559 1086 ε’λθὲ
578 1050 655 1097 θηρὶ
672 1054 719 1099 τῷ
738 1050 931 1097 θεοστυγεῖ,

317 1105 373 1140 καὶ
392 1104 437 1150 μὴ
455 1102 506 1140 ’πὶ
523 1105 745 1139 καλλίστοισι
763 1104 924 1149 Τρωικοῖς
940 1103 1057 1140 πόνοις

318 1159 421 1194 αὐτόν
438 1173 476 1193 τε
494 1156 615 1194 ναύτας
631 1155 662 1192 τ’
682 1156 868 1202 ἀπολέσητ’
887 1153 1065 1193 Ὀδυσσέα

316 1211 374 1248 ὑπ’
392 1211 525 1259 ἀνδρὸς,
545 1208 573 1260 ᾧ
592 1211 677 1246 θεῶν
695 1211 792 1246 οὐδὲν
809 1210 829 1256 ἢ
848 1211 983 1255 βροτῶν
1000 1210 1115 1256 μέλει.

316 1264 338 1310 ἢ
356 1265 417 1311 τὴν
434 1264 542 1312 τύχην
557 1264 619 1311 μὲν
637 1262 945 1311 δαίμον”ἡγεῖσθαι
961 1265 1084 1309 χρεὼν,

316 1320 359 1355 τὰ
377 1319 544 1364 δαιμόνων
560 1318 598 1354 δέ
615 1319 675 1363 τῆς
691 1316 797 1363 τύχης
814 1317 1003 1353 ἐλάσσονα.

319 1371 474 1420 λήψεται
492 1373 552 1408 τὸν
569 1372 744 1418 τράχηλον

318 1426 458 1463 ἐντόνως
477 1428 496 1461 ὁ
514 1425 668 1472 καρκίνος

315 1482 375 1515 τοῦ
394 1480 499 1524 ξένων
517 1480 725 1524 δαιτυμόνος·
752 1477 835 1526 πυρὶ
850 1478 917 1526 γὰρ
935 1479 1024 1524 τάχα

318 1533 537 1581 φωσφόρους
554 1533 632 1568 ὀλεῖ
648 1533 760 1579 κόρας·

316 1588 379 1632 ἤδη
399 1587 503 1624 δαλὸς
521 1585 785 1632 ἠνθρακωμένος·

315 1640 498 1687 κρύπτεται
514 1639 551 1677 ἐς
569 1640 717 1676 σποδιὰν
730 1639 831 1687 δρυὸς
850 1638 1000 1675 ἄσπετον
1017 1639 1125 1686 ἔρνος.

317 1694 398 1728 ἀλλ’
416 1693 477 1729 ἴτω
496 1695 634 1740 Μάρων·

315 1748 503 1795 πρασσέτω
521 1749 730 1793 μαινόμενος·

1208 947 1272 982 600

1209 1215 1271 1257 605

1210 1483 1274 1516 610

1207 1645 1268 1687 615

285 1815 287 1817 ·
315 1800 463 1845 ἐξελέτω
480 1801 666 1848 βλέφαρον

213 2129 281 2159 ΟΔ.

213 2398 281 2428 ΧΟ.

213 2452 283 2481 ΟΔ.

213 2557 282 2588 ΧΟ.

213 2718 296 2748 ΗΜ.

213 2826 297 2856 ΗΜ.

213 2879 295 2909 HM.

214 2985 298 3016 HM.

214 3093 287 3122 ΟΔ.

214 3146 285 3177 ΧΟ.

220 3466 288 3496 ΟΔ.

316 1854 517 1897 Κύκλωπος,
536 1855 581 1891 ὧς
598 1856 658 1900 πίῃ
677 1857 797 1891 κακῶς.

315 1909 407 1956 κάγὼ
425 1909 484 1944 τὸν
501 1909 807 1956 φἰλοκισσοφόρον
825 1909 972 1955 Βρόμιον

314 1962 473 1998 ποθεινὸν
490 1962 631 1998 εἶσιδεῖν
643 1961 755 2016 ,θέλω,

320 2015 512 2053 Κύκλωπος
529 2017 642 2051 λιπὼν
659 2015 808 2061 ἐρημίαν.
824 2013 827 2022 ’

315 2068 369 2117 ἂρ’
389 2068 425 2105 ἐς
441 2068 578 2105 τοσόνδ’
599 2069 791 2116 ἀφίξομαι,-

316 2125 437 2171 σιγᾶτε
453 2124 539 2170 πρὸς
559 2123 655 2165 θεῶν,
676 2122 787 2168 θῆρες,
805 2123 1007 2169 ἡσυχάζετε,

314 2176 493 2213 συνθέντες
510 2177 619 2223 ἄρθρα
637 2178 817 2221 στόματος·
844 2178 1034 2212 οὐδέσι-νεῖν
1052 2177 1106 2219 ε’ῶ,

316 2231 356 2266 οὐ
376 2229 667 2276 σκαρδαμύσσειν,
688 2230 766 2265 οὐδὲ
784 2230 1020 2277 χρέμπτεσθαὶ
1037 2245 1123 2270 τινα,

314 2286 359 2320 ὡς
376 2284 421 2330 μὴ
440 2284 597 2332 ’ξεγερθῇ
615 2285 655 2319 τὸ
674 2284 784 2326 κακὸν,
805 2285 841 2320 ἕς
857 2283 885 2319 τ’
905 2284 946 2319 ἂν
964 2283 1111 2329 ὄμματος

314 2337 400 2385 ὄψις
419 2336 607 2373 Κύκλωπος
624 2337 837 2383 ἐξαμιλληθῇ
855 2338 950 2384 πυρί.

314 2395 465 2439 σιγῶμεν
482 2390 697 2438 ἐγκάψαντες
714 2390 832 2438 αἷθέρα
848 2391 997 2438 γνάθοις.

317 2445 379 2493 ὅγε
397 2459 455 2480 νυν
474 2444 565 2481 ὅπως
583 2445 723 2492 ἅψεσθε
741 2447 802 2480 τοῦ
820 2445 927 2480 δαλοῦ
943 2448 1061 2492 χεροῖν

315 2499 387 2534 ἔσω
405 2500 580 2544 μολόντες·
610 2499 772 2545 διάπυρος
791 2497 821 2534 δ’
842 2497 938 2534 ἐστὶν
957 2501 1078 2536 καλῶς.

315 2553 437 2587 οὐκοῦν
455 2552 501 2587 σύ
519 2551 633 2596 τάξεις
651 2550 810 2588 οὕστινας
825 2553 981 2599 πρώτους
997 2553 1108 2599 χρεὼν

317 2606 464 2641 καυστὸν
481 2607 614 2652 μοχλὸν
632 2605 803 2649 λαβόντας
820 2605 964 2641 ἐκκαίειν
981 2607 1020 2641 τὸ
1037 2606 1113 2652 φῶς

318 2658 518 2700 Κύκλωπος,
537 2660 582 2694 ὡς
600 2658 641 2694 ἂν
658 2660 719 2704 τῆς
736 2658 842 2706 τύχης
860 2658 1060 2704 κοινώμεθα.

317 2712 412 2758 ἡμεῖς
431 2713 492 2758 μέν
511 2713 615 2757 ἐσμεν
632 2714 841 2760 μακρότερον
858 2713 925 2759 πρὸ
943 2717 1010 2748 τῶν
1029 2713 1139 2760 θυρῶν

317 2766 464 2802 ἑστῶτες
481 2766 581 2801 ὠθεῖν
599 2765 633 2802 ἐς
651 2768 711 2801 τὸν
727 2766 913 2813 ὀφθαλμὸν
929 2766 969 2802 τὸ
987 2769 1068 2813 πῦρ.

318 2819 413 2864 ἡμεῖς
431 2819 468 2854 δὲ
486 2819 598 2865 χωλοί
613 2819 646 2865 γ’
666 2819 790 2866 ἀρτίως
807 2819 1028 2867 γεγενήμεθα.

315 2874 438 2908 ταυτὸν
454 2871 636 2908 πεπόνθατ’
656 2871 709 2919 ἆρ’
730 2872 817 2918 ἐμοί.
855 2874 934 2910 τοὺς
950 2874 1018 2921 γὰρ
1036 2873 1143 2909 πόδας

317 2926 463 2962 ἑστῶτες
481 2925 704 2970 ἐσπάσθημεν
722 2927 783 2961 οὐκ
801 2923 866 2962 οἶδ’
887 2926 926 2971 ἐξ
945 2925 1035 2961 ὅτου.

319 2981 465 3015 ἑστῶτες
485 2979 702 3023 ἐσπάσθητε;
758 2985 841 3014 ΗΜ.
873 2981 926 3015 καὶ
945 2982 987 3015 τά
1005 2979 1036 3027 γ’
1057 2979 1188 3026 ὄμματα
1206 2983 1271 3025 640

317 3032 416 3079 μέστ’
435 3032 532 3067 ἐστὶν
548 3031 641 3077 ἡμῶν
660 3035 773 3069 κόνεος
791 3032 810 3078 ἢ
830 3032 960 3080 τέφρας
976 3033 1093 3069 ποθέν.

318 3087 437 3133 ἄνδρες
454 3086 596 3131 πονηροὶ
615 3085 732 3120 κούδέν
749 3084 820 3121 οἵδε
838 3086 1025 3133 σύμμαχοι.

317 3140 390 3185 ὁτιὴ
409 3139 449 3174 τὸ
467 3142 573 3174 νῶτον
590 3138 651 3182 τὴν
668 3138 769 3186 ῥάχιν
787 3138 817 3174 τ’
836 3140 1055 3186 οἶκτείρομεν,

318 3195 372 3229 καὶ
389 3193 468 3229 τοὺς
487 3192 626 3227 ὀδόντας
644 3190 804 3235 ἐκβαλεῖν
822 3193 861 3227 οὐ
879 3193 1051 3239 βούλομαι

317 3247 535 3291 τυπτόμενος,
556 3242 638 3289 αὕτη
656 3246 807 3292 γίγνεται
825 3246 991 3290 πονηρία,-

316 3298 395 3334 ἀλλ’
415 3296 478 3334 οἷδ’
500 3298 632 3346 ἐπῳδὴν
650 3297 808 3344 Ὀρφέως
825 3298 954 3344 ἀγαθὴν
971 3300 1071 3339 πάνυ,

318 3354 362 3388 ὡς
380 3353 568 3398 αὐτόματον
584 3352 644 3386 τὸν
662 3351 767 3385 δαλὸν
784 3351 819 3387 ἐς
837 3354 876 3386 τὸ
895 3352 1028 3397 κρανίον

318 3404 490 3450 στείχονθ’
509 3405 679 3448 ὑφάπτειν
697 3406 756 3439 τὸν
773 3409 912 3448 μονῶπα
930 3407 1033 3441 παῖδα
1050 3407 1123 3452 γῆς.

317 3459 425 3493 πάλαι
441 3459 504 3504 μὲν
520 3457 583 3503 ᾔδη
603 3456 637 3492 σ’
658 3455 738 3492 ὄντα
755 3460 908 3492 τοιοῦτον
926 3458 1046 3504 φύσει,

320 3514 378 3547 νῦν
396 3511 424 3546 δ’
444 3508 508 3547 οἷδ’
528 3511 673 3556 ἄμεινον.
714 3511 805 3546 τοῖσι
824 3512 854 3546 δ’
872 3511 1006 3548 οἰκείοις
1024 3513 1142 3558 φίλοις

320 3564 471 3611 χρῆσθαί
489 3564 523 3610 μ’
542 3564 680 3610 ἀνάγκη.
720 3563 810 3610 χειρὶ
828 3562 857 3598 δ’
877 3564 907 3598 εἷ
924 3565 1027 3608 μηδὲν
1045 3565 1189 3606 σθένεις,

321 3617 401 3653 ἀλλ’
421 3616 481 3653 οὖν
497 3614 708 3665 ἐπεγκέλευὲ
722 3616 768 3664 γ’,
789 3617 833 3653 ὡς
851 3617 1023 3663 εὐψυχίαν

1207 1913 1271 1946 620

1206 2181 1268 2224 625

1206 2448 1270 2491 630

1206 2716 1268 2758 635

1208 3249 1269 3291 645

1206 3515 1268 3556 650

1211 421 1273 456 590
1313 411 1382 443 XO.

1312 946 1384 976 ΚΥ.

1313 999 1384 1030 ΧΟ.

1314 1053 1383 1083 ΚΥ.

1315 1266 1386 1297 ΧΟ.

1314 1321 1387 1350 ΧΟ.

1313 1374 1386 1404 ΧΟ.

1314 1428 1384 1458 ΚΥ.

1315 1482 1383 1512 ΚΥ.

1314 1536 1386 1566 ΚΥ.

1314 1589 1384 1620 ΚΥ.

1313 1644 1388 1674 ΧΟ.

1313 1698 1384 1728 ΚΥ.

1312 1806 1371 1836 XO
1378 1827 1387 1836 .

1313 1860 1384 1890 ΚΥ.

1313 1913 1387 1943 ΧΟ.

1311 2020 1383 2051 ΧΟ.

1310 2074 1384 2104 ΧΟ.

1311 2233 1385 2265 ΧΟ.

1310 2288 1381 2318 ΚΥ.

1311 2341 1381 2371 ΚΥ.

1309 2394 1381 2425 ΚΥ.

1308 2448 1380 2478 ΧΟ.

1312 2502 1380 2532 ΚΥ.

1310 2556 1382 2586 ΟΔ.

1310 2664 1381 2695 ΚΥ.

1310 2718 1382 2748 ΟΔ.

1311 2931 1379 2961 ΚΥ.

1311 3197 1382 3227 ΟΔ.

1310 3357 1380 3388 ΚΥ.

1310 3569 1380 3600 ΧΟ.

1419 353 1536 399 φίλων
1554 354 1757 398 κελευσμοῖς
1773 355 1867 390 τοῖσι
1884 356 1962 392 σοῖς
1979 355 2192 402 κτησώμεθα.

1418 407 1536 453 δράσω
1554 406 1639 442 τάδ’.
1681 407 1716 442 ἐν
1734 409 1782 455 τῷ
1801 409 1889 454 Καρὶ
1903 409 2174 455 κινδυνεύσομεν.

1418 460 1659 505 κελευσμάτων
1677 459 1706 495 δ’
1725 460 1816 496 ἕκατι
1834 462 2000 508 τυφέσθω
2021 462 2190 511 Κύκλωψ.

1418 513 1457 548 ἷὼ
1477 513 1528 547 ἷώ.

1415 566 1619 613 γενναιότατ“
1639 567 1768 610 ὠθεῖτε,
1789 567 1961 606 σπεύδετε.

1418 619 1566 655 ε’κκαίετε
1582 621 1643 666 τὴν
1659 620 1773 667 ὀφρὺν

1419 673 1521 720 θηρὸς
1538 676 1600 709 τοῦ
1620 673 1807 718 ξενοδαίτα.

1417 727 1538 773 τύφετ’
1559 726 1597 767 ὦ,
1618 725 1722 763 καίετ’
1742 727 1768 762 ὦ

1420 781 1480 816 τὸν
1497 779 1619 817 Α’ίτνας
1635 781 1829 827 μηλονόμον

1420 833 1562 881 τόρνευ’,
1583 833 1678 877 ἕλκε,
1697 832 1743 879 μή
1762 832 1799 870 σ’
1819 833 2030 881 ἐξοδυνηθεὶς

1418 888 1529 934 δράσῃ
1548 902 1581 923 τι
1599 889 1750 933 μάταιον.

1419 941 1515 986 ὤμοι,
1535 939 1827 990 κατηνθρακώμεθ’
1848 942 2034 989 ὀφθαλμοῦ
2053 943 2178 979 σέλας.

1420 995 1525 1032 καλός
1542 995 1575 1043 γ’
1596 997 1615 1031 ὁ
1631 995 1744 1032 παιάν·
1771 995 1889 1041 μέλπε
1906 1011 1965 1042 μοι
1981 997 2085 1039 τόνδ’,
2103 996 2130 1032 ὦ
2148 996 2317 1046 Κύκλωψ.

1418 1047 1505 1094 ὦμοι
1521 1049 1616 1094 μάλ’,
1637 1047 1897 1096 ὦς.ὑβρίσμεθ’,
1917 1051 1963 1086 ὣς
1979 1050 2170 1096 ὀλώλαμεν.
2309 1055 2372 1098 665

1418 1100 1500 1138 ἀλλ’
1520 1105 1593 1138 οὔτι
1610 1102 1656 1149 μὴ
1675 1101 1809 1149 φύγητε
1825 1101 1926 1148 τῆσδ’
1945 1103 2011 1148 ἔξω
2029 1103 2156 1150 πέτρας

1419 1153 1607 1203 χαίροντες,
1628 1156 1726 1192 οὐδέν
1744 1155 1848 1192 ὅντες·
1877 1155 1914 1192 ἐν
1929 1156 2075 1192 πύλαισι
2091 1158 2160 1206 γὰρ

1420 1210 1568 1253 σταθεὶς,
1589 1211 1771 1258 φάραγγος
1787 1209 1887 1245 τάσδ’
1907 1210 2085 1256 ἐναρμόσω
2102 1211 2218 1259 χέρας.

1420 1263 1455 1298 τί
1471 1262 1576 1310 χρῆμ’
1596 1265 1720 1306 ἀΰτεῖς,
1738 1262 1765 1298 ὦ
1785 1262 1942 1310 Κύκλωψ
1953 1279 1965 1304 ,·
2076 1270 2147 1301 ΚΥ.
2175 1265 2371 1311 ἀπωλόμην.

1419 1316 1567 1364 αἰσχρός
1582 1332 1624 1365 γε
1642 1318 1769 1363 φαίνει.
1799 1322 1871 1367 ΚΥ.
1891 1316 1972 1353 κάπὶ
1984 1318 2105 1354 τοῖσδέ
2114 1317 2148 1366 γ’
2161 1318 2290 1355 ι’ίθλιος.
2309 1323 2372 1366 670

1419 1371 1554 1416 μεθύων
1571 1371 1756 1407 κατέπεσες
1774 1370 1809 1407 ές
1825 1371 1953 1416 μέσους
1969 1371 2049 1408 τοὺς
2065 1371 2252 1419 ἅνθρακας,·

1421 1423 1523 1460 Οὐτίς
1539 1424 1574 1470 μ’
1593 1423 1762 1460 ἀπώλεσ’.
1817 1429 1890 1459 ΧΟ.
1920 1424 1980 1459 οὐκ
1998 1422 2051 1472 ἄρ’
2069 1425 2181 1462 οὐδείς
2199 1425 2233 1460 σ’
2252 1423 2370 1471 ἠδίκει.

1418 1477 1519 1514 Οὖτίς
1529 1493 1573 1524 με
1583 1478 1715 1524 τυφλοῖ
1726 1477 1917 1524 βλέφαρον.
1946 1482 2018 1514 ΧΟ.
2041 1479 2102 1513 οὐκ
2115 1478 2168 1526 ἄρ’
2181 1475 2217 1513 εἶ
2227 1479 2370 1526 τυφλός.

1420 1532 1466 1567 ὡς
1483 1531 1524 1576 δὴ
1544 1531 1602 1568 σύ.
1642 1537 1715 1567 ΧΟ.
1743 1531 1797 1566 καὶ
1814 1535 1886 1568 πῶς
1904 1527 1941 1566 σ’
1957 1534 2048 1567 οὔτις
2066 1531 2107 1567 ἄν
2124 1531 2197 1577 θείη
2216 1533 2372 1579 τυφλόνς

1420 1586 1599 1622 σκώπτεις·
1628 1587 1647 1620 ὁ
1666 1583 1697 1621 δ’
1718 1583 1821 1621 Οὖτις
1838 1586 1906 1621 ποῦ
1925 1583 2038 1627 ’στινς
2309 1591 2371 1633 675

1917 1639 2077 1684 οὐδαμοῦ,
2098 1638 2267 1687 Κύκλωψ.

1418 1694 1437 1727 ὁ
1455 1692 1561 1737 ξένος,
1586 1691 1630 1728 ἵν’
1649 1692 1760 1739 ὀρθῶς
1778 1692 1937 1739 ἐκμάθῃς,
1956 1692 1991 1739 μ’
2010 1693 2203 1735 ἀπώλεσεν,
2242 1707 2244 1709 ·

1420 1748 1439 1780 ὁ
1455 1747 1587 1794 μιαρὸς,
1608 1745 1646 1783 ὅς
1662 1761 1720 1791 μοι
1740 1746 1819 1782 δοὺς
1836 1747 1875 1781 τὸ
1892 1750 1995 1792 πῶμα
2011 1747 2230 1782 κατέκλασεν.

1420 1800 1529 1836 δεινὸς
1544 1801 1612 1847 γὰρ
1630 1795 1721 1836 οἶνος
1739 1800 1793 1835 καὶ
1810 1800 2022 1836 παλαίεσθαι
2039 1800 2159 1848 βαρύς.

1418 1855 1504 1898 πρὸς
1522 1853 1608 1889 θεῶν
1624 1850 1820 1901 πεφεύγασ’
1839 1852 1859 1898 ἢ
1877 1853 2017 1900 μένουσ’
2038 1853 2122 1890 εἴσω
2141 1855 2275 1901 δόμων,·

1421 1906 1515 1942 οὗτοι
1534 1911 1648 1952 σιωπῇ
1666 1907 1727 1952 τὴν
1742 1906 1870 1954 πέτραν
1887 1906 2044 1956 ἐπήλυγα
2308 1913 2371 1946 680

1418 1961 1586 2003 λαβόντες
1606 1960 1784 2007 ἑστήκασι.
1842 1966 1913 1997 ΚΥ.
1941 1962 2087 2009 ποτέρας
2103 1962 2164 2006 τῆς
2181 1963 2284 2009 χερός
2295 1962 2309 2003 ;“

1418 2014 1455 2049 ἐν
1474 2014 1570 2060 δεξιᾷ
1589 2029 1666 2050 σου.
1723 2020 1794 2050 ΚΥ.
1824 2016 1913 2055 ποῦς

1858 2068 1946 2115 πρὸς
1962 2068 2046 2114 αὐτῇ
2063 2071 2105 2114 τῇ
2121 2067 2239 2116 πέτρᾳ.

1418 2121 1530 2167 ἕχεις;
1558 2127 1627 2157 ΚΥ.
1657 2123 1758 2157 κακόν
1775 2136 1816 2170 γε
1834 2122 1921 2167 πρὸς
1939 2124 2040 2170 κακῷ·
2067 2123 2108 2158 τὸ
2125 2123 2262 2169 κρανίον

1416 2175 1545 2211 παίσας
1564 2175 1721 2222 κατέαγα.
2250 2182 2253 2188 “

1703 2229 1759 2264 καί
1777 2243 1819 2264 σε
1838 2228 2070 2276 διαφεύγουσί
2085 2229 2141 2277 γε’.

1415 2283 1455 2317 οὐ
1472 2282 1557 2327 τῇδ’,
1578 2282 1652 2318 ε’πεὶ
1670 2282 1740 2328 τῇδ’
1759 2279 1866 2318 εἶπας.
1908 2287 1981 2317 ΧΟ.
2008 2283 2048 2317 οὐ
2066 2281 2170 2328 ταύτῃ
2183 2284 2286 2334 λέγω.
2307 2291 2368 2332 685

1415 2337 1462 2380 πῆ
1480 2336 1569 2383 γάρ;
1615 2342 1688 2371 ΧΟ.
1717 2335 1943 2383 περιάγουσίν
1963 2351 2005 2371 σε
2023 2336 2110 2383 πρὸς
2126 2337 2321 2386 τάριστερά.

1415 2387 1515 2434 οἴμοι·
1543 2391 1706 2437 γελῶμαι·
1736 2390 1929 2437 κερτομεῖτέ
1944 2389 1979 2435 μ’
1999 2388 2035 2423 ἐν
2053 2390 2176 2425 κακοῖς.

1414 2443 1493 2478 ἀλλ’
1514 2440 1637 2487 οὐκέτ’,
1658 2443 1750 2478 ἀλλὰ
1767 2443 1921 2490 πρόσθεν
1939 2442 2037 2479 οὗτός
2055 2442 2132 2479 ε’στί
2149 2459 2226 2482 σου.

1415 2495 1441 2531 ὦ
1459 2497 1685 2544 παγκάκιστε,
1704 2499 1771 2533 ποῦ
1789 2496 1867 2534 ποτ’
1889 2492 1941 2537 εἶ,-

1907 2550 2014 2595 τηλοῦ
2033 2549 2136 2586 σέθεν

1415 2603 1606 2649 φυλακαῖσι
1622 2605 1764 2651 φρουρῶ
1784 2603 1870 2648 σῶμ’
1889 2602 2089 2639 Ὀδυσσέως
2105 2605 2191 2640 τόδε.

1414 2661 1486 2692 πῶς
1505 2654 1622 2698 εἶπαςς
1652 2657 1757 2702 ὄνομα
1774 2657 1980 2702 μεταβαλὼν
1997 2658 2110 2692 καινὸν
2128 2659 2241 2707 λέγεις
2251 2675 2262 2700 ,-

1418 2709 1502 2757 ὅπερ
1519 2711 1552 2759 γ’
1573 2713 1592 2745 ὁ
1610 2711 1728 2757 φύσας
1745 2709 1780 2757 μ’
1801 2709 1945 2756 ὧνόμαζ’
1963 2710 2149 2746 Ὀδυσσέα.

1414 2765 1540 2800 δώσειν
1560 2763 1591 2799 δ’
1612 2765 1756 2810 ἔμελλες
1773 2764 1915 2800 ἀνοσίου
1933 2764 2048 2800 δαιτὸς
2065 2763 2168 2801 δίκας·

1415 2822 1522 2855 κακῶς
1538 2818 1606 2866 γὰρ
1625 2818 1665 2853 ἂν
1683 2818 1806 2866 Τροίαν
1822 2833 1864 2866 γε
1882 2818 2153 2865 διεπυρωσάμην,

1415 2870 1445 2904 εἷ
1462 2869 1507 2915 μή
1527 2868 1563 2906 σ’
1585 2872 1726 2918 ἑταίρων
1742 2873 1852 2919 φόνον
1866 2870 2137 2918 ἐτιμωρησάμην.

1414 2924 1493 2960 αἷαῖ·
1522 2926 1668 2962 παλαιὸς
1684 2926 1843 2972 χρησμὸς
1860 2924 2100 2971 ἐκπεραίνεται.

1413 2977 1551 3024 τυφλὴν
1567 2978 1634 3025 γὰρ
1651 2978 1738 3026 ὅψιν
1757 2980 1793 3014 ἐκ
1811 2978 1913 3014 σέθεν
1931 2976 2080 3024 σχήσειν
2095 2975 2132 3023 μ’
2153 2978 2220 3024 ἔφη
2263 3017 2266 3023 .

1415 3031 1537 3077 Τροίας
1555 3032 1825 3078 ἀφορμηθέντος.
1865 3032 1958 3067 ἀλλὰ
1976 3031 2030 3066 καὶ
2048 3032 2091 3067 σέ
2106 3045 2158 3066 τοι

1416 3084 1508 3120 δίκας
1525 3085 1667 3131 ὑφέξειν
1685 3086 1758 3121 ἀντὶ
1776 3085 1873 3120 τῶνδ’
1890 3084 2068 3127 ἐθέσπισε,

1413 3138 1524 3173 πολὺν
1542 3138 1705 3184 θαλάσσῃ
1724 3140 1849 3185 χρόνον
1867 3136 2139 3184 ε’ναιωρούμενον.

1419 3191 1548 3226 κλαίειν
1566 3191 1600 3226 σ’
1619 3192 1742 3239 ἄνωγα·
1772 3194 1826 3228 καὶ
1845 3191 1978 3238 δέδραχ“
2000 3189 2084 3237 ὅπερ
2102 3190 2205 3237 λέγω.

1414 3244 1481 3291 ἐγὼ
1501 3243 1532 3279 δ’
1552 3244 1605 3281 ἐπ’
1625 3245 1728 3281 ἀκτὰς
1745 3241 1826 3291 εἶμι,
1847 3244 1901 3280 καὶ
1918 3246 1999 3281 νεὼς
2018 3244 2156 3289 σκάφος

1414 3298 1489 3343 ἥσω
1507 3296 1556 3332 ’πὶ
1575 3301 1700 3334 πόντον
1719 3299 1859 3334 Σικελὸν
1877 3299 1911 3334 ἔς
1927 3297 1960 3332 τ’
1981 3297 2063 3343 ἐμὴν
2079 3297 2219 3343 πάτραν.

1415 3351 1455 3385 οὐ
1474 3350 1558 3395 δῆτ’,
1578 3352 1653 3387 ἐπεί
1672 3367 1714 3387 σε
1733 3352 1831 3397 τῆσδ’
1850 3348 2046 3398 ἀπορρήξας
2061 3350 2186 3396 πέτρας

1412 3404 1547 3439 αὐτοῖσι
1566 3404 1787 3441 συνναύταισι
1806 3404 1988 3451 συντρίψω
2005 3404 2136 3445 βαλών.

1413 3458 1481 3491 ἅνω
1500 3456 1529 3492 δ’
1551 3456 1605 3492 ἐπ’
1625 3457 1732 3503 ὄχθον
1750 3455 1829 3503 εἶμι,
1852 3457 1971 3503 καίπερ
1989 3456 2034 3491 ὣν
2052 3458 2197 3501 τυφλὸς.

1414 3508 1458 3545 δι’
1477 3510 1689 3557 ἀμφιτρῆτος
1706 3512 1813 3555 τῆσδε
1828 3510 2048 3557 προσβαίνων
2063 3508 2156 3545 ποδί.

1415 3562 1510 3607 ἡμεῖς
1529 3562 1564 3597 δέ
1585 3564 1767 3599 συνναῦταί
1783 3579 1823 3611 γε
1841 3562 1932 3599 τοῦδ’
1952 3559 2152 3598 Ὀδυσσέως

1415 3617 1509 3653 ὄντες
1525 3617 1564 3651 τὸ
1583 3617 1706 3652 λοιπὸν
1724 3616 1859 3665 Βακχίῳ
1877 3614 2120 3662 δουλεύσομεν.
