2488 3860
1042 262 1434 301 ΛΎΣΙΣΤΡΑΤΗ.

202 369 302 402 ΠΡΟ.
586 365 667 411 λέγε
685 366 725 409 δὴ
743 364 882 410 ταχέως,
901 363 954 400 ἵνα
969 364 1014 410 μὴ
1032 366 1148 410 κλάῃς.

202 422 271 454 AY.
1055 417 1165 464 ἀκροῶ
1183 417 1235 462 δὴ,

304 469 358 505 καὶ
374 468 435 505 τὰς
450 470 564 516 χεῖρας
580 472 684 516 πειρῶ
702 469 864 515 κατέχειν.

201 527 303 558 ΠΡΟ.
671 521 750 556 ἀλλ’
769 522 809 556 οὐ
827 520 976 567 δύναμαι·
1005 522 1156 568 χαλεπὸν
1171 522 1237 569 γὰρ

248 569 250 571 V
303 573 368 610 ὑπὸ
385 575 444 619 τῆς
461 573 562 620 ὀργῆς
580 573 680 609 αὐτὰς
696 571 821 619 ἰ’σχειν.
1177 587 1236 619 505

202 630 268 660 ΓΥ.
296 629 338 661 A.
698 624 838 661 κλαύσει
856 625 967 661 τοίνυν
982 626 1073 661 πολὺ
1089 628 1234 672 μᾶλλον.

201 684 302 714 ΠΡΟ.
329 679 428 713 τοῦτο
440 677 513 723 μὲν,
528 677 555 713 ὦ
567 680 664 725 γραῦ,
678 679 785 723 σαυτῇ
798 678 951 726 κρώξαις·
971 678 1016 713 σὺ
1030 678 1067 713 δέ
1075 693 1133 724 μοι
1145 679 1236 726 λέγε.

201 736 269 766 ΛΥ.
971 732 1075 765 ταῦτα
1091 729 1236 775 ποιήσω.

301 781 394 828 ἡμεῖς
419 783 478 818 τὸν
502 783 563 828 μὲν
590 782 752 830 πρότερον
776 784 927 828 πόλεμον
952 782 1006 817 καὶ
1031 783 1090 817 τὸν
1114 784 1238 830 χρόνον

354 833 566 880 ἧνεχόμεσθα

301 886 366 923 ὑπὸ
388 885 615 934 σωφροσύνης
635 889 694 932 τῆς
715 886 885 935 ἡμετέρας,
908 890 974 923 τῶν
999 886 1138 934 ἀνδρῶν,
1163 886 1233 922 ἅττ’

354 939 509 975 ἐποιεῖτε.

302 991 343 1026 οὗ
371 992 437 1039 γὰρ
464 990 597 1039 γρύζειν
631 991 717 1027 εἰᾶθ’
752 991 847 1037 ἡμᾶς.
887 988 955 1038 κᾷτ’
985 991 1045 1026 οὐκ
1079 990 1239 1038 ἠρέσκετέ

352 1043 385 1090 γ’
403 1043 500 1089 ἡμᾶς·

302 1096 381 1132 ἀλλ’
417 1096 657 1142 ᾐσθανόμεσθα
692 1098 801 1133 καλῶς
835 1097 937 1142 ὑμῶν·

354 1149 449 1184 ἔνδον
465 1149 505 1184 ἂν
522 1148 621 1183 οὖσαι

303 1198 492 1246 ἠκούσαμεν
508 1201 548 1236 ἅν
565 1215 598 1235 τι
615 1204 721 1238 κακῶς
737 1201 822 1246 ὑμᾶς
838 1200 1131 1246 βουλευσαμένους
1151 1202 1238 1249 μέγα

303 1268 494 1341 εἶτ’πΙάιλγμῖ
605 1305 702 1341 ’δθ
766 1306 776 1318 ‘
809 1307 824 1315 ‘⁸
877 1306 885 1318 ’
1002 1307 1011 1319 ’
1054 1305 1088 1340 θ’
1117 1305 1136 1340 ἃ

431 1320 555 1353 γουσαι
578 1320 638 1340 ταν
659 1321 676 1341 ο
702 1321 737 1341 εν
759 1321 844 1351 υμας
868 1320 1053 1353 επανηρομε
1140 1321 1157 1341 ν
1179 1321 1236 1352 γε-

353 1359 519 1398 λάσασαι,

303 1409 337 1445 τί
362 1409 587 1453 βεβούλευται
614 1411 691 1457 περὶ
719 1414 784 1445 τῶν
816 1411 972 1446 σπονδῶν
1000 1411 1035 1446 ἐν
1060 1412 1102 1456 τῇ
1129 1409 1238 1455 στήλῃ

353 1463 577 1509 παραγράψαι

303 1515 339 1550 ἐν
354 1518 402 1563 τῷ
423 1514 515 1562 δήμῳ
536 1514 679 1562 τήμερον
699 1515 797 1560 {fin
825 1515 860 1550 τί
886 1515 924 1550 δέ
942 1529 1000 1550 σοι
1020 1514 1133 1556 ταῦτ’;
1162 1514 1182 1559 ἦ
1210 1513 1238 1550 δ’

355 1566 392 1603 ὃς
410 1567 450 1601 ἂν
467 1567 560 1613 ἁνὴρ,

303 1619 344 1654 οὔ
362 1618 521 1666 σιγήσει;
551 1619 640 1667 κάγὼ
656 1619 788 1667 ’σίγων.
1177 1633 1237 1665 515

202 1677 268 1708 ΙὙ.
295 1677 337 1707 A.
688 1672 766 1707 ἀλλ’
785 1672 845 1707 οὔκ
862 1672 903 1708 ἂν
920 1672 986 1720 ἐγώ
1003 1672 1078 1709 ποτ’
1097 1673 1233 1720 ἐσίγων.

202 1730 304 1760 ΠΡΟ.
333 1723 392 1759 κᾶν
409 1721 549 1773 ᾧμωξάς
565 1720 611 1771 γ’,
632 1724 662 1759 εἶ
677 1724 722 1770 μὴ
740 1722 864 1771 ’σίγας.

199 1782 271 1814 ΛΥ.
736 1778 854 1824 τοιγὰρ
872 1778 971 1825 ἔγωγ’
988 1778 1083 1813 ἕνδον
1100 1778 1237 1825 ἐσίγων.

246 1846 250 1847 ’
303 1827 417 1875 ἕτερόν
433 1843 465 1863 τι
482 1830 705 1877 πονηρότερον
722 1828 828 1874 δήπου
845 1829 1007 1875 βούλευμ’
1025 1829 1235 1875 ἐπεπύσμεθ’

353 1880 394 1916 ἂν
411 1881 513 1926 ὑμῶν·
972 1879 1047 1930 [ὧδ’
1066 1881 1212 1927 ἀνοήτως
1227 1897 1238 1925 ;

302 1930 360 1968 εἶτ’
392 1931 530 1980 ἦρδμεθ’
556 1933 609 1969 ἅν·
645 1938 715 1970 πῶς
741 1934 845 1975 ταῦτ’,
874 1934 968 1981 ὦνερ,
996 1934 1239 1980 διαπράττεσθ’

301 1986 320 2019 ὁ
337 1983 388 2032 λδέ
413 1984 450 2029 μ’
475 1984 572 2021 εὐθὺς
595 1985 800 2032 ὑποβλέψας
825 1986 865 2021 ἂν
891 1986 1027 2032 ἔφασκ’,
1056 1987 1085 2022 εἶ
1105 1987 1150 2033 μὴ
1179 1989 1237 2023 τὸν

355 2035 506 2081 στήμονα
523 2036 628 2082 νήσω,

301 2086 521 2133 ὀτοτύξεσθαι
560 2090 670 2135 μακρὰ
709 2089 768 2134 τὴν
803 2088 967 2136 κεφαλήν·
1017 2093 1166 2138 πόλεμος
1205 2091 1235 2127 δ’

353 2141 517 2187 ἄνδρεσσι
533 2140 688 2186 μελήσει.
1176 2158 1237 2190 5²0

199 2198 300 2228 ΠΡΟ.
329 2193 437 2240 ὀρθῶς
452 2208 493 2240 γε
509 2194 620 2241 λέγων
637 2194 674 2238 νὴ
694 2192 750 2228 Δί’
768 2194 902 2232 ἐκεῖνος.

200 2250 269 2280 AY.
754 2251 826 2283 πῶς
843 2247 961 2294 ὀρθῶς,
982 2248 1008 2283 ὦ
1026 2250 1235 2295 κακόδαιμον,

302 2297 332 2332 εἶ
359 2299 442 2343 μηδὲ
473 2301 578 2335 κακῶς
606 2298 865 2344 βουλευομένοις
895 2300 973 2345 ἐξῆν
1003 2301 1079 2346 ὑμῖν
1114 2302 1236 2337 ὑποθέ-

985 1096 1038 1131 καὶ
1071 1097 1236 1133 πολλάκις

355 2350 457 2391 σθαι;

302 2400 358 2437 ὅτε
375 2402 415 2447 δὴ
440 2402 469 2438 δ’
487 2403 577 2448 ὑμῶν
595 2403 630 2439 ἐν
652 2405 764 2439 ταῖσιν
781 2404 872 2440 ὁδοῖς
895 2405 1049 2451 φανερῶς
1075 2403 1238 2453 ἠκούομεν

352 2455 426 2498 ᾔδη’

302 2506 360 2541 οὐκ
378 2507 473 2541 ἔστιν
486 2504 570 2552 ἀνὴρ
588 2506 624 2541 ἐν
647 2508 686 2551 τῇ
705 2507 799 2553 χώρᾳ
814 2520 824 2548 ;
852 2509 899 2553 μὰ
925 2508 981 2544 Δί’
1000 2510 1041 2545 οὔ
1064 2510 1146 2558 δῆτ’,
1165 2507 1231 2557 αφ’

353 2556 465 2603 ἕτερός
481 2566 543 2593 τις·

301 2609 385 2654 μετὰ
401 2607 498 2644 ταῦθ’
516 2608 594 2654 ἡμῖν
617 2610 713 2646 εὐθὺς
736 2610 852 2655 ἔδοξεν
874 2614 986 2646 σῶσαι
1009 2612 1069 2657 τὴν
1083 2612 1236 2649 Ἐλλάδα

353 2664 443 2706 κοινῇ
1173 2679 1233 2711 525

301 2714 394 2747 ταῖσι
416 2714 566 2760 γυναιξὶν
591 2714 868 2760 συλλεχθείσαις.
896 2718 957 2751 ποῖ
981 2717 1047 2764 γὰρ
1070 2718 1124 2753 καὶ
1150 2721 1237 2765 χρῆν

355 2765 522 2810 ἀναμεῖναι
537 2779 547 2806 ;

301 2815 342 2862 ἢν
369 2816 428 2852 οὖν
457 2817 548 2862 ἡμῶν
573 2819 708 2865 χρηστὰ
735 2821 913 2867 λεγουσῶν
936 2820 1111 2866 ἐθελήσητ’
1137 2823 1234 2858 ἀντα-

354 2870 518 2916 κροᾶσθαι

300 2922 525 2958 κάντισιωπᾶν
560 2922 675 2969 ὥσπερ
709 2922 838 2969 χήμεῖς,
871 2925 1162 2972 ἐπανορθώσαιμεν
1196 2928 1236 2963 ἂν

352 2975 448 3019 ὑμᾶς.

196 3031 298 3061 ΠΡΟ.
326 3026 419 3072 ὑμεῖς
435 3026 520 3071 ἡμᾶς
534 3040 543 3067 ;
573 3027 679 3063 δεινόν
694 3042 735 3074 γε
752 3028 864 3075 λέγεις
882 3030 941 3064 κού
958 3031 1081 3074 τλητὸν
1098 3032 1223 3079 ἔμοιγε.

197 3084 267 3113 AY.
1109 3086 1233 3119 σιώπα.

196 3135 297 3165 ΠΡΟ.
327 3132 385 3166 σοί
409 3131 455 3176 γ’,
479 3130 505 3165 ὦ
533 3132 704 3178 κατάρατε,
731 3135 849 3167 σιωπῶ
871 3132 943 3179 ’γῶ,
973 3134 1026 3169 καὶ
1046 3138 1149 3171 ταῦτα
1175 3137 1233 3170 κά-

346 3185 466 3228 λυμμα
483 3182 642 3229 φορούσῃ
1173 3201 1190 3232 5
1194 3202 1236 3232 30

299 3236 376 3282 περὶ
393 3237 455 3280 τὴν
473 3234 647 3281 κεφαλήν;
674 3234 720 3282 μή
739 3250 796 3270 νυν
814 3235 910 3285 ζῴην.

731 3288 809 3323 ἀλλ’
829 3289 859 3323 εἷ
876 3289 965 3324 τοῦτ’
984 3290 1142 3335 ἐμπόδιόν
1161 3306 1232 3332 σοι,

298 3339 376 3387 παρ’
395 3340 476 3384 ἐμοῦ
494 3340 586 3374 Ιτουτὶ
604 3340 643 3374 τὸ
661 3340 816 3385 κάλυμμα
833 3342 950 3384 λαβὼν

302 3392 359 3437 ἕχε
376 3393 429 3426 καὶ
446 3391 586 3438 περίθου
602 3392 679 3437 περὶ
696 3392 756 3436 τὴν
773 3393 935 3438 κεφαλὴν,

298 3442 380 3490 κᾷτα
398 3445 521 3486 σιώπα,

298 3497 353 3530 καὶ
369 3498 487 3530 τοῦτον
504 3498 562 3530 τὸν
580 3495 798 3531 καλαθίσκον”’

300 3544 381 3593 κᾷτα
399 3547 522 3591 ξαίνειν
541 3548 776 3592 συζωσάμενος

197 3292 264 3322 AY.

1173 3513 1232 3544 535

1176 1162 1238 1194 510
1253 1142 1258 1186 Ι
1277 1153 1346 1184 AY.

2222 259 2303 301 529

1378 363 1522 407 κυάμους
1538 364 1686 410 τρώγων·

1375 416 1524 459 πόλεμος
1540 415 1578 450 δὲ
1594 415 1726 462 γυναιξὶ
1742 413 1898 461 μελήσει.

1273 471 1344 502 XO·
1355 472 1421 502 ΓΥ.
1440 465 1601 513 ἀνι-αἴρετ’,
1614 467 1640 501 ῶ
1649 469 1811 514 γυναῖκες,
1822 468 1889 503 ἀπὸ
1899 470 1965 502 τῶν
1975 466 2156 509 καλπίδων,
2169 464 2259 502 ὅπως
2270 465 2309 500 ἂν

1376 520 1411 554 ἐν
1427 522 1475 567 τῷ
1490 520 1583 566 μέρει
1599 517 1717 565 χήμεῖς
1733 534 1766 554 τι
1783 522 1855 556 ταῖς
1871 520 2012 565 φίλαισι
2030 518 2270 562 συλλάβωμεν.

1376 571 1442 618 ἐγὼ
1457 572 1525 617 γὰρ
1542 581 1562 599 ⁸
1582 573 1705 607 οὔποτε
1722 571 1852 617 κάμοιμ’
1871 571 1912 606 ἂν
1928 571 2126 617 ὀρχουμένη,
2157 571 2227 605 ἀντ.
2243 583 2300 615 541

1375 623 1454 658 οὐδὲ
1471 622 1584 669 γόνατ’
1603 623 1644 658 ἂν
1661 624 1765 659 κόπος
1783 622 1864 657 ἕλοι
1880 637 1923 668 με
1941 623 2127 669 καματηρὸς
2144 623 2196 658 ἅν.

1379 675 1486 710 ἐθέλω
1504 674 1533 710 δ’
1552 675 1608 710 ἐπὶ
1624 677 1691 710 πᾶν
1708 675 1790 709 ἰέναι
1885 691 1890 706 ι

1375 727 1460 772 μετὰ
1477 726 1572 762 τῶνδ’
1590 727 1708 774 ἀρετῆς
1725 726 1811 772 ἕνεχ’
1829 723 1882 763 αἷς

1383 781 1431 814 ἔνι
1448 778 1567 825 φύσις,
1588 780 1635 815 ἔνι
1652 780 1762 825 χάρις,

1378 833 1426 867 ἔνι
1444 831 1583 878 θράσος,
1602 833 1650 867 ἔνι
1668 832 1705 866 δὲ
1723 831 1762 866 τὸ
1781 831 1907 877 σοφὸν,
1927 831 1974 865 ἔνι
1993 830 2180 876 φιλόπολις

1380 884 1480 931 ἀρετὴ
1499 885 1675 930 φρόνιμος.
2225 905 2227 912 ι

1377 936 1468 977 ἀλλ’,
1497 936 1524 971 ὦ
1558 935 1666 981 τηθῶν
1700 935 1911 982 ἀνδρειοτάτη
1930 935 1983 970 καὶ
2016 936 2195 982 μητριδίων
2230 936 2308 971 ἀκα-

2250 790 2309 824 545

1429 991 1453 1024 λ
1507 991 1552 1024 ῶν

1377 989 1508 1088 χωρέιῖῗέ
1527 1015 1612 1088 ὀργῇ
1637 1042 1690 1076 καὶ
1710 1040 1755 1086 μὴ
1773 1039 1946 1088 τέγγεσθ’·
1977 1040 2025 1074 ἔτι
2046 1040 2112 1087 γὰρ
2137 1043 2195 1076 νῦν
2212 1041 2309 1087 οὔρια

1432 1094 1533 1129 θεῖτε.
2252 1105 2313 1138 550

1379 1147 1457 1182 ἀλλ’
1487 1149 1590 1193 ἤνπερ
1619 1146 1639 1181 ὅ
1668 1161 1705 1182 τε
1731 1144 1945 1194 γλυκύθυμος
1959 1143 2072 1191 ’Ἔρως
2102 1143 2147 1191 χῆ
2177 1150 2310 1192 Κυπρο-

1431 1199 1528 1246 γένει’
1546 1199 1733 1246 Ἀφροδίτη

1380 1250 1494 1299 ἵμερον
1528 1251 1620 1297 ἡμῶν
1655 1252 1736 1286 κατὰ
1763 1254 1829 1286 τῶν
1856 1251 1990 1285 κόλπων
2018 1250 2071 1284 καὶ
2102 1251 2168 1284 τῶν
2201 1253 2312 1297 μηρῶν

1435 1303 1658 1349 καταπνεύσῃ,

1381 1354 1449 1404 κᾷτ’
1486 1356 1600 1402 ἐντέξῃ
1634 1357 1770 1391 τέτανον
1803 1356 1943 1402 τερπνὸν
1977 1356 2053 1391 τοῖς
2081 1354 2223 1401 ἀνδράσι
2259 1356 2313 1390 καὶ

1431 1408 1678 1457 ῥοπαλισμούς,

1381 1459 1473 1507 οἶμαί
1497 1476 1581 1497 ποτε
1602 1462 1799 1507 Λυσιμάχας
1822 1459 1907 1505 ἡμᾶς
1933 1459 1969 1495 ἐν
1993 1461 2063 1495 τοῖς
2080 1458 2231 1503 ’Ἕλλησι
2254 1473 2311 1494 κα-

1432 1513 1581 1549 λεῖσθαι.

1278 1573 1379 1603 ΙΙΡΟ.
1408 1566 1442 1601 τί
1458 1567 1673 1611 ποιησάσας;
2253 1575 2312 1610 555

1278 1626 1347 1656 ΛΥ.
1535 1618 1575 1664 ἢν
1591 1618 1773 1663 παύσωμεν
1788 1618 1981 1665 πρώτιστον
1996 1615 2057 1662 μὲν
2074 1615 2135 1660 ξὺν
2152 1615 2311 1652 ὅπλοισιν

1382 1673 1607 1720 ἀγοράζοντας
1624 1671 1678 1706 καὶ
1695 1669 1923 1716 μαινομένους.

1279 1731 1344 1762 PY-
1802 1722 1840 1767 νὴ
1858 1723 1918 1768 τὴν
1934 1721 2074 1768 Παφίαν
2089 1720 2307 1767 Ἀφροδίτην.

1279 1783 1345 1814 ΛΥ.
1378 1779 1436 1814 νῦν
1452 1773 1524 1823 Ιμὲν
1550 1777 1616 1824 γὰρ
1647 1775 1687 1822 δὴ
1710 1777 1770 1813 κάν
1795 1778 1887 1812 ταῖσι
1914 1773 2052 1821 χύτραις
2070 1773 2130 1808 κάν
2156 1776 2225 1810 τοῖς
2247 1776 2311 1810 λα-

1433 1831 1589 1876 χάνοισιν
1607 1830 1728 1875 ὁμοίως

1381 1883 1614 1930 περιέρχονται
1637 1882 1719 1917 κατὰ
1742 1881 1801 1926 τὴν
1817 1880 1943 1927 ἀγορὰν
1966 1879 2027 1924 ξὺν
2045 1878 2175 1920 ὅπλοις,
2196 1879 2316 1925 ὥσπερ,

1434 1934 1659 1980 Κορύβαντες.
2293 1929 2299 1936 ’

1279 1988 1380 2020 ΠΡΟ.
1409 1983 1447 2029 νὴ
1467 1985 1541 2020 Δία·
1568 1984 1635 2031 χρὴ
1652 1983 1718 2030 γὰρ
1735 1984 1813 2020 τοὺς
1830 1983 2011 2030 ἀνδρείους.

1279 2042 1349 2073 AY.
1745 2037 1798 2071 καὶ
1815 2036 1880 2081 μὴν
1896 2038 1935 2070 τό
1952 2051 1992 2082 γε
2008 2038 2145 2082 πρᾶγμα
2161 2035 2308 2083 γέλοιον,

1382 2087 1461 2124 ὅταν
1495 2089 1611 2125 ἀσπίδ’
1640 2090 1727 2135 ἔχων
1762 2089 1815 2123 καὶ
1833 2090 1981 2135 Γοργόνα
2015 2102 2066 2124 τις
2093 2085 2162 2134 κᾷτ’
2192 2089 2312 2133 ὠνῆται

1437 2142 1640 2188 κορακίνους.
2253 2145 2314 2185 560

1384 2194 1422 2239 νὴ
1457 2193 1514 2230 Δί’
1550 2194 1616 2241 ἐγὼ
1650 2196 1733 2241 γοῦν
1767 2193 1869 2239 ἄνδρα
1905 2191 2047 2237 κομήτην
2082 2193 2313 2239 φυλαρχοῦντ’

1434 2243 1523 2281 εἶδον
1540 2246 1596 2292 ἐφ’
1615 2244 1720 2281 ἵππου

1384 2299 1418 2335 ἐς
1435 2300 1493 2334 τὸν
1515 2301 1665 2344 χαλκοῦν
1683 2299 1936 2343 ἐμβαλλόμενον
1953 2299 2055 2332 πῖλον
2071 2296 2206 2332 λέκιθον
2223 2298 2311 2344 παρὰ

1478 2353 1548 2387 αός·

1382 2365 1493 2450 ἔτεζζς
1511 2403 1540 2438 δ’
1557 2402 1599 2438 αὖ
1617 2402 1711 2450 Θρᾷξ
1733 2401 1860 2446 πέλτην
1879 2401 1979 2436 σείων
1997 2401 2177 2441 κάκόντιον,
2197 2401 2313 2448 ὥσπερ

1434 2457 1453 2490 ὁ
1471 2455 1605 2503 Τηρεὺς,

1383 2507 1572 2543 ἐδεδίσκετο
1607 2507 1667 2553 τὴν
1697 2506 1931 2553 ἰσχαδόπωλιν
1961 2506 2014 2541 καὶ
2042 2506 2100 2542 τὰς
2143 2506 2316 2552 δρυπετεῖς

1433 2561 1597 2595 κατέπινε.

1280 2618 1379 2648 ΠΡΟ.
1416 2616 1487 2648 πῶς
1526 2611 1585 2647 οὖν
1623 2611 1715 2656 ὑμεῖς
1749 2611 1883 2646 δυναταὶ
1922 2612 2050 2646 παῦσαι
2089 2609 2313 2657 τεταραγμένα

1431 2665 1609 2711 πράγματα
1626 2664 1742 2699 πολλὰ
2251 2666 2311 2707 565

1383 2717 1417 2751 ἐν
1434 2718 1505 2753 ταῖς
1522 2717 1647 2763 χώραις
1664 2717 1717 2751 καὶ
1735 2716 1915 2756 διαλῦσαι;
1942 2720 2010 2750 AY.
2026 2713 2167 2760 φαύλως
2184 2716 2283 2750 πάνυ.

1280 2775 1380 2805 ΠΡΟ.
1999 2771 2091 2808 πῶς;
2120 2767 2308 2811 ἀπόδειξον.

1278 2827 1347 2858 ΛΥ.
1380 2821 1496 2868 ὥσπερ
1519 2819 1699 2867 κλωστῆρ’,
1722 2819 1801 2855 ὅταν
1826 2819 1903 2865 ἡμῖν
1925 2816 1946 2864 ᾖ
1969 2820 2220 2866 τεταραγμένος,
2249 2819 2311 2854 ὧδε

1430 2875 1614 2916 λαβοῦσαι,

1381 2926 1621 2972 ὑπενεγκοῦσαι
1637 2926 1747 2959 τοῖσιν
1767 2924 1940 2971 ἀτράκτοις
1965 2925 2004 2959 τὸ
2027 2924 2088 2969 με”ν
2108 2923 2251 2968 ἐνταυθὶ,
2271 2925 2310 2959 τὸ

1431 2978 1459 3012 δ’
1480 2978 1600 3017 ἐκεῖσε,

1380 3027 1485 3065 οὕτως
1505 3029 1557 3064 καὶ
1575 3030 1634 3063 τὸν
1655 3030 1805 3074 πόλεμον
1821 3030 1940 3064 τοῦτον
1965 3025 2179 3074 διαλύσομεν,
2199 3030 2240 3073 ἤν
2262 3042 2312 3065 τις

1431 3082 1527 3125 ἐάσῃ,

1382 3135 1610 3179 διενεγκοῦσαι
1627 3133 1682 3168 διὰ
1707 3135 1899 3180 πρεσβειῶν
1915 3134 1954 3168 τὸ
1971 3133 2032 3178 μὲν
2055 3132 2197 3172 ἐνταυθὶ,
2216 3134 2255 3168 τὸ
2282 3132 2311 3168 δ’

1430 3186 1550 3219 ἐκεῖσε.
2250 3196 2312 3229 570

1276 3243 1378 3273 ΠΡΟ,
1406 3237 1444 3280 ἐξ
1471 3237 1567 3283 ἐρίων
1589 3237 1630 3282 δὴ
1657 3237 1710 3272 καὶ
1734 3236 1938 3284 κλωστήρων
1962 3238 2014 3272 καὶ
2037 3237 2206 3284 ἀτράκτων
2225 3238 2309 3284 πρά-

1428 3303 1538 3335 γματα
1555 3289 1645 3324 δεινὰ

1378 3339 1520 3376 παύσειν
1533 3339 1655 3381 οἴεσθ’,
1676 3341 1702 3376 ὦ
1719 3342 1852 3387 ἀνόητοι
1867 3355 1876 3382 ;

1797 3395 1857 3429 κᾶν
1873 3395 1950 3439 ὑμῖν
1966 3393 1999 3441 γ’
2017 3392 2050 3428 εἴ
2063 3407 2113 3429 τις
2131 3394 2205 3438 ἐνῆν
2223 3395 2309 3434 νοῦς,

1380 3443 1418 3477 κέ
1449 3447 1514 3479 τῶν
1553 3445 1649 3491 ἐρίων
1687 3449 1754 3480 τῶν
1791 3445 1958 3493 ἡμετέρων
1997 3445 2228 3482 ἐπολιτεύεσθ’
2271 3444 2311 3480 ἂν

1429 3497 1567 3531 ἅπαντα.

1277 3555 1377 3585 ΠΡΟ.
1405 3552 1476 3585 πῶς
1492 3548 1532 3591 δὴ
1545 3561 1554 3588 ;
1583 3548 1660 3596 φέρ’
1678 3547 1754 3586 ἴδω,

1276 3400 1345 3430 ΔΥ.

1226 3611 1288 3646 3Ῡ
