2488 3860
221 318 303 360 392

220 2616 291 2648 XO.

1100 316 1426 357 ΕΥΡΙΠΙΔΟΥ

321 419 464 456 δύσνουν
480 433 522 466 με
538 419 705 467 λήψεσθ’,
723 418 840 458 οἵτινές
857 419 934 456 ποθ’
954 421 1056 466 ἥκετε.

320 473 374 508 καὶ
390 471 480 507 τοῦτ’
499 470 553 519 ἆρ’
570 471 612 516 ἦν
628 472 761 517 ἀληθὲς,
777 473 941 518 ᾐσθόμην,
960 473 1071 519 φίλαι,

319 526 352 559 οἱ
370 525 547 571 δυστυχεῖς
563 525 629 572 γὰρ
646 527 755 560 τοῖσιν
772 525 1022 572 εὐτυχεστέροις

320 577 414 611 αὐτοὶ
431 578 540 612 καλῶς
556 576 740 623 πράξαντες
757 578 796 612 οὗ
813 579 1000 624 φρονοῦσιν
1018 575 1066 610 εὗ.

319 627 397 664 ἀλλ’
415 630 493 664 οὔτε
508 626 636 674 πνεῦμα
656 629 776 665 Διόθεν
792 628 876 674 ἦλθε
893 630 1039 668 πώποτε,

319 681 359 715 οὗ
375 680 528 727 πορθμὶς,
548 681 619 725 ἥτις
636 681 691 716 διὰ
707 680 829 729 πέτρας
847 681 1089 727 Συμπληγάδας

318 733 456 777 Ἑλένην
473 732 616 779 ἀπήγαγ’
635 733 756 774 ἐνθάδ’,
776 733 798 777 ἥ
814 733 848 778 μ’
867 734 1037 771 ἀπώλεσε,

321 785 501 820 Μενέλεών
518 784 562 826 θ’,
582 783 624 820 ἵν’
638 786 757 822 αὐτοὺς
773 785 1096 831 ἀντετιμωρησάμην,

319 838 380 882 τὴν
397 837 504 873 ἐνθάδ’
525 836 630 872 Αὖλιν
647 837 818 872 ἀντιθεῖσα
835 840 893 883 τῆς
911 837 989 876 ἐκεῖ,

321 889 362 924 οὗ
377 889 412 935 μ’
432 890 522 925 ὥστε
537 891 670 935 μόσχον
687 886 844 925 Δαναΐδαι
861 888 1069 936 χειρούμενοι

319 942 481 988 ἔσφαζον,
502 942 588 988 ἱρεὺς
607 939 638 976 δ’
657 941 697 986 ἦν
715 943 733 976 6
750 941 913 988 γεννήσας
929 939 1049 986 πατήρ.

321 993 421 1039 οἴμοι·
449 997 554 1029 κακῶν
570 994 636 1041 γὰρ
653 998 719 1029 τῶν
737 993 807 1028 τότ’
828 994 886 1028 οὐκ
904 994 1087 1038 ἀμνημονῶ,

320 1046 405 1082 ὅσας
421 1047 549 1093 γενείου
567 1048 681 1092 χεῖρας
698 1045 904 1090 ἐξηκόντισα,

319 1100 469 1145 γονάτων
483 1113 521 1133 τε
538 1101 597 1133 τοῦ
615 1100 765 1134 τεκόντος
783 1096 1000 1144 ἐξαρτωμένη,

319 1150 470 1198 λέγουσα
487 1149 604 1186 τοιάδ’·
632 1150 658 1184 ὦ
675 1151 791 1197 πάτερ,
811 1149 1019 1196 νυμφεύομαι

313 1202 525 1250 ,νυμφεύματ’
544 1203 670 1249 αἰσχρὰ
687 1203 771 1249 πρὸς
789 1201 898 1237 σέθεν·
925 1200 1032 1247 μήτηρ
1050 1198 1079 1234 δ’
1098 1198 1169 1245 ε’μὴ,
1191 1200 1262 1245 365’

321 1255 422 1291 σέθεν
438 1255 712 1294 κατακτείνοντος,
732 1254 881 1302 Ἀργεῖαί
897 1255 937 1289 τέ
953 1267 1002 1288 νιν

320 1310 482 1353 υμνοῦσιν
498 1307 713 1353 ὑμεναίοισιν,
732 1307 880 1342 αὐλεῖται
898 1307 935 1341 δὲ
951 1306 1018 1341 πᾶν

321 1359 501 1407 μέλαθρον
529 1359 621 1405 ἡμεῖς
638 1359 667 1394 δ’
687 1358 885 1404 ὀλλύμεσθα
901 1359 985 1404 πρὸς
1004 1356 1112 1391 σέθεν.

307 1412 424 1457 Ἀιδης
440 1412 619 1458 Ἀχιλλεὺς
637 1410 675 1455 ἦν
693 1411 755 1458 ἄρ’,
775 1412 838 1456 οὐχ
856 1414 875 1446 6
897 1409 1046 1455 Πηλέως,

321 1465 359 1499 ὅν
375 1479 432 1510 μοι
449 1466 608 1511 προεῖπας
624 1465 736 1499 πόσιν·
765 1464 800 1499 ἐν
817 1465 970 1510 ἁρμάτων
988 1462 1016 1497 δ’
1037 1461 1129 1508 ὄχοις

322 1517 369 1553 εἷς
386 1518 565 1563 αἱματηρὸν
581 1517 688 1562 γάμον
706 1516 938 1563 ἐπόρθμευσας
956 1515 1055 1562 δόλῳ.

321 1570 387 1615 ἐγὼ
406 1569 442 1604 δὲ
459 1571 591 1604 λεπτῶν
609 1568 698 1613 ὄμμα
715 1569 770 1603 διὰ
788 1569 1008 1613 καλυμμάτων

320 1621 447 1667 ἕχουσ’,
466 1620 617 1667 ἀδελφὸν
635 1620 702 1654 οὔτ’
722 1621 900 1665 ἀνειλόμην
916 1620 1040 1666 χεροῖν,

320 1673 357 1710 ὃς
374 1676 431 1708 νῦν
448 1672 587 1714 ὄλωλεν,
607 1673 646 1707 οὗ
664 1671 847 1719 κασιγνήτῃ
863 1674 974 1716 στόμα

321 1723 449 1772 συνῆψ’
468 1723 525 1761 ὑπ’
544 1725 665 1767 αἰδοῦς,
685 1725 729 1761 ὧς
746 1725 833 1760 ἷοῦσ·’
853 1725 886 1761 ές
904 1724 1044 1769 Πηλέως

318 1777 484 1825 μέλαθρα·
510 1778 625 1813 πολλὰ
642 1777 671 1812 δ’
690 1777 856 1822 ἀπεθέμην
873 1776 1079 1820 ἀσπάσματα

321 1830 480 1872 εἰσαῦθις,
500 1830 544 1866 ὣς
561 1826 680 1874 ἥξουσ’
701 1830 735 1866 ἐς
744 1829 872 1876 Ἀργος
889 1828 930 1863 αὖ
947 1830 1058 1864 πάλιν.

319 1883 345 1917 ῶ
363 1884 499 1928 τλῆμον,
519 1882 548 1916 εἷ
565 1881 732 1926 τέθνηκας,
752 1882 790 1925 ἐξ
808 1880 885 1916 οἵων
903 1883 1013 1916 καλῶν

319 1936 436 1982 ἔρρεις,
457 1933 613 1978 Ὀρέστα,
633 1935 686 1969 καὶ
703 1934 827 1980 πατρὸς
846 1934 1054 1978 ζηλωμάτων.

319 1988 361 2022 τὰ
377 1988 436 2032 τῆς
453 1986 530 2022 θεοῦ
548 1987 585 2021 δὲ
602 1986 776 2032 μέμφομαι
795 1986 1003 2031 σοφίσματα,

320 2040 401 2085 ἥτις,
420 2041 551 2085 βροτῶν
568 2039 629 2084 μὲν
645 2040 686 2083 ἥν
702 2053 752 2075 τις
769 2038 899 2085 ἅψηται
916 2038 1033 2083 φόνου,

319 2091 339 2136 ἢ
359 2092 411 2126 καὶ
428 2092 575 2137 λοχείας,
594 2091 614 2135 ἢ
633 2094 749 2136 νεκροῦ
767 2090 844 2137 θίγῃ
862 2091 988 2136 χεροῖν,

319 2145 443 2189 βωμῶν
460 2145 622 2190 ἀπείργει,
640 2143 792 2189 μυσαρὸν
809 2144 853 2178 ὡς
871 2142 1043 2188 ἡγουμένη,

318 2196 399 2240 αὐτὴ
418 2195 454 2230 δὲ
473 2196 605 2232 θυσίαις
622 2195 734 2240 ἥδεται
751 2195 994 2241 βροτοκτόνοις.

319 2249 378 2282 οὐκ
398 2247 468 2283 ἔσθ’
489 2248 577 2284 ὅπως
593 2246 669 2283 ποτ’
688 2248 797 2282 ἔτεκεν
814 2247 834 2291 ἡ
854 2247 933 2282 Διὸς
950 2247 1056 2291 δάμαρ

321 2301 416 2344 Λητὼ
434 2299 599 2344 τοσαύτην
616 2299 770 2345 ἀμαθίαν.
808 2299 874 2345 ἐγὼ
892 2299 952 2345 μὲν
969 2297 1027 2333 οὖν

319 2353 360 2387 τὰ
378 2354 548 2388 Ταντάλου
567 2351 695 2387 θεοῖσιν
714 2352 897 2396 ἑστιάματα

319 2404 446 2440 ἄπιστα
464 2405 573 2451 κρίνω,
593 2405 710 2440 παιδὸς
727 2402 868 2448 ἧσθῆναι
886 2404 986 2450 βορᾷ,

319 2457 396 2493 τοὺς
413 2456 444 2491 δ’
464 2455 586 2497 ἐνθάδ’,
606 2456 724 2491 αὐτοὺς
743 2455 838 2491 ὄντας
855 2455 1154 2502 ἀνθρωποκτόνους,

320 2509 354 2544 ἐς
370 2510 428 2544 τὸν
446 2509 522 2544 θεὸν
538 2509 577 2543 τὸ
595 2509 729 2554 φαῦλον
746 2508 925 2554 ἀναφέρειν
942 2508 1039 2542 δοκῶ·

319 2561 436 2597 οὐδένα
452 2563 518 2608 γὰρ
536 2558 626 2605 οἶμαι
644 2560 807 2605 δαιμόνων
825 2556 907 2594 εἶναι
925 2561 1037 2595 κακόν.

320 2614 452 2648 κυάνεαι
470 2614 600 2648 κυάνεαι
619 2610 754 2647 σύνοδοι
773 2611 962 2653 θαλάσσας,

319 2663 359 2700 ἵν’
379 2663 513 2712 οἶστρος
531 2667 549 2699 6
566 2665 756 2709 ποτώμενος
774 2663 936 2710 Ἀργόθεν

320 2717 464 2760 Εὔξενον
482 2715 531 2752 ἐπ’
551 2714 649 2761 οἶδμα
665 2717 862 2762 διεπέρασεν
879 2713 975 2756 Ἰοῦς,

321 2767 498 2805 Ἀσιάτιδα
515 2771 612 2816 γαῖαν

320 2821 483 2867 Εὐρώπας
500 2821 692 2867 διαμείψας.

320 2873 407 2910 τίνες
423 2873 497 2909 ποτ’
517 2873 581 2917 ὅρα
597 2874 656 2908 τὸν
673 2873 810 2919 εὔυδρον

320 2926 527 2971 δονακόχλοα
544 2926 698 2961 λιπόντες
715 2925 871 2971 Εὐρώταν

321 2977 341 3022 ἢ
361 2976 505 3024 ῥεύματα
523 2978 629 3022 σεμνὰ
647 2977 769 3023 Δίρκας

321 3031 453 3072 ἔβασαν
470 3030 600 3070 ἔβασαν
617 3028 754 3074 ἄμικτον
770 3025 855 3069 αἶαν,
874 3027 954 3064 ἔνθα
973 3026 1076 3076 κούρα

322 3082 377 3117 δία
394 3081 508 3128 τέγγει

321 3133 456 3179 βωμοὺς
474 3134 527 3168 καὶ
543 3133 729 3178 περικίονας

322 3185 421 3222 ναοὺς
437 3183 518 3230 αἷμα
534 3186 689 3231 βρότειον
698 3200 711 3226 ,·

321 3236 342 3281 ἦ
360 3236 486 3284 ῥοθίοις
503 3236 680 3272 εἶλατίναις
698 3238 882 3282 δικρότοισι
898 3238 1021 3273 κώπαις

322 3290 494 3325 ἔπλευσαν
511 3288 565 3324 ἐπὶ
581 3290 699 3324 πόντια
717 3288 844 3332 κύματα

322 3342 415 3377 νάϊον
432 3340 542 3386 ὄχημα
557 3341 788 3386 λινοπόροισιν
805 3342 929 3386 αὔραις,

322 3393 556 3439 φιλόπλουτον
571 3392 718 3437 ἅμιλλαν

321 3445 476 3488 αὔξοντες
493 3443 735 3490 μελάθροισιν,·

324 3498 411 3543 φιλα
429 3498 495 3543 γὰρ
513 3497 610 3532 ελπῖς
627 3495 748 3543 ἐγένετ’
767 3496 821 3531 ε’πὶ

322 3548 454 3594 πήμασι
470 3550 603 3595 βροτῶν
620 3548 794 3592 ἄπληστος
811 3547 1009 3594 ἀνθρώποις,

325 3601 434 3644 ὄλβου
451 3600 557 3648 βάρος
573 3597 606 3636 οἳ
623 3599 782 3647 φέρονται

1190 434 1253 465 350

1189 694 1249 724 355

1192 943 1254 983 360

1191 1472 1252 1507 370

1190 1734 1249 1768 375

1190 1989 1253 2028 380

1195 2250 1252 2290 385

1192 2521 1254 2552 390

1179 2625 1253 2655 στρ.

1194 2729 1254 2761 395

1196 2937 1258 2968 4οο

1197 3145 1257 3176 405

1194 3352 1257 3383 4¹0

1196 3560 1258 3593 4¹5

1396 417 1561 461 πλάνητες
1579 413 1631 449 ἐπ’
1651 411 1749 459 οἶδμα
1765 415 1881 450 πόλεις
1897 428 1935 451 τε
1951 415 2147 462 βαρβάρους
2165 418 2324 462 περῶντες

1399 470 1487 514 κεινᾷ
1506 467 1597 512 δόξᾳ.

1397 522 1511 567 γνώμα
1530 518 1560 553 δ’
1580 516 1630 554 οἷς
1647 518 1707 562 μὲν
1724 518 1857 562 ἄκαιρος
1874 517 1932 553 ὅλ-

1396 574 1473 614 βου,
1493 573 1562 606 τοῖς
1580 569 1613 605 δ’
1632 570 1667 607 ἐς
1683 569 1789 614 μέσον
1805 569 1887 614 ἥκει.

1394 628 1464 660 πῶς
1482 625 1540 659 τὰς
1558 621 1788 668 συνδρομάδας
1803 621 1935 668 πέτρας,

1396 679 1466 712 πῶς
1484 671 1634 711 Φινείδας

1397 726 1542 763 ἀύπνους
1560 726 1660 762 ἀκτὰς
1679 725 1796 771 ἐπέρα-

1398 796 1473 823 σαν,
1492 777 1571 825 παρ’
1589 779 1685 813 ἅλιον
1702 778 1855 824 αἰγιαλὸν

1399 830 1452 868 ἐπ’
1472 830 1690 877 Ἀμφιτρίτας
1708 829 1812 878 ῥοθίῳ
1830 831 2030 877 δραμόντες;

1398 885 1481 919 ὅπου
1499 882 1700 927 πεντήκοντα
1718 883 1819 929 κορᾶν

1398 940 1464 971 τῶν
1482 935 1642 981 Νηρῄδων
1659 935 1758 980 χοροὶ

1398 989 1591 1035 μέλπουσιν
1609 985 1787 1033 ἐγκύκλιοι·

1399 1042 1452 1076 καὶ
1469 1038 1708 1085 πλησιστίοισι
1724 1040 1851 1079 πνοαῖς,

1400 1094 1600 1140 συριζόντων
1618 1091 1700 1126 κατὰ
1717 1090 1800 1136 πρύ-

1399 1160 1482 1191 μναν
1500 1144 1635 1192 εὐναίων
1651 1142 1831 1187 πηδαλίων,

1400 1200 1514 1244 αὔραις
1532 1197 1567 1231 ἐν
1585 1196 1706 1231 νοτίαις

1400 1250 1419 1295 ἢ
1437 1249 1603 1294 πνεύμασι
1621 1245 1786 1294 Ζεφύρου,

1400 1303 1460 1337 τὰν
1476 1300 1699 1348 πολυόρνιθον
1716 1299 1766 1335 ἐπ’
1785 1295 1868 1339 αἶαν,

1401 1356 1523 1390 λευκὰν
1540 1354 1652 1396 ἀκτὰν,
1673 1351 1812 1397 Ἀχιλῆ-

1400 1421 1436 1443 ος
1455 1409 1595 1454 δρόμους
1613 1403 1881 1447 καλλισταδίους,

1400 1459 1559 1503 Εὔξεινον
1576 1459 1658 1494 κατὰ
1675 1458 1808 1494 πόντον.

1401 1510 1462 1547 εἴθ’
1483 1513 1616 1557 εὐχαῖσι
1635 1508 1855 1546 δεσποσύνοις

1400 1564 1509 1609 Λήδας
1526 1564 1645 1599 Ἑλένα

1402 1617 1490 1662 φίλα
1507 1619 1582 1652 παῖς
1603 1614 1751 1650 ἐλθοῦσα
1768 1612 1864 1660 τύχοι

1401 1670 1462 1704 τὰν
1479 1669 1617 1715 Τρῳάδα
1634 1668 1783 1702 λιποῦσα
1799 1667 1911 1709 πόλιν,

1402 1720 1442 1756 ἵν’
1461 1721 1549 1767 ἀμφὶ
1566 1720 1685 1765 χαίταν
1703 1720 1828 1766 δρόσον
1844 1718 2025 1764 αἱματηρὰν

1403 1773 1580 1819 ἑλιχθεῖσα
1597 1774 1788 1819 λαιμοτόμῳ

1402 1826 1580 1861 δεσποίνας
1596 1826 1672 1871 χερὶ
1690 1824 1783 1859 θάνοι

1401 1879 1517 1915 ποινὰς
1536 1874 1631 1912 &offo-⁹
1651 1877 1866 1912 ἀντιπάλους.

1402 1931 1544 1966 ἁδίσταν
1561 1928 1591 1965 δ’
1609 1929 1649 1964 ἂν
1666 1928 1826 1975 ἀγγελίαν

1403 1981 1585 2029 δεξαίμεθ’,
1602 1981 1770 2016 Ἑλλάδος
1789 1981 1824 2015 έκ

1401 2037 1465 2082 γᾶς
1481 2034 1667 2081 πλωτήρων
1685 2032 1717 2068 εἴ
1731 2047 1781 2068 τις
1798 2034 1871 2075 ἔβα,

1401 2088 1554 2123 δουλείας
1572 2085 1686 2132 ἐμέθεν

1405 2140 1551 2176 δειλαίας
1568 2139 1785 2175 παυσίπονος·

1403 2193 1456 2228 καὶ
1472 2193 1538 2239 γὰρ
1556 2191 1695 2237 ὀνείροις
1713 2189 1868 2234 ἐπιβαίην

1403 2246 1519 2290 δόμοις
1535 2245 1634 2280 πόλει
1652 2258 1689 2278 τε
1705 2241 1837 2290 πατρῴ-

1401 2311 1423 2342 ᾳ
1441 2300 1589 2342 τερπνῶν
1605 2294 1714 2340 ὕμνων
1731 2292 1879 2330 ἀπολαύ-

1403 2364 1462 2389 ειν,
1482 2349 1592 2384 κοινὰν
1607 2349 1706 2394 χάριν
1724 2346 1833 2394 ὄλβῳ.

1403 2401 1480 2437 ἀλλ’
1499 2399 1569 2436 οἵδε
1585 2401 1687 2447 χέρας
1705 2401 1841 2444 δεσμοῖς
1858 2398 1988 2443 δίδυμοι

1404 2453 1674 2501 συνερεισθέντες
1691 2454 1852 2499 χωροῦσι,
1872 2453 1945 2486 νέον

1402 2507 1616 2553 πρόσφαγμα
1634 2505 1721 2540 θεᾶς·
1750 2505 1879 2550 σιγᾶτε,
1898 2503 2007 2548 φίλαι.

1403 2560 1445 2594 τὰ
1461 2560 1527 2605 γὰρ
1544 2556 1716 2602 Ἑλλήνων
1733 2555 1902 2603 ἀκροθίνια
1921 2555 1960 2600 δὴ

1404 2614 1514 2646 ναοῖσι
1531 2612 1637 2646 πελας
1654 2609 1732 2644 τάδε
1747 2609 1855 2651 βαίνει

1404 2664 1471 2698 οὐδ’
1492 2663 1652 2710 ἀγγελίας
1668 2661 1807 2708 ψευδεῖς
1824 2661 1947 2696 ἔλακεν

1403 2717 1603 2762 βουφορβὸς
1621 2713 1711 2761 ἀνήρ.

1404 2767 1430 2802 ὦ
1447 2767 1567 2807 πότνι’,
1587 2765 1619 2802 εἴ
1635 2781 1692 2801 σοι
1709 2765 1780 2801 τάδ’
1799 2765 2006 2812 ἀρεσκόντως

1403 2821 1503 2857 πόλις
1520 2819 1578 2864 ἥδε
1595 2821 1696 2860 τελεῖ,
1716 2818 1808 2861 δέξαι
1827 2817 1958 2858 θυσίας,

1404 2871 1443 2907 ἃς
1461 2874 1479 2906 6
1496 2872 1574 2918 παρ’
1594 2871 1671 2917 ἡμῖν
1689 2872 1786 2915 νόμος
1803 2870 1867 2916 οὐχ
1885 2870 1982 2906 ὁσίας

1400 2922 1551 2968 Ἕλλησι
1570 2924 1680 2961 διδοὺς
1697 2923 1883 2968 ἀναφαίνει.

1351 3003 1359 3012 .
1406 2973 1481 3010 Εἶεν·

1405 3028 1446 3062 τὰ
1463 3029 1521 3072 τῆς
1540 3028 1618 3063 θεοῦ
1635 3029 1695 3074 μὲν
1711 3030 1843 3074 πρῶτον
1860 3027 1904 3063 ὡς
1922 3026 2030 3062 καλῶς
2047 3026 2108 3072 ἔχῃ

1406 3080 1628 3126 φροντιστέον
1645 3094 1711 3126 μοι.
1747 3079 1865 3124 μέθετε
1881 3082 1947 3114 τῶν
1965 3077 2067 3122 ξένων
2082 3079 2193 3125 χέρας,

1407 3132 1451 3166 ὣς
1469 3131 1560 3168 ὄντες
1578 3133 1643 3179 ἱροὶ
1659 3131 1770 3177 μηκέτ’
1790 3131 1854 3167 ὦσι
1872 3130 2014 3176 δέσμιοι.

1405 3186 1484 3218 ναοῦ
1503 3183 1531 3218 δ’
1550 3185 1619 3218 ἔσω
1638 3184 1829 3229 στείχοντες
1846 3183 2050 3229 εὐτρεπίζετε

1406 3235 1428 3269 ἃ
1449 3235 1514 3281 χρὴ
1532 3235 1582 3271 ’πὶ
1598 3238 1667 3273 τοῖς
1684 3238 1831 3283 παροῦσι
1849 3236 1902 3270 καὶ
1919 3234 2092 3280 νομίζεται.

1405 3288 1484 3332 φεῦ·

1405 3339 1456 3374 τίς
1474 3338 1538 3385 ἆρα
1555 3339 1661 3386 μήτηρ
1679 3340 1698 3384 ἡ
1717 3340 1847 3375 τεκοῦσ’
1867 3341 1951 3385 ὑμᾶς
1966 3353 2049 3375 ποτε

1406 3390 1515 3437 πατήρ
1533 3391 1561 3425 τ’
1581 3391 1713 3438 ἀδελφή
1731 3390 1776 3436 τ’,
1794 3393 1824 3427 εἷ
1841 3395 1978 3440 γεγῶσα
1994 3391 2172 3438 τυγχάνεις

1406 3441 1485 3477 οἵων
1502 3446 1664 3489 στερεῖσα
1682 3443 1850 3490 διπτύχων
1868 3445 2000 3480 νεανιῶν

1406 3493 1596 3540 ἀνάδελφος
1614 3496 1720 3532 ἔσται.
1757 3497 1816 3533 τὰς
1833 3495 1936 3541 τύχας
1951 3496 2002 3532 τίς
2018 3491 2080 3530 οἶδ’
2098 3493 2164 3542 ὅτῳ

1406 3545 1523 3582 τοιαίδ’
1543 3548 1699 3588 ἕσονται,·
1725 3549 1832 3583 πάντα
1848 3549 1914 3595 γὰρ
1931 3548 1973 3582 τὰ
1989 3550 2054 3582 τῶν
2071 3546 2156 3582 θεῶν

1407 3598 1455 3636 εἷς
1471 3597 1598 3645 ἀφανὲς
1615 3599 1720 3646 ἕρπει,
1738 3600 1854 3637 κούδὲν
1870 3597 1931 3637 οἶδ’
1949 3598 2056 3637 οὐδεὶς
2073 3600 2181 3635 κακόν·

2266 586 2330 615 4²0

2252 639 2328 671 στρ.

2270 793 2330 826 4²5

2271 1055 2333 1086 ⁴30

2273 1315 2332 1347 435

2244 1536 2246 1538 »
2266 1511 2332 1545 dur.

2274 1577 2335 1606 ⁴¹40

2271 1836 2334 1869 445

2273 2099 2336 2131 450

2273 2362 2334 2393 455

2274 2613 2336 2653 460

2274 2875 2334 2917 465

2273 3195 2335 3228 470
