2488 3860
936 1000 1510 1056 ΕΥΡΙΠΙΔΟΥ
1856 1067 1863 1076 r

465 1121 1064 1170 ΙΠΠΟΛΤΤΟΣ
1139 1119 1973 1169 ΣΤΕΦΑΝΗΦΟΡΟΣ.

674 1515 760 1553 ΤΑ
807 1515 943 1553 TO‘r
994 1514 1382 1554 ΔΡΑΜΑΤΟΣ
1431 1514 1774 1554 ΠΡΟΣΩΠΑ

413 1636 622 1665 ΑΦΡΟΔῙἸῊ.

417 1688 658 1718 ΙΠΠΟΛὙΤΟΣ.

415 1742 689 1772 ΘΕΡΑΠΟΝΤΕΣ.

416 1797 552 1826 ΧΟΡΟΣ
573 1797 820 1825 ΤΡΟῙΖΗΝῙΩΝ
842 1796 1056 1824 r‘rNAlKnN.

415 1850 581 1880 ΤΡΟΦΟΣ.

1627 1634 1784 1661 ΦΑῘΔΡΑ.

1627 1686 1814 1716 ΑΓΓΕΛΟΣ.

1631 1740 1800 1769 ΘΗΣΕΤΣ.

1659 1793 1872 1823 ΞΑΓΓΕΛΟΣ.

1630 1847 1814 1876 ΑΡΤΕΜῙΣ.

1016 2211 1436 2251 ΤΠΟΘΕΣΙΣ.

231 2330 364 2375 Θησεὺς
388 2332 459 2367 υἱὸς
483 2331 545 2376 μὲν
569 2329 610 2374 ἦν
632 2328 757 2376 Αἴθρας
783 2331 837 2365 καὶ
860 2330 1086 2369 Ποσειδῶνος,
1106 2331 1211 2372 βασι·
1248 2328 1369 2374 ἑαυτὴν
1385 2330 1420 2365 δὲ
1438 2329 1616 2375 ἀνήρτησε.
1650 2329 1728 2364 καθ’
1746 2328 1785 2364 ὃν
1802 2331 1915 2376 καιρὸν
1931 2331 2048 2377 φανεὶς
2067 2331 2209 2376 Θησεὺς,
2227 2334 2285 2371 καὶ

181 2383 260 2420 kefas
282 2383 320 2419 δὲ
335 2382 531 2427 Ἀθηναίων·
561 2382 669 2428 γήμας
692 2383 729 2417 δὲ
751 2383 830 2427 μίαν
851 2385 918 2416 τῶν
934 2382 1121 2425 Ἀμαζόνων
1141 2381 1211 2417 Ἱπ-

180 2434 340 2475 πολύτην,
350 2434 551 2470 Ἱππόλυτον
564 2435 731 2479 ἐγέννησε,
744 2436 862 2469 κάλλει
879 2448 915 2468 τε
933 2434 986 2468 καὶ
1004 2432 1214 2479 σωφροσύνῃ

181 2487 394 2533 διαφέροντα.
421 2487 492 2522 ἐπεὶ
510 2487 546 2521 δὲ
563 2486 583 2530 ἡ
602 2489 806 2521 συνοικοῦσα
823 2487 880 2519 τὸν
896 2486 974 2527 βίον
991 2484 1210 2529 μετὴλλαξεν,

181 2538 420 2586 ἐπεισηγάγετο
434 2539 597 2585 Κρητικὴν
615 2540 763 2584 γυναῖκα,
778 2538 837 2581 τὴν
851 2538 982 2572 Μίνωος
999 2539 1059 2570 τοῦ
1078 2541 1214 2583 Κρητῶν

181 2591 351 2627 Βασιλέως
376 2591 429 2625 καὶ
452 2591 634 2635 Πασιφάης
662 2590 826 2636 θυγατέρα
849 2590 1004 2634 Φαίδραν.
1044 2590 1063 2622 ὁ
1090 2589 1126 2623 δὲ
1145 2594 1210 2632 Θη-

182 2642 262 2678 σεὺς
287 2643 483 2681 Πάλλαντα,
509 2642 564 2676 ἕνα
590 2646 656 2676 τῶν
683 2644 866 2687 συγγενῶν,
891 2639 1073 2685 φονεύσας,
1092 2639 1212 2686 φεύγει

180 2693 215 2730 ές
231 2695 392 2739 Τροιζῆνα
416 2695 499 2738 μετὰ
525 2695 584 2737 τῆς
607 2694 772 2740 γυναικὸς,
798 2692 837 2726 οὗ
864 2692 990 2735 συνέβη
1017 2693 1075 2726 τὸν
1096 2691 1209 2727 Ἱππό-

179 2746 284 2779 λυτον
299 2746 389 2792 παρὰ
407 2746 526 2780 Πιτθεῖ
541 2745 739 2790 τρέφεσθαι·
770 2744 955 2787 θεασαμένη
974 2744 1010 2778 δὲ
1029 2745 1086 2778 τὸν
1103 2744 1210 2778 νεανί-

181 2811 266 2831 σκον
290 2796 311 2841 ἦ
335 2797 460 2843 Φαίδρα
486 2797 533 2832 εἷς
559 2797 733 2842 ἐπιθυμίαν
760 2795 916 2832 ωλισθεν,
937 2796 996 2829 οὐκ
1021 2795 1211 2832 ἀκόλαστος

179 2847 279 2888 ουσα,
298 2851 478 2902 πληροῦσα
496 2849 532 2883 δε
548 2847 752 2904 Ἀφροδίτης
773 2849 880 2891 μῆνιν,
899 2845 919 2889 ἢ
938 2848 996 2880 τὸν
1011 2846 1210 2882 Ἱππόλυτον

177 2894 231 2927 διὰ
249 2893 477 2938 σωφροσύνην
489 2894 619 2928 ἀνελεῖν
635 2894 776 2939 κρίνασα
793 2893 893 2927 τέλος
910 2895 981 2928 τοῖς
997 2894 1209 2938 προτεθεῖσιν

178 2944 326 2988 ἐπέθηκε,
344 2944 404 2988 τὴν
421 2945 564 2990 Φαίδραν
582 2944 628 2980 εἷς
652 2946 711 2978 τὸν
727 2943 972 2978 Ἱππολύτου”
953 2959 1058 2989 ερωτα
1079 2959 1206 2991 παρορ-

177 2995 328 3040 μὴσασα.
367 2995 386 3039 ἦ
414 2996 450 3030 δε
481 2996 652 3041 στέγουσα
682 2996 752 3038 τὴν
771 2997 873 3029 νόσον
901 2997 1012 3043 χρόνῳ
1039 2998 1124 3042 πρὸς
1149 2998 1209 3042 τὴν

178 3048 307 3093 τροφὸν
336 3049 374 3081 τὸ
406 3047 512 3091 πάθος
537 3048 687 3090 δηλῶσαι
714 3045 918 3090 ἠναγκάσθη,
946 3051 1205 3094 κατεπαγγειλα·

177 3098 276 3142 μένην
301 3099 382 3143 αὐτῇ
407 3098 602 3142 βοηθήσειν·
643 3099 715 3142 ἥτις
741 3099 794 3132 καὶ
820 3099 902 3132 κατὰ
927 3098 986 3142 τὴν
1010 3100 1207 3145 προαίρεσεν

177 3151 300 3196 λόγους
322 3148 531 3196 προσύνεγκε
554 3153 600 3197 τῷ
625 3150 795 3196 νεανίσκῳ.
834 3153 1076 3194 τραχυνόμενον
1093 3152 1129 3185 δέ
1147 3152 1205 3185 αὖ-

177 3201 235 3236 ·ιόν
256 3201 276 3244 ἡ
294 3202 420 3248 Φαίδρα
446 3202 692 3246 καταμαθοῦσα,
711 3203 752 3244 τῇ
777 3201 838 3245 μὲν
862 3203 980 3250 τροφῷ
1005 3201 1202 3248 ἐπέπληξεν,

1251 2381 1401 2416 καθελεῖν
1419 2381 1573 2417 σπεύδων
1585 2380 1644 2425 τὴν
1657 2381 1957 2427 ἀπηγχονισμένην,
1970 2383 2064 2429 εὗρεν
2076 2384 2158 2428 αὐτῇ
2170 2399 2279 2430 προσ-

1250 2436 1430 2479 ηρτημένην
1456 2434 1586 2472 δέλτον,
1606 2433 1647 2468 δι’
1665 2432 1704 2477 ἧς
1719 2433 1921 2468 Ἱππολύτου
1947 2435 2080 2480 φθορὰν
2109 2439 2281 2482 κατηγόρει

1251 2485 1303 2519 καὶ
1321 2483 1516 2530 ἐπιβουλήν.
1548 2484 1734 2520 πιστεύσας
1752 2485 1788 2519 δὲ
1805 2488 1875 2521 τοῖς
1891 2487 2129 2532 γεγραμμένοις
2147 2489 2205 2522 τὸν
2221 2489 2282 2532 μὲν

1249 2536 1450 2572 Ἱππόλυτον
1478 2537 1617 2580 ἐπεταξε
1647 2535 1798 2583 φεύγειν,
1826 2538 1924 2573 αὐτὸς
1954 2539 1990 2572 δὲ
2020 2541 2066 2586 τῷ
2094 2540 2281 2574 Ποσειδῶνι

1249 2588 1330 2634 ἀρὰς
1355 2588 1461 2627 ἔθετο,
1480 2589 1526 2623 ὧν
1551 2587 1738 2624 ἐπακούσας
1764 2591 1783 2623 ὁ
1810 2589 1884 2625 θεὸς
1909 2591 1968 2624 τὸν
1989 2590 2189 2626 Ἱππόλυτον
2214 2591 2279 2626 διέ·

1249 2640 1401 2686 φθειρεν.
1447 2639 1606 2686 Ἀρτεμις
1624 2641 1660 2675 δὲ
1683 2644 1749 2675 τῶν
1770 2642 1996 2687 γεγενημένων
2014 2642 2138 2677 ἕκαστα
2161 2643 2278 2677 διασα-

1249 2691 1395 2737 φῆσασα
1414 2695 1531 2735 Θησεῖ,
1550 2692 1610 2736 τὴν
1626 2692 1686 2736 μὲν
1703 2692 1848 2738 Φαίδραν
1871 2693 1910 2727 οὗ
1934 2694 2183 2739 κατεμέμψατο,
2201 2697 2278 2729 τοῦ·

1249 2758 1307 2778 τον
1323 2745 1359 2778 δὲ
1376 2742 1634 2790 παρεμυθήσατο
1658 2745 1731 2778 υἱοῦ
1749 2745 1802 2779 καὶ
1818 2746 1971 2791 γυναικὸς
1989 2746 2203 2791 στερηθέντα·
2233 2749 2278 2793 τῷ

1248 2796 1284 2830 δὲ
1300 2794 1490 2842 Ἱππολύτῳ
1507 2796 1604 2840 τιμὰς
1620 2796 1687 2840 ἔφη
1706 2796 1905 2842 ἐπιχωρίους
1923 2796 2252 2841 ἐγκαταστήσασθαι.

1297 2846 1341 2881 ‘H
1362 2847 1464 2890 σκηνὴ
1482 2849 1542 2881 τοῦ
1561 2847 1726 2891 δράματος
1749 2848 1783 2882 ἐν
1800 2849 1952 2893 Τροιζῆνι
1971 2851 2084 2882 κεῖται.
2123 2849 2279 2893 ἐδιδάχθη

1248 2899 1302 2933 επὶ
1319 2898 1555 2942 Ἐπαμείνονος
1572 2898 1734 2944 ἄρχοντος
1751 2899 1932 2943 ὀλυμπιάδι
1955 2900 2163 2946 ὀγδοηκοστῇ
2181 2902 2278 2940 ἑβδό-

1248 2965 1292 2994 μῃ
1319 2951 1383 2984 ἔτει
1407 2951 1566 2997 τετάρτῳ.
1604 2954 1736 2997 πρῶτος
1758 2951 1949 2997 Εὐριπίδης,
1969 2950 2121 2997 δεύτερος
2143 2951 2277 2997 Ἰοφῶν,

1248 3003 1358 3046 τρίτος
1367 3000 1459 3035 Ἴων.
1497 3002 1572 3036 ἔστι
1598 3003 1635 3036 δέ
1661 3001 1759 3038 οὗτος
1785 3005 1804 3037 ὁ
1820 3002 2019 3038 Ἱππόλυτος
2044 3002 2206 3049 δεύτερος,
2226 3005 2278 3038 καὶ

1247 3058 1488 3087 ΣΤΕΦΑΝΙΑΣ
1504 3056 1848 3099 προσαγορευόμενος.
1872 3055 2066 3101 ἐμφαίνεται
2083 3055 2120 3089 δὲ
2137 3052 2279 3100 ὕστερος

1248 3104 1482 3150 γεγραμμένος.
1521 3106 1560 3140 τὸ
1581 3106 1648 3152 γὰρ
1671 3106 1817 3153 ἀπρεπὲς
1839 3107 1893 3141 καὶ
1917 3106 2115 3152 κατηγορίας
2129 3106 2225 3150 ἄξιον
2242 3107 2278 3140 ἐν

1248 3155 1353 3203 τούτῳ
1367 3156 1550 3202 διώρθωται
1567 3161 1613 3205 τῷ
1631 3159 1783 3205 δράματι.
1812 3160 1850 3193 τὸ
1869 3159 1905 3193 δὲ
1919 3159 2027 3205 δρᾶμα
2045 3162 2112 3194 τῶν
2123 3159 2272 3205 πρώτων.
