2488 3860
175 520 228 553 ΔΙ.

1074 259 1405 303 ΤΡΑΧῙΝῙΑῙ.

272 353 408 402 θυραῖον
425 356 500 401 ἤδη·
531 357 586 392 διὰ
604 358 729 403 τάχους
747 357 776 394 δ’
796 356 990 395 ἐλεύσεται.

270 410 374 454 μόνον
389 409 467 456 παρ’
487 410 579 455 ὑμῶν
597 409 635 445 εὖ
653 411 863 458 στεγοίμεθ’,
894 413 939 449 ὣς
957 412 1069 459 σκότῳ

278 461 340 497 κᾶν
356 461 486 510 αἰσχρὰ
502 463 676 510 πράσσῃς,
696 466 738 499 οὔ
754 465 829 501 ποτ’
849 463 995 512 αἰσχύνῃ
1013 464 1125 500 πεσεῖ.

274 514 310 550 τί
325 515 392 561 χρὴ
411 517 521 551 ποιεῖν
532 528 542 556 ;
573 515 727 562 σήμαινε,
747 518 864 554 τέκνον
883 518 1017 558 Οἰνέως,

275 568 320 604 ὣς
338 567 444 613 ἐσμὲν
460 569 523 614 ἤδη
541 572 589 617 τῷ
606 574 723 619 μακρῷ
739 571 853 620 χρόνῳ
871 571 1021 618 βραδεῖς.

173 626 248 658 ΔΗ.
272 619 351 656 ἀλλ’
371 621 456 656 αὐτὰ
474 620 514 667 δή
535 636 593 657 σοι
611 625 716 658 ταῦτα
735 625 788 659 καὶ
805 625 968 671 πράσσω,
988 623 1089 670 Λίχα,

182 1687 238 1716 AI.

274 673 338 710 ἕως
355 674 402 709 σὺ
419 676 492 711 ταῖς
509 674 639 710 ἔσωθεν
651 674 765 723 ἧγορῶ
784 677 905 721 ξέναις,

276 726 368 763 ὅπως
385 727 494 774 φέρῃς
509 742 568 772 μοι
585 729 684 763 τόνδε
701 730 856 775 ταναϋφῆ
875 729 1019 770 πέπλον,

277 779 402 827 δώρημ’
423 780 536 829 ἐκείνῳ
553 781 670 828 τάνδρὶ
689 784 748 827 τῆς
766 783 845 828 ἐμῆς
863 784 977 830 χερός.

276 831 390 868 διδοὺς
407 832 444 867 δὲ
462 833 560 868 τόνδε
577 833 684 880 φράζ’
705 834 796 870 ὅπως
813 835 926 879 μηδεὶς
944 838 1080 882 βροτῶν

277 885 386 920 κείνου
403 885 565 933 πάροιθεν
582 885 813 932 ἀμφιδύσεται
830 885 922 934 χροῒ,

275 938 352 983 μηδ’
372 937 499 985 ὄψεταί
517 953 568 974 νιν
584 938 668 984 μήτε
686 940 818 987 φέγγος
836 940 936 985 ἡλίου

276 989 358 1037 μήθ’
379 990 476 1038 ἕρκος
495 992 567 1039 ἱρὸν
583 990 660 1037 μήτ’
678 992 842 1039 ἐφέστιον
860 994 983 1034 σέλας,

276 1045 358 1091 πρὶν
375 1046 481 1081 κεῖνος
498 1045 600 1080 αὐτὸν
618 1046 767 1093 φανερὸν
785 1046 937 1092 ἐμφανὴς
955 1046 1093 1082 σταθεὶς

278 1097 372 1143 δείξῃ
392 1097 522 1133 θεοῖσιν
539 1097 645 1146 ἡμέρᾳ
663 1101 910 1148 ταυροσφάγῳ.

279 1148 367 1186 οὕτω
384 1151 452 1198 γὰρ
470 1152 612 1198 ηὕγμην,
633 1150 665 1187 εἴ
679 1151 755 1188 ποτ’
775 1153 876 1188 αὐτὸν
895 1153 929 1189 ἐς
947 1153 1070 1199 δόμους

278 1201 385 1249 ἴδοιμι
404 1203 546 1239 σωθέντ’
579 1203 600 1250 ἢ
620 1203 756 1251 κλύοιμι
787 1206 955 1243 πανδίκως

283 1258 421 1292 στελεῖν
437 1261 556 1303 χιτῶνι
575 1259 672 1306 τῷδε,
693 1259 747 1293 καὶ
766 1260 886 1305 φανεῖν
905 1259 994 1295 θεοῖς

281 1309 410 1357 θυτῆρα
427 1313 529 1359 καινῷ
548 1312 661 1346 καινὸν
679 1311 715 1347 ἐν
731 1313 946 1357 πεπλώματι.

281 1364 336 1398 καὶ
353 1361 450 1398 τῶνδ’
469 1364 625 1400 ἀποίσεις
645 1362 736 1410 σῆμ’,
757 1363 776 1399 ὃ
795 1367 902 1401 κεῖνος
920 1364 1062 1409 εὐμαθὲς

283 1417 478 1463 σφραγῖδος
496 1416 584 1463 ἕρκει
602 1417 680 1465 τῷδ’
703 1418 783 1454 ἐπὸν
800 1415 1000 1462 μαθήσεται.

281 1468 362 1505 ἀλλ’
382 1469 474 1516 ἕρπε,
496 1471 550 1505 καὶ
569 1469 737 1516 φύλασσε
753 1473 872 1517 πρῶτα
888 1470 950 1515 μὲν
968 1471 1082 1515 νόμον,

282 1523 322 1558 τὸ
340 1522 386 1567 μὴ
404 1522 572 1568 ’πιθυμεῖν
589 1524 726 1568 πομπὸς
744 1523 790 1557 ὢν
806 1523 960 1570 περισσὰ
979 1523 1072 1570 δρᾶν·

285 1573 394 1611 ἔπειθ’
409 1575 500 1612 ὅπως
518 1575 559 1610 ἂν
576 1575 596 1620 ἡ
614 1577 714 1623 χάρις
732 1575 842 1610 κείνου
860 1576 898 1610 τέ
916 1590 974 1610 σοι

285 1628 392 1674 κάμοῦ
411 1628 612 1673 ξυνελθοῦσ’
634 1629 672 1673 ἐξ
690 1630 801 1674 ἁπλῆς
819 1623 923 1673 διπλῆ
943 1629 1048 1674 φανῇ.

286 1681 366 1717 ἀλλ’
387 1680 481 1728 ε’ίπερ
499 1680 626 1729 Ἑρμοῦ
644 1679 744 1726 τήνδε
760 1679 925 1726 πομπεῦω
944 1681 1066 1727 τέχνην

284 1734 440 1778 βέβαιον,
462 1736 503 1770 οὔ
519 1749 552 1769 τι
570 1735 615 1780 μὴ
635 1736 764 1782 σφαλῶ
781 1734 814 1781 γ’
835 1735 870 1770 ἐν
889 1734 949 1770 σοί
965 1749 1061 1774 ποτε,

286 1789 325 1823 τὸ
343 1787 388 1833 μὴ
408 1788 448 1823 οὗ
466 1787 536 1823 τόδ’
556 1787 662 1835 ἄγγος
680 1788 725 1824 ὧς
743 1788 814 1833 ἔχει
833 1788 939 1832 δεῖξαι
958 1787 1087 1834 φέρων,

285 1842 402 1888 λόγων
420 1856 458 1875 τε
475 1841 595 1876 πίστιν
613 1840 659 1875 ὧν
677 1842 768 1887 ἔχεις
786 1840 997 1888 ἐφαρμόσαι.

184 1898 261 1929 ΔΗ.
278 1894 442 1940 7στείχοις
461 1894 501 1929 ἂν
519 1894 596 1939 ἤδη.
627 1894 681 1929 καὶ
698 1894 766 1941 γὰρ
785 1893 1011 1938 ἐξεπίστασαι

186 2003 243 2033 ΑΙ.

288 1947 330 1982 τά
347 1946 380 1991 γ’
400 1947 436 1981 ἐν
454 1947 613 1992 δόμοισιν
631 1947 676 1983 ὡς
694 1947 818 1992 ἔχοντα
835 1947 1008 1992 τυγχάνει.

290 1998 476 2042 ἐπίσταμαί
493 2013 530 2032 τε
549 1999 603 2033 καὶ
621 1998 750 2044 φράσω
770 1996 989 2040 σεσωσμένα.

185 2056 262 2087 ΔΗ.
291 2050 371 2086 ἀλλ’
392 2048 495 2086 οἶσθα
512 2051 574 2096 μὲν
592 2050 632 2095 δὴ
651 2050 706 2085 καὶ
724 2050 766 2084 τὰ
784 2050 844 2094 τῆς
862 2048 958 2092 ξένης
977 2049 1064 2091 ὁρῶν

187 2163 243 2192 AI.

288 2103 533 2151 προσδὲγματ’,
553 2101 656 2146 αὐτὴν
673 2101 718 2137 ὡς
736 2099 900 2145 ἐδεξάμην
917 2099 1039 2146 φίλως.

291 2156 373 2191 ὥστ’
393 2156 600 2202 ἐκπλαγῆναι
618 2154 744 2199 τούμὸν
762 2153 864 2198 ἡδονῇ
883 2153 975 2198 κέαρ.

187 2215 264 2246 ΔΗ.
290 2209 324 2244 τί
342 2206 412 2254 δῆτ’
430 2209 471 2243 ἂν
489 2208 579 2243 ἄλλο
597 2206 631 2253 γ’
651 2207 800 2243 ἐννέποις
814 2219 824 2247 ;
854 2205 987 2241 δέδοικα
1003 2203 1071 2249 γὰρ

190 2374 261 2404 XO.
292 2367 318 2403 ὦ
337 2366 490 2413 ναῦλοχα
507 2367 562 2402 καὶ
578 2368 722 2414 πετραῖα

290 2262 335 2308 μὴ
353 2260 429 2310 πρῲ
445 2261 563 2307 λέγοις
580 2260 621 2296 ἂν
638 2261 698 2295 τὸν
714 2259 823 2295 πόθον
840 2260 900 2293 τὸν
918 2258 956 2302 ἐξ
975 2257 1068 2302 ἐμοῦ,

290 2316 371 2362 πρὶν
389 2314 510 2350 εἷδέναι
527 2313 679 2349 τάκεῖθεν
697 2312 727 2348 εἶ
744 2310 951 2357 ποθούμεθα.

293 2421 401 2468 θερμὰ
416 2420 548 2467 λουτρὰ
565 2420 620 2454 καὶ
637 2421 767 2466 πάγους

292 2472 395 2510 Οἴτας
411 2473 723 2520 παραναιετάοντες,
743 2469 778 2507 οἵ
793 2486 830 2506 τε
847 2470 984 2516 μέσσαν

294 2526 434 2572 Μηλίδα
451 2527 520 2574 πὰρ
538 2525 662 2571 λίμναν

292 2580 558 2627 χρυσαλακάτου
575 2578 603 2613 τ’
624 2578 727 2614 ἀκτὰν
745 2579 857 2624 κόρας,

295 2632 368 2669 ἔνθ’
386 2632 564 2668 Ἑλλάνων
581 2632 703 2679 ἀγοραὶ

294 2686 487 2721 Πυλάτιδες
504 2685 671 2725 κλέονται,

295 2741 314 2774 6
333 2739 522 2781 καλλιβόας
538 2737 615 2783 τάχ’
635 2738 712 2782 ὑμῖν

295 2792 402 2828 αὐλὸς
419 2791 480 2826 οὐκ
498 2790 663 2837 ἀναρσίαν

296 2845 391 2890 ἀχῶν
409 2844 557 2890 καναχὰν
575 2843 760 2882 ἐπάνεισιν,
780 2840 872 2876 ἀλλὰ
891 2838 983 2875 θείας

296 2897 478 2944 ἀντίλυρον
495 2895 640 2942 μούσας.

297 2953 316 2986 6
333 2950 401 2998 γὰρ
415 2950 497 2986 Διὸς
513 2947 703 2994 Ἀλκμήνας
721 2948 820 2994 κόρος

299 3006 417 3039 σεῦται
434 3003 549 3039 πάσας
566 3002 686 3048 ἀρετᾶς

295 3054 426 3102 λάφυρ’
445 3056 535 3101 ἔχων
552 3054 603 3090 ἐπ’
623 3052 747 3089 οἴκους·

299 3107 338 3144 ὃν
355 3109 545 3144 ἀπόπτολιν
563 3106 711 3153 εἴχομεν,

298 3163 408 3197 παντᾶ
425 3161 727 3205 δυοκαιδεκάμηνον
744 3156 951 3203 ἀμμένουσαι

987 2732 1059 2768 ἀντ.
1080 2730 1123 2767 α’.

1154 368 1214 403 595

1156 625 1219 658 600

1265 677 1342 707 ΔῘ-Ῑ.

1264 785 1336 815 XO.

1266 838 1343 868 ΔΗ.

1160 890 1220 931 605

1266 944 1339 974 ΧΟ.

1267 997 1345 1027 ΔΗ.

1268 1103 1341 1133 ΧΟ.

1162 1154 1226 1187 610
1270 1156 1347 1187 ΔΗ.

1169 1419 1230 1461 615

1175 1683 1237 1715 020

1176 2204 1240 2244 630

1094 2375 1172 2407 στρ.
1193 2357 1237 2394 α’.

1178 2469 1237 2509 635

1179 2732 1243 2773 640

1181 2996 1241 3037 645

1093 3114 1172 3148 στρ.
1193 3097 1242 3141 β’.

296 3213 422 3260 χρόνον
455 3210 620 3257 πελάγιον
659 3207 766 3255 ἴδριες
804 3207 914 3243 οὐδέν·
961 3211 983 3243 ἁ
1019 3207 1058 3243 δέ
1092 3209 1123 3243 οἱ
1159 3208 1249 3254 φίλα

349 3265 462 3312 δάμαρ

298 3319 459 3355 τάλαιναν
476 3316 686 3353 δυστάλαινα
703 3314 843 3362 καρδίαν

301 3373 517 3419 πάγκλαυτος
533 3370 604 3405 αἶὲν
622 3368 768 3404 ὤλλυτο·

301 3428 360 3462 νῦν
377 3424 406 3460 δ’
418 3423 526 3471 Ἀρης
539 3421 583 3458 αὖ
600 3421 764 3470 στρωθεὶς

302 3477 439 3522 ἐξέλυσ’
459 3479 626 3513 ἐπιπόνων
643 3477 781 3522 ἁμερᾶν.

306 3530 456 3578 ἀφίκοιτ’
476 3530 647 3577 ἀφίκοιτο·
677 3528 722 3575 μὴ

308 3585 410 3631 σταίη
427 3583 632 3621 πολύκωπον
649 3581 761 3629 ὄχημα
779 3581 856 3618 ναὸς
873 3581 975 3628 αὐτῷ,

983 3523 1057 3561 ἀντ.
1077 3522 1125 3567 β’.

1179 3264 1242 3303 649

1178 3526 1236 3567 655

2235 263 2311 306 157

1366 370 1454 419 πρίν,
1481 357 1580 390 τάνδε
1615 358 1700 403 πρὸς
1736 360 1838 394 πόλιν
1872 361 2020 406 ἀνύσειε,
2058 363 2217 398 νασιῶτιν
2250 363 2312 398 ἑσ-

1419 422 1494 443 τιαν

1368 459 1530 507 ἀμείψας,
1551 459 1631 496 ἔνθα
1649 459 1802 506 κλῄζεται
1821 462 1936 512 θυτήρ·

1368 513 1446 549 ὅθεν
1462 515 1565 559 μόλοι
1582 515 1776 562 πανίμερος,

1371 569 1432 603 τᾶς
1448 568 1587 604 πειθοῦς
1599 569 1800 619 παγχρίστῳ

1367 621 1572 668 συγκραθεὶς
1589 621 1647 657 ἐπὶ
1663 624 1840 669 προφάσει
1851 622 1975 670 θηρός.

1366 675 1531 720 γυναῖκες,
1552 674 1598 710 ὡς
1615 674 1750 710 δέδοικα
1767 673 1812 719 μὴ
1830 675 2017 721 περαιτέρω

1368 726 1575 774 πεπραγμέν’
1593 724 1616 772 ᾗ
1633 741 1691 772 μοι
1708 726 1810 763 πάνθ’
1831 725 1886 761 ὅσ’
1906 727 2029 774 ἀρτίως
2046 727 2165 774 ἔδρων.

1366 778 1401 814 τί
1418 778 1447 814 δ’
1467 780 1555 824 ἔστι,
1577 781 1754 827 Δῃάνειρα,
1774 779 1890 815 τέκνον
1909 779 2033 816 Οἰνέως
2048 793 2057 820 ;

1371 832 1431 867 οὐκ
1449 829 1524 868 οἶδ’·
1553 832 1671 878 ἀθυμῶ
1690 832 1732 873 δ’,
1753 833 1782 867 εἷ
1801 831 2001 878 φανήσομαι
2019 834 2109 879 τάχα

1369 887 1470 921 κακὸν
1486 885 1561 933 μέγ’
1580 885 1766 933 ἐκπράξασ’
1785 885 1842 921 ἀπ’
1863 886 2005 922 ἐλπίδος
2023 888 2141 931 καλῆς.

1369 938 1408 973 οὗ
1427 937 1467 984 δὴ
1485 954 1519 974 τι
1536 943 1603 974 τῶν
1621 943 1694 974 σῶν
1709 938 1876 986 Ἠρακλεῖ
1894 939 2120 985 δωρημάτων;
2159 975 2169 980 1

1371 992 1524 1037 μάλιστά
1540 992 1587 1040 γ’·
1618 992 1709 1027 ὥστε
1727 991 1848 1037 μήποτ’
1868 992 1909 1027 ἂν
1926 991 2116 1038 προθυμίαν

1371 1044 1499 1089 ἄδηλον
1516 1046 1618 1093 ἔργου
1635 1060 1683 1094 τῳ
1701 1045 1904 1093 παραινέσαι
1920 1046 2056 1087 λαβεῖν.

1371 1097 1520 1143 δίδαξον,
1540 1098 1570 1134 εἶ
1589 1099 1756 1139 διδακτὸν,
1777 1099 1816 1142 ἐξ
1834 1097 1915 1133 ὅτου
1934 1098 2055 1144 φοβεῖ.

1375 1154 1530 1187 τοιοῦτον
1548 1151 1743 1196 ἐκβέβηκεν,
1764 1149 1848 1192 οἷον,
1868 1150 1909 1197 ἢν
1927 1152 2068 1198 φράσω,

1371 1207 1536 1251 γυναῖκες,
1555 1205 1634 1251 ὑμῖν
1651 1204 1749 1250 θαῦμ’
1769 1205 1983 1240 ἀνέλπιστον
1999 1204 2131 1250 μαθεῖν.

1372 1254 1401 1306 ᾧ
1414 1259 1483 1306 ’γὰρ
1501 1259 1560 1294 τὸν
1578 1258 1740 1304 ἐνδυτῆρα
1757 1257 1892 1294 πέπλον
1909 1258 2033 1305 ἀρτίως

1378 1311 1506 1359 ἔχριον,
1526 1310 1643 1359 ἀργῆτ’
1663 1311 1733 1347 οἷὸς
1750 1312 1866 1359 εὖέρου
1883 1313 1991 1360 πόκῳ,
2259 1313 2279 1346 6

1374 1364 1464 1400 τοῦτ’
1484 1363 1672 1411 ἠφάνισται
1704 1365 1867 1412 διάβορον
1883 1365 1970 1411 πρὸς
1987 1364 2123 1401 οὐδενὸς

1376 1421 1443 1453 τῶν
1460 1418 1567 1459 ἔνδον,
1587 1417 1666 1453 ἀλλ’
1687 1417 1827 1453 ἐδεστὸν
1844 1417 1883 1461 ἐξ
1901 1417 2004 1452 αὑτοῦ
2022 1417 2151 1464 φθίνει,

1376 1472 1430 1506 καὶ
1447 1471 1502 1517 ψῇ
1521 1470 1590 1506 κατ’
1610 1470 1713 1518 ἅκρας
1731 1471 1913 1507 σπιλάδος.
1944 1471 1989 1507 ὣς
2007 1470 2035 1506 δ’
2055 1470 2146 1516 εἰδῇς
2163 1468 2262 1508 ἅπαν.

1374 1521 1397 1569 ᾗ
1413 1524 1502 1559 τοῦτ’
1524 1524 1689 1571 ἐπράχθη,
1709 1523 1832 1570 μείζον’
1852 1523 1973 1559 ἐκτενῶ
1990 1525 2110 1571 λόγον.

1376 1577 1443 1624 ἐγὼ
1460 1578 1527 1625 γὰρ
1546 1577 1592 1613 ὧν
1609 1579 1628 1612 6
1647 1576 1711 1624 θήρ
1728 1592 1771 1622 με
1789 1576 1991 1623 Κένταυρος,
2010 1580 2124 1613 πονῶν

1374 1631 1526 1678 πλευρὰν
1542 1633 1645 1678 πικρᾷ
1661 1631 1818 1678 γλωχῖνι,
1838 1630 2087 1677 προύδιδάξατο

1374 1685 1508 1731 παρῆκα
1526 1683 1663 1730 θεσμῶν
1680 1684 1790 1722 οὐδὲν,
1809 1682 1889 1718 ἀλλ’
1909 1683 2094 1728 ἐσωζόμην,

1376 1739 1505 1784 χαλκῆς
1523 1737 1614 1773 ὅπως
1632 1735 1818 1772 δῦσνιπτον
1836 1735 1874 1770 ἐκ
1892 1735 2014 1770 δέλτου
2031 1733 2181 1781 γραφὴν,

1382 1790 1455 1836 [καί
1471 1806 1529 1837 μοι
1547 1789 1619 1826 τάδ’
1637 1789 1677 1835 ἦν
1694 1792 1868 1837 πρόρρητα
1886 1789 1940 1824 καὶ
1957 1787 2080 1824 τοιαῦτ’
2101 1782 2240 1835 ἔδρων,]

1376 1844 1416 1878 τὸ
1434 1843 1615 1889 φάρμακον
1631 1841 1722 1876 τοῦτ’
1742 1842 1871 1887 ἄπυρον
1889 1840 2021 1876 ἀκτῖνός
2038 1839 2067 1875 τ’
2086 1840 2139 1875 ἀεὶ

1376 1895 1501 1943 θερμῆς
1518 1894 1655 1930 ἄθικτον
1673 1894 1709 1929 ἐν
1725 1895 1847 1939 μυχοῖς
1866 1894 1988 1936 σώζειν
2006 1893 2076 1938 ἐμὲ,

1375 1947 1439 1985 ἕως
1456 1948 1497 1983 ἂν
1514 1947 1738 1994 ἀρτίχριστον
1755 1946 1943 1992 ἁρμόσαιμί
1959 1961 2040 1982 που.

1377 1999 1507 2046 κᾶδρων
1524 2002 1675 2034 τοιαῦτα.
1704 2001 1763 2034 νῦν
1781 1996 1823 2039 δ’,
1843 1997 1892 2034 ὅτ’
1911 1996 1953 2043 ἦν
1971 1996 2167 2044 ἐργαστέον,

1378 2053 1503 2108 ἔχρισα
1520 2053 1582 2098 μὲν
1601 2051 1672 2087 κατ’
1691 2049 1783 2087 οἶκον
1801 2052 1837 2086 ἐν
1855 2052 1972 2096 δόμοις
1990 2050 2104 2096 κρυφῆ

1378 2107 1513 2154 μαλλῷ,
1535 2106 1705 2141 σπάσασα
1724 2105 1865 2149 κτησίου
1882 2105 1991 2147 βοτοῦ
2008 2103 2151 2148 λάχνην,

1380 2158 1505 2203 κάθηκα
1525 2156 1742 2203 συμπτύξασ’
1763 2157 1916 2203 ἀλαμπὲς
1934 2155 2034 2200 ἡλίου

1380 2212 1485 2259 κοίλῳ
1505 2212 1685 2259 ζυγάστρῳ
1705 2211 1825 2258 δῶρον,
1846 2211 1965 2256 ὥσπερ
1984 2207 2102 2245 εἴδετε.

1381 2263 1464 2300 εἵσω
1483 2263 1511 2299 δ’
1527 2264 1790 2310 ἀποστείχουσα
1808 2263 1967 2311 δέρκομαι
1986 2262 2092 2308 φάτιν

1381 2317 1576 2365 ἄφραστον,
1596 2315 1818 2362 ἀξύμβλητον
1835 2315 2002 2363 ἀνθρώπῳ
2019 2314 2151 2360 μαθεῖν.

1381 2372 1421 2406 τὸ
1437 2370 1505 2417 γὰρ
1523 2371 1677 2417 κάταγμα
1694 2370 1852 2416 τυγχάνω
1869 2368 2010 2416 ῥίψασά
2027 2383 2099 2404 πως

1385 2419 1464 2472 [τῆς
1482 2424 1563 2466 οἷὸς,
1583 2421 1609 2472 ᾧ
1628 2424 1828 2469 προῦχριον,
1849 2422 1884 2458 ἐς
1901 2421 2010 2466 μέσην
2027 2418 2180 2468 φλόγα,]

1382 2475 1485 2512 ἀκτῖν’
1506 2476 1540 2512 ἐς
1557 2475 1707 2520 ἡλιῶτιν·
1739 2476 1784 2512 ὧς
1802 2475 1830 2510 δ’
1852 2475 2033 2515 ἐθάλπετο,

1383 2530 1437 2577 ῥεῖ
1453 2531 1520 2564 πᾶν
1538 2529 1666 2573 ἄδηλον
1683 2529 1738 2564 καὶ
1756 2529 1966 2575 κατέψηκται
1984 2527 2096 2574 χθονὶ,

1383 2582 1502 2629 μορφῇ
1518 2581 1660 2628 μάλιστ’
1680 2582 1838 2617 εἶκαστὸν
1856 2582 1947 2617 ὥστε
1964 2580 2104 2628 πρίονος

1384 2634 1572 2682 ἐκβρώματ’
1593 2635 1633 2670 ἂν
1650 2635 1824 2682 βλέψειας
1844 2635 1879 2670 ἐν
1897 2635 1983 2679 τομῇ
2002 2631 2123 2678 ξύλου.

1384 2689 1515 2724 τοιόνδε
1533 2690 1638 2724 κεῖται
1655 2687 1836 2735 προπετές.
1865 2688 1902 2722 ἐκ
1920 2687 1956 2722 δὲ
1974 2688 2049 2734 γῆς,
2069 2685 2148 2722 ὃθεν

1384 2740 1567 2789 προῦκειτ’,
1587 2741 1767 2785 ἀναζέουσι
1785 2740 1996 2789 θρομβώδεις
2014 2739 2133 2787 ἀφροὶ,

1384 2796 1534 2842 γλαυκῆς
1551 2794 1686 2841 ὀπώρας
1704 2794 1795 2830 ὥστε
1811 2794 1930 2830 πίονος
1946 2795 2054 2829 ποτοῦ

1386 2847 1549 2893 χυθέντος
1573 2848 1607 2885 ἐς
1628 2848 1692 2895 γῆν
1712 2847 1859 2894 Βακχίας
1876 2846 1933 2883 ἀπ’
1953 2845 2121 2892 ἀμπέλου.

1387 2899 1469 2935 ὥστ’
1489 2901 1549 2935 οὐκ
1567 2901 1635 2946 ἔχω
1653 2901 1795 2936 τάλαινα
1811 2902 1873 2936 ποῖ
1887 2900 2022 2947 γνώμης
2039 2898 2149 2934 πέσω·

1388 2955 1456 3000 ὁρῶ
1475 2953 1513 2988 δέ
1528 2952 1562 2998 μ’
1581 2954 1683 3000 ἔργον
1700 2953 1809 2989 δεινὸν
1827 2952 2101 3000 ἐξειργασμένην.

1387 3005 1492 3041 πόθεν
1508 3006 1576 3053 γὰρ
1594 3005 1634 3041 ἅν
1651 3008 1727 3042 ποτ’
1745 3006 1819 3042 ἀντὶ
1836 3008 1897 3041 τοῦ
1916 3003 2072 3050 θνήσκων
2089 3006 2108 3039 6
2127 3003 2190 3051 θὴρ

1389 3059 1463 3104 ἐμοὶ
1480 3058 1627 3105 παρέσχ’
1647 3060 1789 3100 εὔνοιαν,
1809 3058 1848 3104 ἧς
1866 3057 2005 3103 ἔθνησχ’
2025 3055 2133 3103 ὗπερ;

1390 3111 1451 3147 οὐκ
1474 3111 1581 3146 ἔστιν·
1606 3112 1699 3147 ἀλλὰ
1716 3113 1775 3147 τὸν
1791 3110 1932 3155 βαλόντ’
1953 3109 2150 3156 ἀποφθίσαι

1389 3164 1524 3211 χρῄζων
1541 3165 1662 3212 ἔθελγέ
1679 3165 1732 3210 μ’·
1757 3165 1802 3200 ῶν
1820 3164 1887 3212 ἐγὼ
1905 3162 2127 3209 μεθύστερον,

1390 3217 1437 3252 ὅτ’
1457 3218 1518 3252 οὐκ
1540 3217 1585 3253 ἔτ’
1605 3218 1709 3265 ἀρκεῖ,
1729 3218 1790 3263 τὴν
1806 3216 1955 3263 μάθησιν
1972 3216 2127 3262 ἄρνυμαι.

1390 3272 1474 3315 μόνη
1491 3271 1558 3318 γὰρ
1576 3271 1689 3310 αὐτὸν,
1710 3268 1742 3305 εἴ
1756 3284 1789 3305 τι
1806 3269 1851 3316 μὴ
1870 3267 2119 3316 ψευσθὴσομαι

1389 3324 1534 3370 γνώμης,
1555 3323 1622 3371 ἐγὼ
1640 3321 1806 3368 δύστηνος
1823 3321 2062 3368 ἐξαποφθερῶ.

1391 3377 1450 3411 τὸν
1466 3376 1533 3423 γὰρ
1550 3375 1690 3420 βαλόντ’
1705 3375 1870 3423 ἄτρακτον
1887 3372 1963 3410 οἶδα
1981 3374 2035 3408 καὶ
2053 3373 2131 3408 θεὸν

1392 3429 1542 3476 Χείρωνα
1559 3427 1765 3474 πημῆναντα,
1785 3427 1928 3474 χῶνπερ
1946 3427 1987 3462 ἂν
2005 3426 2095 3472 θίγῃ,

1394 3481 1529 3528 φθείρει
1546 3482 1589 3516 τὰ
1605 3483 1716 3517 πάντα
1733 3479 1888 3516 κνώδαλ’·
1919 3480 1955 3515 ἐκ
1973 3480 2011 3514 δέ
2029 3475 2120 3513 τοῦδ’
2139 3477 2195 3513 ὅδε

1394 3535 1542 3581 σφαγῶν
1559 3534 1704 3569 διελθὼν
1722 3533 1771 3569 ἶὸς
1789 3531 1927 3578 αἵματος
1943 3531 2050 3577 μέλας

1392 3590 1464 3624 πῶς
1481 3586 1542 3622 οὒκ
1559 3587 1636 3623 ὀλεῖ
1651 3587 1706 3622 καὶ
1723 3587 1840 3627 τόνδε,
1870 3584 1952 3629 δόξῃ
1969 3586 2053 3629 γοῦν
2071 3583 2149 3629 ἐμῇ.

2251 523 2319 558 660

2254 782 2315 824 665

2256 1047 2318 1090 670

2283 1320 2298 1354 κ’

2302 1320 2319 1354 tn

2260 1579 2323 1611 680

2260 1844 2321 1884 685

2270 2104 2330 2146 690

2275 2907 2334 2941 705

2277 3172 2336 3205 7¹0
