2488 3860
678 958 1195 1009 ΑΙΣΧΥΛΟΥ

431 1323 574 1354 ΧΟΡΟΣ
605 1323 852 1353 ΤΕΡΟΝΤΩΝ.

232 1373 347 1404 ΤΑΔΕ
364 1384 425 1415 μεν
441 1373 586 1416 Περσῶν
602 1374 669 1405 τῶν
685 1370 867 1416 οἷχομένων

230 1420 409 1457 Ελλά8”
389 1436 425 1458 ες
441 1418 516 1456 αἶαν
531 1423 639 1457 πιστὰ
656 1425 815 1463 καλεῖται,

232 1474 286 1508 καὶ
303 1477 369 1508 τῶν
385 1474 519 1519 ἀφνεῶν
534 1475 589 1509 καὶ
604 1474 834 1521 πολυχρύσων

233 1525 378 1571 ἑδράνων
395 1524 558 1571 φύλακες,
577 1527 659 1561 κατὰ
675 1528 862 1573 πρεσβείαν

233 1575 292 1612 οὓς
308 1577 407 1613 αὐτὸς
423 1577 506 1621 ἅναξ
523 1578 651 1624 Ξέρξης
666 1579 832 1620 βασιλεὺς

234 1629 454 1676 Δαρειογενὴς

233 1678 348 1715 εἵλετο
364 1682 477 1727 χώρας
494 1681 680 1729 ἐφορεύειν.

233 1732 323 1778 ἀμφὶ
340 1733 377 1767 δὲ
394 1735 504 1782 νόστῳ
522 1738 569 1782 τῷ
585 1735 752 1782 βασιλείῳ

233 1785 288 1819 καὶ
303 1784 527 1831 πολυχρύσου
545 1789 703 1833 στρατιᾶς
720 1788 781 1831 ἤδη

234 1835 429 1881 κακόμαντις
444 1837 529 1884 ἄγαν
545 1838 784 1885 ὀρσολοπεῖται

236 1887 340 1933 θυμὸς
355 1889 495 1924 ἔσωθεν.

226 1941 328 1974 ’πᾶσα
343 1941 409 1987 γὰρ
426 1941 528 1987 ἰσχὺς
543 1941 780 1990 Ἀσιατογενὴς

235 1990 365 2040 ᾤχωκε·
393 1993 467 2028 νέον
484 1993 513 2029 δ’
531 1994 634 2040 ἄνδρα
649 1994 778 2038 βαΰζει,

233 2045 330 2079 κοῦτε
346 2045 397 2080 τὶς
413 2044 558 2092 ἅγγελος
575 2049 651 2081 οὔτε
667 2048 718 2084 τὶς
735 2048 852 2084 ἱππεὺς

234 2095 322 2131 ἄστυ
339 2097 379 2131 τὸ
395 2101 540 2143 Περσῶν
555 2098 753 2143 ἀφικνεῖται·

236 2146 306 2182 οἵτε
321 2150 360 2183 τὸ
378 2147 516 2185 Σούσων
531 2147 582 2194 ἧδ’
595 2148 810 2198 Ἀγβατάνων

235 2200 289 2234 καὶ
306 2202 345 2235 τὸ
361 2202 504 2236 παλαιὸν
521 2201 667 2238 Κίσσιον
682 2202 778 2246 ἕρκος

233 2251 456 2298 προλιπόντες
473 2254 566 2295 ἔβαν.

234 2304 267 2339 οἶ
283 2304 345 2349 μὲν
361 2304 416 2350 ἐφ’
434 2303 556 2346 ἵππων,
575 2307 607 2341 οἶ
624 2306 652 2342 δ’
670 2307 726 2343 ἐπὶ
743 2313 839 2349 ναῶν,

235 2356 331 2399 πεζοί
347 2371 384 2391 τε
400 2358 507 2402 βάδην

235 2408 386 2452 πολέμου
404 2410 530 2455 στῖφος
545 2411 760 2457 παρέχοντες·

235 2457 307 2496 οἷος
321 2459 506 2507 Ἀμίστρης
521 2460 571 2506 ἧδ’
591 2461 820 2509 Ἀρταφρένης

236 2511 290 2546 καὶ
307 2513 508 2558 Μεγαβάτης
525 2510 575 2556 ἠδ’
593 2511 802 2558 Ἀστάσπης,

236 2577 334 2609 ταγοι
350 2568 504 2610 Περσῶν,

233 2616 386 2659 βασιλῆς
401 2616 611 2657 βασιλέως*
589 2633 713 2664 υποχοι
727 2623 878 2667 μεγάλου

237 2665 386 2704 σοῦνται,
407 2668 566 2711 στρατιᾶς
581 2669 715 2712 πολλῆς
731 2669 863 2714 ἔφοροι.

236 2715 479 2761 τοξοδάμαντές
496 2717 525 2752 τ’
543 2717 594 2763 ἧδ’
614 2720 809 2761 ἱπποβάται,

236 2767 383 2813 φοβεροὶ
399 2769 460 2813 μὲν
477 2769 569 2810 ἰδεῖν,
589 2771 690 2805 δεινοὶ
708 2772 745 2806 δέ
761 2772 871 2817 μάχην

236 2819 356 2864 ψυχῆς
372 2819 549 2866 εὐτλήμονι
566 2822 661 2866 δόξῃ.

236 2869 467 2918 Ἀρτεμβάρης
484 2872 519 2907 θ’
538 2874 774 2919 ἱππιοχάρμης.

238 2923 292 2957 καὶ
309 2923 505 2969 Μασίστης,
524 2924 545 2960 ὅ
561 2941 597 2961 τε
613 2926 801 2970 τοξοδάμας

238 2974 393 3012 ἐσθλὸς’
395 2978 518 3021 Ιμαῖος,
538 2978 749 3022 Φαρανδάκης
766 2977 814 3019 θ’,

238 3041 347 3062 ιππων
363 3027 391 3062 τ’
411 3028 538 3075 ἐλατὴρ
555 3029 746 3074 Σωσθάνης

237 3078 370 3115 ἄλλους
387 3079 452 3115 δ’“
434 3095 453 3115 ο
469 3081 574 3127 μέγας
590 3081 646 3115 καὶ
661 3081 907 3129 πολυθρέμμων

238 3132 362 3167 Νεῖλος
377 3132 540 3178 ἔπεμψεν·
569 3135 811 3179 Σουσισκάνης,

237 3184 472 3248 Πηγασταγὼν
488 3184 748 3231 Αἷγυπτογενὴς,

239 3233 261 3268 ὅ
272 3249 310 3270 τε
326 3236 385 3279 τῆς
402 3236 492 3282 ἱερᾶς
508 3236 688 3301 Μέμφιδος
704 3238 818 3284 ἅρχων

237 3287 343 3332 μέγας
358 3286 542 3333 ’Δρσάμης,
561 3289 621 3324 τάς
637 3288 667 3322 τ’
684 3289 845 3336 ὠγυγίους

240 3336 356 3382 θῆβας
373 3338 510 3384 ε’φέπων
525 3339 756 3403 Ἀριόμαρδος,

239 3390 295 3424 καὶ
310 3390 509 3436 ἑλειοβάται
526 3395 612 3426 ναῶν
628 3391 737 3437 ἐρέται

241 3441 354 3481 δεινοὶ,
371 3442 502 3486 πλῆθός
518 3441 548 3477 τ’
565 3443 753 3489 ἀνάριθμοι.

240 3493 462 3538 ἁβροδιαίτων
479 3493 507 3529 δ’
526 3494 639 3529 ἕπεται
655 3496 772 3530 Λυδῶν

242 3542 359 3591 ὄχλος,
377 3542 438 3580 οἵτ’
456 3545 576 3582 ἐπίπαν
591 3544 802 3594 ἠπειρογενὲς

1123 1856 1162 1879 10

1121 2433 1160 2455 20

1107 2678 1162 2714 ⁷2⁵

1125 3199 1166 3232 35

1181 3618 1206 3647 ἐπ’

1269 956 1649 1007 ΠΕΡΣΑΙ.

1315 1315 1513 1362 κατέχουσιν
1530 1316 1635 1356 ἔθνος,
1653 1315 1731 1353 τοὺς
1749 1319 1963 1362 Μιτρογάθης

1313 1367 1470 1415 Ἀρκτεύς
1486 1368 1515 1402 τ’
1534 1368 1671 1415 ἀγαθὸς,
1689 1371 1839 1413 βασιλῆς
1856 1370 1979 1408 δίοποι,

1315 1422 1368 1456 καὶ
1384 1419 1599 1468 πολύχρυσοι
1616 1422 1752 1466 Σάρδεις
1769 1421 1912 1467 ἐπόχους
2203 1432 2240 1464 45

1313 1475 1459 1509 πολλοῖς
1475 1473 1621 1519 ἅρμασιν
1638 1473 1838 1520 ἐξορμῶσιν,

1315 1526 1458 1572 δίρρυμά
1474 1539 1511 1559 τε
1528 1527 1582 1560 καὶ
1598 1525 1761 1572 τρίρρυμα
1777 1525 1875 1569 τέλη,

1315 1578 1470 1624 φοβερὰν
1486 1577 1572 1624 ὄψιν
1586 1577 1823 1624 προσιδέσθαι.

1317 1632 1472 1665 στεῦνται
1489 1630 1518 1664 δ’
1539 1631 1629 1676 ἱεροῦ
1646 1630 1788 1674 Τμώλου
1804 1631 1958 1668 πελάται,

1316 1683 1417 1729 ζυγὸν
1434 1682 1644 1728 ἀμφιβαλεῖν
1660 1680 1795 1717 δούλιον
1810 1681 1964 1721 Ἑλλάδι,
2208 1695 2247 1724 50

1317 1735 1475 1781 Μάρδων,
1495 1735 1655 1780 Θάρυβις,
1674 1735 1803 1780 λόγχης
1820 1734 1958 1778 ἄκμονες

1316 1787 1372 1821 καὶ
1389 1787 1580 1821 ἀκοντισταὶ
1599 1786 1728 1820 Μυσοί·
1757 1787 1920 1827 Βαβυλὼν
1937 1785 1966 1820 δ’

1317 1838 1338 1883 ἡ
1355 1837 1576 1885 πολύχρυσος
1591 1839 1779 1883 πάμμικτον
1796 1837 1903 1883 ὄχλον

1317 1891 1440 1936 πέμπει
1458 1889 1596 1937 σύρδην,
1617 1894 1701 1925 ναῶν
1718 1890 1744 1924 τ’
1766 1890 1921 1935 ἐπόχους,

1317 1943 1492 1990 τοξουλκῷ
1507 1942 1632 1987 λήματι
1648 1941 1803 1978 πιστούς·
2210 1954 2247 1984 55

1320 1990 1359 2023 τὸ
1376 1992 1633 2036 μαχαιροφόρον
1649 1990 1678 2025 τ’
1697 1991 1791 2027 ἔθνος
1809 1991 1844 2025 ἐκ
1861 1990 1972 2034 πάσης

1318 2038 1436 2077 Ἀσίας
1454 2041 1578 2082 ἕπεται,

1320 2094 1439 2129 δειναῖς
1455 2094 1628 2135 βασιλέως
1643 2095 1707 2130 ὑπὸ
1724 2096 1879 2138 πομπαῖς.

1317 2145 1437 2180 τοιόνδ’
1456 2145 1556 2181 ἅνθος
1572 2146 1741 2192 Περσίδος
1758 2144 1830 2181 αἴας

1319 2196 1447 2243 οἴχεται
1463 2198 1602 2244 ἀνδρῶν,
2209 2200 2248 2231 60

1319 2249 1378 2285 οὓς
1394 2250 1471 2296 πέρι
1487 2252 1583 2285 πᾶσα
1599 2250 1692 2295 χθὼν
1708 2250 1859 2286 Ἀσιᾶτις

1319 2301 1480 2348 θρέψασα
1496 2302 1591 2341 πόθῳ
1610 2302 1761 2337 στένεται
1777 2304 1924 2347 μαλερῷ,

1318 2353 1429 2389 τοκέες
1448 2353 1477 2389 δ’
1495 2353 1621 2398 ἄλοχοί
1639 2353 1670 2388 θ’
1689 2353 1913 2399 ἡμερολεγδὸν

1321 2405 1467 2440 τείνοντα
1483 2407 1607 2452 χρόνον
1623 2406 1831 2452 τρομέονται.

1318 2457 1501 2504 πεπέρακεν
1517 2458 1578 2502 μὲν
1595 2460 1614 2492 ὁ
1630 2458 1858 2503 περσέπτολις
1875 2458 1936 2501 ἤδη
2048 2470 2126 2502 στρ.
2147 2455 2188 2490 α’.
2209 2460 2246 2500 65

1317 2510 1496 2552 βασίλειος
1515 2511 1658 2555 στρατὸς
1676 2510 1723 2545 εἷς
1738 2509 1917 2555 ἀντίπορον
1933 2508 2066 2555 γείτονα
2082 2510 2207 2555 χώραν,

1318 2562 1510 2608 λινοδέσμῳ
1529 2562 1650 2606 σχεδίᾳ
1667 2561 1818 2608 πορθμὸν
1834 2561 1984 2607 ἀμείψας

1316 2611 1555 2657 Ἀθαμαντίδος
1566 2613 1708 2653 Ἕλλας,
2092 2610 2246 2661 [πόντου.

1317 2664 1545 2712 πολύγομφον
1583 2664 1709 2710 ὅδισμα
1748 2667 1848 2712 ζυγὸν
1891 2656 2097 2711 ἀμφιβαλὼν
2135 2665 2248 2711 αὐχένι

1319 2718 1531 2764 πολυάνδρου
1549 2717 1578 2752 δ’
1595 2717 1715 2753 Ἀσίας
1733 2717 1906 2764 θούριος”
1884 2733 1998 2764 αρχων
2052 2718 2124 2752 ἀντ.
2145 2717 2187 2752 α’.
2209 2728 2246 2761 73

1318 2770 1374 2805 ε’πι
1390 2771 1505 2805 πᾶσαν
1521 2769 1627 2814 χθόνα
1643 2772 1859 2816 ποιμανόριον
1876 2770 1965 2804 θεῖον
1983 2768 2117 2804 ἐλαύνει
2210 2784 2246 2815 75

1319 2821 1465 2867 διχόθεν,
1484 2822 1678 2866 πεζονόμοις
1694 2823 1730 2856 ἔκ
1748 2836 1784 2856 τε
1803 2822 1991 2861 θαλάσσας,

1318 2875 1476 2920 ὀχυροῖσι
1493 2874 1662 2910 πεποιθὼς

1318 2926 1511 2973 στυφέλοις
1545 2926 1692 2972 ἐφέταις,
1721 2928 1936 2973 χρυσογόνου
1965 2929 2080 2973 γενεᾶς
2115 2927 2247 2963 ῖσοθευς

1373 2981 1460 3025 φώς.
2207 2985 2247 3015 80

1287 3053 1289 3055 ·
1318 3034 1457 3069 κυανοῦν
1483 3031 1513 3066 δ’
1536 3031 1664 3077 ὄμμασι
1685 3031 1847 3067 λεύσσων
1866 3032 1988 3077 φονίου
2015 3033 2140 3078 δέργμα
2167 3033 2246 3079 δρά-

1369 3099 1496 3124 κοντος,
2100 3099 2178 3130 στρ.
2197 3084 2245 3126 β’.

1316 3136 1483 3182 πολύχειρ
1500 3137 1554 3171 καὶ
1570 3135 1791 3180 πολυναύτης,
1811 3135 1928 3183 Σύριόν
1945 3132 1978 3170 θ’
1998 3136 2086 3181 ἅρμα
2104 3137 2241 3172 διώκων.

1317 3190 1434 3235 ἐπάγει
1450 3187 1679 3235 δουρικλύτοις
1695 3189 1838 3234 ἀνδράσι
1854 3188 2059 3231 τοξόδαμνον
2067 3186 2168 3234 Ἀρη.
2207 3194 2245 3232 85

1317 3242 1451 3286 δόκιμος
1468 3240 1498 3276 δ’
1517 3242 1608 3276 οὔτις
1631 3240 1782 3275 ὑποστὰς
1803 3242 1941 3288 μεγάλῳ
1964 3238 2102 3287 ῥεύματι
2125 3242 2248 3285 φωτῶν

2047 3292 2118 3327 ἀντ.
2138 3292 2185 3334 β’.
2206 3298 2245 3337 87

1316 3346 1454 3392 ὀχυροῖς
1471 3344 1604 3391 ἕρκεσιν
1621 3342 1743 3391 εἵργειν
1759 3344 1889 3390 ἄμαχον
1902 3347 1987 3389 κῦμα
2000 3344 2189 3380 θαλάσσας·
2206 3359 2247 3390 90

1316 3398 1546 3442 ἀπρόσοιστος
1565 3398 1632 3443 γὰρ
1650 3399 1668 3431 ὁ
1686 3400 1830 3443 Περσῶν
1851 3398 1996 3443 στρατὸς
2017 3397 2193 3440 ἀλκίφρων
2211 3411 2246 3430 τε

1368 3451 1463 3486 λαός.
2044 3448 2187 3496 [μεσῳδ.
2208 3462 2247 3494 93

1316 3502 1496 3546 δολόμητιν
1513 3501 1541 3536 δ’
1560 3502 1689 3536 ἀπάταν
1706 3501 1784 3536 θεοῦ
1802 3501 1852 3537 τίς
1872 3501 1954 3546 ἀνὴρ
1972 3501 2089 3535 θνατὸς
2106 3500 2242 3542 ἀλύξει;

1316 3553 1368 3589 τίς
1378 3555 1397 3588 ὁ
1408 3554 1554 3602 κραιπνῷ
1563 3554 1644 3589 ποδὶ
1653 3552 1845 3599 πηδήματος
1855 3550 2190 3599 εὖπετοῦςάνᾴσσωνς
2204 3563 2242 3597 95
