2488 3860
513 965 925 1017 ΕΥΡΙΠΙΔΟΥ
988 961 1426 1015 ΙΠΠΟΛΤΤΟΣ
1489 953 2105 1009 ΣΤΕΦΑΝΗΦΟΡΟΣ.

632 1364 864 1394 ΑΦΡΟΔΙΤΗ.

1460 1358 1512 1394 καὶ
1531 1358 1588 1394 τὸν
1604 1359 1665 1404 μὲν
1682 1358 1758 1405 ἡμῖν
1774 1358 1936 1404 πολέμιον
1953 1359 2126 1401 πεφυκότα

362 1409 482 1454 Πολλὴ
500 1409 560 1455 μὲν
578 1410 613 1444 ἐν
629 1412 787 1456 βροτοῖσι
806 1410 884 1444 κούκ
901 1410 1068 1455 ἀνώνυμος

1460 1413 1566 1445 κτενεῖ
1580 1411 1688 1458 πατὴρ
1707 1412 1851 1458 ἀραῖσιν,
1871 1411 1909 1448 ἃς
1927 1414 1945 1446 ὁ
1962 1414 2095 1447 πόντιος

366 1463 425 1497 θεὰ
443 1463 601 1506 κέκλημαι
620 1461 758 1508 Κύπρις,
779 1462 920 1508 οὐρανοῦ
937 1461 966 1496 τ’
985 1463 1067 1501 ἔσω,

365 1515 441 1548 ὅσοι
459 1529 495 1548 τε
512 1516 635 1549 πόντου
654 1515 820 1559 τερμόνων
836 1513 865 1548 τ’
881 1513 1104 1550 Ἀτλαντικῶν

366 1566 516 1600 ναίουσιν
533 1564 614 1600 εἵσω
633 1566 707 1611 φῶς
725 1568 865 1612 ὁρῶντες
882 1566 991 1610 ἡλίου,

365 1618 442 1654 τοὺς
459 1618 519 1662 μὲν
537 1618 700 1658 σέβοντας
718 1618 805 1663 τάμὰ
821 1620 1000 1664 πρεσβεύω
1020 1618 1133 1664 κράτη,

366 1671 517 1715 σφάλλω
536 1669 564 1704 δ’
583 1668 660 1704 ὅσοι
679 1671 867 1716 φρονοῦσιν
884 1670 930 1706 εἷς
948 1669 1032 1713 ἡμᾶς
1048 1669 1144 1715 μέγα.

1458 1463 1541 1506 elva}
1559 1465 1735 1498 Ποσειδῶν
1752 1464 1887 1499 ὤπασεν
1905 1466 2013 1508 Θησεῖ
2027 1464 2138 1510 γέρας.

1457 1516 1559 1560 μηδὲν
1575 1517 1713 1560 μάταιον
1731 1517 1765 1552 ἐς
1781 1517 1852 1562 τρὶς
1869 1515 2029 1560 εὔξασθαι
2048 1516 2123 1563 θεῷ.

1458 1567 1477 1611 ἡ
1497 1567 1524 1602 δ
1544 1567 1680 1612 εὐκλεὴς
1696 1569 1768 1613 μὲν,
1788 1567 1865 1602 ἀλλ’
1885 1567 1973 1611 ὅμως
1991 1568 2190 1604 ἀπόλλυται,

1457 1619 1595 1665 Φαίδρα
1625 1621 1662 1654 τὸ
1681 1621 1746 1667 γὰρ
1764 1619 1860 1664 τῆσδ’
1879 1620 1918 1654 οὐ
1935 1618 2131 1666 προτιμήσω
2149 1621 2251 1655 καλὸν

1456 1673 1495 1706 τὸ
1513 1672 1557 1716 μὴ
1576 1673 1614 1706 οὐ
1632 1674 1821 1718 παρασχεῖν
1837 1672 1915 1708 τοὺς
1933 1672 2031 1716 ἐμοὺς
2049 1670 2224 1718 ἐχθροὺς
2208 1687 2278 1715 εμοι

2350 1478 2388 1508 45

366 1723 476 1756 ἔνεστι
492 1722 558 1768 γὰρ
576 1721 615 1766 δὴ
635 1721 693 1756 κάν
711 1721 795 1756 θεῶν
811 1722 899 1769 γένει
916 1723 1005 1760 τόδε,
1457 1724 1548 1766 δίκην
1565 1723 1732 1768 τοσαύτην
1750 1723 1830 1759 ὥστ’
1851 1725 1923 1769 ἐμοὶ
1941 1724 2086 1760 καλῶς’
2067 1738 2168 1769 εχειν.
2353 1738 2392 1768 50

366 1775 541 1818 τιμώμενοι
558 1773 736 1819 χαίρουσιν
754 1774 935 1820 ἀνθρώπων
952 1772 1029 1808 ὕπο.
1455 1775 1534 1811 ἀλλ’
1554 1776 1676 1823 εἷσορῶ
1693 1778 1758 1823 γὰρ
1777 1777 1870 1811 τόνδε
1888 1777 1989 1811 παῖδα
2007 1778 2145 1820 Θησέως

367 1826 464 1869 δείξω
483 1826 519 1860 δὲ
536 1824 648 1870 μύθων
665 1825 759 1860 τῶνδ’
779 1825 937 1870 ἀλήθειαν
954 1827 1051 1871 τάχα·
1457 1828 1647 1874 στείχοντα,
1668 1828 1770 1875 θήρας
1786 1828 1916 1874 μόχθον
1934 1829 2166 1867 ἐκλελοιπότα,

368 1880 386 1912 ὁ
405 1879 470 1923 γάρ
487 1892 529 1921 με
548 1878 686 1922 Θησέως
702 1880 790 1917 παῖς,
809 1877 989 1922 Ἀμαζόνος
1007 1879 1114 1916 τόκος,
1269 1890 1304 1912 10
1453 1879 1666 1919 Ἱππόλυτον,
1686 1882 1750 1925 ἔξω
1769 1882 1871 1915 τῶνδε
1888 1880 2038 1924 βήσομαι
2057 1882 2178 1914 τόπων.

367 1930 577 1969 Ἱππόλυτος,
597 1932 699 1976 ἁγνοῦ
717 1929 866 1965 Πιτθέως
883 1928 1098 1973 παιδεύματα,
1455 1932 1561 1968 πολὺς
1579 1933 1609 1967 δ’
1625 1933 1678 1977 ἅμ
1699 1934 1786 1980 αὐτῷ
1804 1935 2012 1977 προσπόλων
2029 1932 2236 1966 ὀπισθόπους

367 1984 466 2026 μόνος
483 1983 631 2017 πολιτῶν
648 1982 751 2026 τῆσδε
768 1983 830 2028 γῆς
847 1981 1037 2027 Τροιζηνίας
1450 1986 1558 2027 κῶμος
1574 1983 1616 2016 λε
1621 1985 1732 2023 λακεν,
1751 1981 1905 2030 ’Ἀρτεμιν
1922 1989 2023 2028 τιμῶν
2041 1987 2119 2020 θεαν
2348 2006 2382 2034 <5

368 2035 460 2080 λέγει
479 2034 637 2077 κακίστην
655 2034 816 2078 δαιμόνων
834 2033 1027 2079 πεφυκέναι.
1449 2031 1613 2076 ὕμνοισιν·
1642 2035 1680 2068 οὐ
1698 2036 1762 2081 γὰρ
1781 2033 1842 2070 οἶδ
1861 2036 2064 2082 ἀνεῳγμένας
2080 2037 2189 2074 πυλας
2345 2028 2373 2036 ⁰

370 2086 531 2120 ἀναίνεται
550 2086 586 2120 δὲ
603 2085 726 2131 λέκτρα
744 2086 802 2120 κού
819 2084 924 2132 ψαύει
941 2086 1068 2132 γάμων·
1443 2081 1561 2119 ’Ἃιδου
1578 2087 1666 2130 φάος
1683 2101 1719 2120 τε
1736 2087 1891 2122 λοίσθιον
1907 2088 2044 2130 βλέπων
2062 2089 2150 2124 τόδε.

371 2138 497 2179 Φοίβου
515 2137 543 2172 δ’
563 2138 715 2183 ἀδελφὴν
723 2136 895 2184 ’'Apa-epm,
917 2139 995 2173 Διὸς
1013 2139 1123 2184 κόρην,
1269 2151 1302 2182 15
1346 2139 1407 2171 ῙΠ.
1450 2134 1570 2171 επεσθ’
1587 2134 1720 2181 ᾳδοντες
1740 2137 1863 2172 ἕπεσθε

371 2193 459 2235 τιμᾷ,
479 2190 641 2236 μεγίστην
659 2191 820 2234 δαιμόνων
837 2188 1029 2236 ἡγούμενος·
1449 2187 1509 2222 Τᾶν
1527 2190 1606 2224 Διὸς
1624 2189 1777 2234 οὐρανίαν

372 2243 510 2287 χλωρὰν
528 2242 555 2277 δ’
573 2241 621 2276 ἀν’
640 2240 724 2286 ὕλην
740 2242 892 2289 παρθένῳ
911 2242 1016 2286 ξυνὼν
1033 2241 1084 2277 ἀεὶ
1438 2237 1610 2285 ”Apulum
1627 2238 1647 2285 ᾇ
1663 2242 1868 2285 μελόμεσθα.
2338 2248 2380 2278 (ιο

373 2294 469 2329 κυσὶν
485 2294 632 2340 ταχείαις
651 2294 752 2340 θῆρας
769 2295 894 2341 ἐξαιρεῖ
926 2292 1055 2339 χθονὸς,
1347 2296 1415 2326 ΘΕ.
1444 2294 1560 2327 πότνια
1578 2294 1706 2332 πότνια,
1727 2296 1925 2336 σεμνοτάτιι,
1943 2297 2020 2329 Zav'
2010 2311 2026 2330 c
2033 2310 2047 2332 ς
2064 2297 2238 2342 γένεῖιλον.
2305 2298 2381 2338 (ιι-3

373 2347 471 2391 μείζω
489 2346 645 2393 βροτείας
662 2346 869 2392 προσπεσὼν
886 2345 1029 2390 ὁμιλίας.

373 2398 522 2433 τούτοισι
540 2399 600 2442 μέν
618 2413 674 2433 νυν
692 2399 730 2433 οὗ
749 2398 877 2444 φθονεῖν
907 2398 940 2432 τί
955 2399 1020 2445 γάρ
1037 2412 1079 2444 με
1097 2397 1148 2433 δεῖ
1163 2409 1172 2438 ;
1267 2411 1306 2434 20

373 2450 394 2485 ἃ
413 2450 440 2486 δ’
460 2450 506 2487 εἷς
524 2450 572 2495 ἔμ’
591 2450 766 2497 ἡμάρτηκε,
786 2449 1014 2497 τιμωρήσομαι

373 2501 573 2538 Ἱππόλυτον
591 2504 626 2538 ἐν
643 2503 710 2547 τῇδ’
731 2502 845 2548 ἡμέρᾳ·
875 2503 916 2537 τὰ
933 2503 1048 2538 πολλὰ
1066 2502 1102 2537 δὲ

374 2556 478 2590 πάλαι
495 2556 700 2599 προκόψασ“,
721 2555 760 2589 οὐ
777 2557 880 2591 πόνου
897 2556 1030 2589 πολλοῦ
1047 2569 1088 2598 με
1106 2554 1166 2589 δεῖ.

376 2605 518 2640 ἐλθόντα
535 2604 599 2648 γάρ
617 2620 665 2639 νιν
685 2605 831 2640 Πιτθέως
849 2604 922 2640 ποτ’
943 2605 978 2639 ἐκ
997 2606 1105 2650 δόμων

374 2660 504 2701 σεμνῶν
522 2658 555 2694 ἐς
573 2658 657 2704 ὄψιν
674 2661 726 2694 καὶ
744 2661 824 2704 τέλη
842 2661 1034 2705 μυστηρίων
1271 2671 1305 2701 25
1346 2662 1405 2692 ἷΠ·

372 2710 555 2746 Πανδίονος
572 2712 634 2755 γῆν
651 2713 775 2758 πατρὸς
793 2712 925 2759 εὐγενὴς
943 2713 1049 2759 δάμαρ

372 2761 493 2795 ἰδοῦσα
511 2762 636 2808 Φαίδρα
654 2764 787 2809 καρδίαν
803 2765 975 2809 κατείχετο

372 2813 469 2858 ἔρωτι
488 2814 582 2861 δεινῷ
600 2817 669 2850 τοῖς
688 2816 776 2859 ἐμοῖς
793 2816 1016 2861 βουλεύμασι.

373 2865 425 2900 καὶ
441 2866 520 2909 πρὶν
536 2867 595 2910 μὲν
615 2867 726 2901 ἐλθεῖν
743 2867 839 2912 τήνδε
855 2870 918 2914 γῆν
935 2868 1137 2914 Τροιζηνίαν,

371 2915 495 2962 πέτραν
511 2917 586 2964 παρ’
602 2919 702 2963 αὐτὴν
720 2921 901 2956 Παλλάδος
919 2921 1085 2966 κατόψιον
1267 2932 1306 2962 3ο

370 2969 432 3014 γῆς
449 2970 551 3014 τῆσδε
572 2971 648 3004 ναὸν
666 2969 833 3017 Κύπριδος
851 2972 1081 3018 ἐγκαθείσατο,

373 3018 491 3064 [ἐρῶσ’
511 3019 604 3065 ἔρωτ’
624 3021 776 3064 ἔκδημον·
805 3021 997 3068 Ἱππολύτῳ
1017 3021 1046 3055 δ’
1066 3023 1120 3056 ἕπι

365 3073 404 3106 τὸ
421 3073 541 3106 λοιπὸν
559 3072 725 3115 ὠνόμαζεν
745 3074 899 3118 ἱδρῦσθαι
919 3071 1027 3118 θεάν]

371 3123 441 3158 ἐπεὶ
461 3124 496 3158 δὲ
515 3124 646 3167 Θησεὺς
664 3125 849 3170 Κεκροπίαν
865 3125 975 3160 λείπει
992 3124 1108 3170 χθόνα,

370 3175 500 3220 μίασμα
518 3175 654 3222 φεύγων
671 3175 807 3221 αἵματος
825 3178 1075 3216 Παλλαντιδῶν,
1266 3188 1304 3219 35

371 3227 424 3261 καὶ
442 3228 538 3271 τήνδε
557 3228 620 3262 σὺν
638 3229 776 3274 δάμαρτι
795 3230 975 3263 ναυστολεῖ
991 3229 1107 3274 χθόνα.

371 3279 539 3316 ἐνιαυσίαν
555 3280 697 3324 ἔκδημον
715 3280 848 3315 αἷνέσας
866 3280 990 3326 φυγὴν,

370 3330 511 3365 ἐνταῦθα
530 3329 567 3375 δὴ
588 3332 755 3366 στένουσα
774 3332 1047 3376 κάκπεπληγμένη

370 3383 516 3427 κέντροις
534 3384 655 3429 ἔρωτος
673 3383 691 3427 ἡ
710 3385 835 3418 τάλαιν’
856 3384 1043 3418 ἀπόλλυται

371 3438 464 3479 σιγῇ·
494 3434 623 3478 ξύνοιδε
642 3436 669 3471 δ’
688 3437 777 3470 οὔτις
794 3435 928 3470 οἰκετῶν
946 3438 1059 3470 νόσον.
1270 3449 1306 3480 40

370 3485 448 3524 ἀλλ’
468 3489 539 3523 οὔτι
557 3486 658 3534 ταύτῃ
677 3487 764 3523 τόνδ’
783 3488 888 3534 ἔρωτα
905 3487 971 3533 χρὴ
989 3490 1117 3523 πεσεῖν·

371 3537 468 3597 δείξω
488 3539 523 3584 δι’
543 3540 650 3593 Θησεῖ
665 3541 811 3598 πρᾶγμα,
832 3537 1090 3596 κάκφανὴσσταιι

1444 2345 1540 2390 χαῖρε
1557 2338 1654 2388 χαῖρε
1671 2355 1739 2386 μοι,
1761 2344 1786 2374 ὦ
1805 2344 1885 2386 κόρα

1445 2396 1570 2431 Λατοῦς
1579 2393 1721 2440 ’Ἄρτεμι
1739 2407 1791 2427 και
1806 2393 1896 2431 Διὸς,
2050 2407 2065 2418 ·
2338 2397 2378 2435 05

1449 2448 1617 2483 καλλίστα
1633 2445 1723 2482 πολὺ
1739 2444 1923 2489 παρθένων,

1446 2498 1466 2534 ἃ
1483 2499 1587 2546 μέγαν
1605 2498 1672 2534 κατ’
1693 2498 1831 2544 οὐρανὸν

1447 2553 1546 2588 ναίεις
1565 2550 1776 2596 εὐπατέρειαν
1793 2549 1910 2588 αὐλὰν,

1447 2606 1549 2640 Ζανὸς
1567 2601 1787 2649 πολύχρυσον
1805 2598 1907 2636 οἷκον.

1448 2656 1547 2702 χαῖρέ
1561 2669 1630 2701 μοι,
1650 2654 1676 2689 ὦ
1695 2654 1876 2693 καλλίστα,
2342 2659 2382 2694 ’,Ὀ

1447 2709 1616 2743 καλλίστα
1632 2711 1698 2742 τῶν
1715 2705 1783 2741 κατ’
1794 2703 1974 2750 Ὄλυμπον

1447 2760 1630 2806 παρθένων,
1642 2758 1797 2805 Ἀρτεμι·

1450 2813 1506 2847 σοὶ
1524 2813 1619 2846 τόνδε
1635 2812 1781 2846 πλεκτὸν
1799 2810 1970 2855 στέφανον
1987 2809 2025 2852 ἐξ
2042 2808 2205 2854 ἀκηράτου

1449 2866 1621 2908 λειμῶνος,
1642 2862 1667 2897 ὦ
1686 2863 1858 2900 δέσποινα,
1879 2859 2053 2906 κοσμήσας
2070 2859 2177 2905 φέρω,

1450 2916 1518 2951 ἔνθ’
1538 2918 1615 2950 οὔτε
1631 2915 1754 2960 ποιμὴν
1771 2914 1861 2957 ἀξιοῖ
1877 2913 2020 2959 φέρβειν
2036 2911 2123 2954 βοτὰ

1451 2967 1519 3002 οὔτ’
1538 2966 1621 3011 ἦλθέ
1638 2982 1690 3002 πω
1710 2966 1858 3030 σίδηρος,
1879 2965 1955 2999 ἀλλ’
1975 2962 2138 3009 ἀκήρατον

1451 3019 1604 3065 μέλισσα
1619 3017 1752 3063 λειμῶν’
1771 3016 1882 3063 ἧρινὸν
1900 3016 2077 3063 διέρχεται·

1453 3071 1560 3107 Αἰδὼς
1578 3072 1613 3106 δε
1631 3070 1826 3114 ποταμίαισι
1846 3066 1977 3113 κηπεύει
1995 3068 2142 3113 δρόσοις.

1454 3120 1572 3165 [ὅσοις
1590 3120 1743 3154 διδακτὸν
1760 3117 1873 3162 μηδὲν,
1893 3114 1972 3150 ἀλλ’
1991 3115 2030 3150 ἐν
2047 3117 2086 3158 τῇ
2105 3112 2212 3160 φύσει

1453 3172 1491 3206 τὸ
1511 3172 1701 3218 σωφρονεῖν
1719 3168 1889 3215 εἶληχεν’
1872 3184 1906 3205 ες
1922 3169 1963 3203 τὰ
1979 3167 2080 3204 πάνθ’
2099 3170 2199 3212 ὁμῶς,
2323 3167 2326 3172 “
2347 3172 2388 3202 80

1454 3221 1585 3259 τούτοις
1602 3222 1797 3269 δρέπεσθαι,
1825 3223 1894 3257 τοῖς
1913 3222 2043 3255 κακοῖσι
2061 3219 2089 3255 δ’
2108 3219 2148 3254 οὗ
2167 3210 2292 3265 θέμις.]

1455 3274 1546 3314 ἀλλ’,
1566 3275 1591 3309 ὦ
1610 3275 1697 3320 φίλη
1717 3274 1888 3312 δέσποινα,
1907 3272 2054 3318 χρυσέας
2072 3273 2173 3315 κόμης

1455 3327 1604 3371 ἀνάδημα
1622 3326 1714 3369 δέξαι
1731 3326 1844 3371 χειρὸς
1861 3323 2064 3366 εὐσεβοῦς’
2042 3338 2121 3358 mro.

1454 3380 1543 3426 μόνῳ
1560 3379 1626 3425 γάρ
1645 3378 1719 3413 ἐστι
1737 3377 1825 3412 τοῦτ’
1845 3377 1918 3421 ε’μοι
1933 3375 2034 3423 γέρας
2050 3377 2196 3421 βροτῶν·

1457 3445 1516 3465 σοι
1535 3444 1587 3464 και
1605 3428 1732 3474 ξύνειμι
1751 3444 1803 3464 και
1819 3431 1937 3474 λόγοις
1955 3442 1980 3462 σ
2001 3427 2192 3471 ἀμείβομαι,
2349 3431 2390 3479 8⁵

1457 3481 1565 3518 κλύων
1583 3483 1642 3525 μὲν
1659 3480 1812 3525 αὗδὴν,”’
1793 3495 1881 3525 ομμα
1898 3479 1927 3515 δ
1946 3479 2010 3525 οὐχ
2028 3481 2114 3525 ὁρῶν
2130 3480 2169 3512 τὸ
2188 3480 2264 3519 σόν.

1457 3534 1558 3579 τῐλοσ
1576 3534 1611 3578 δδ
1630 3532 1795 3587 «awaus
1815 3533 1930 3587 ὥσπερ
1948 3529 2096 3586 ἠρξάμην
2112 3530 2203 3582 βίον.

2346 2921 2361 2952 *v

2366 2920 2383 2953 υι
