2488 3860
978 284 1471 326 ΑΠΟΣΠΑΣΜΑΤΙΑ.

207 382 292 417 581.
314 377 405 430 (95.)
425 381 645 432 Etymolog.
666 383 721 420 M.
741 396 777 432 p.
798 385 860 429 96,
882 385 943 422 22.
981 385 1198 434 Ἀναζυγῶ-
1218 407 1223 431 ,

2199 289 2279 333 741

1241 387 1369 434 Ἀωρὶ,
1401 386 1546 433 ἀωρίαε
1586 388 1625 422 τὸ
1651 388 1742 436 παρὰ
1767 389 1827 424 τὸν
1851 387 2065 436 προσήκοντα
2092 390 2205 436 καιρὸν
2231 390 2286 425 καὶ

156 450 224 470 σαι
238 449 247 471 :
259 438 361 471 -τὸ
372 434 476 483 θύρας
486 438 693 473 ἀναπετάσαι
707 437 969 486 Ἀριστοφάνης.
994 438 1201 475 Favorinus
1219 434 1224 487 ζ
1243 441 1302 486 τὴν
1327 441 1424 487 ὥραν.
1441 459 1492 464 --
1507 438 1756 487 Ἀριστοφάνης
1780 442 1816 477 δὲ
1841 442 1907 488 ἔφη
1935 443 1989 477 καὶ
2009 447 2031 460 “
2047 442 2131 490 ἀωρὶ
2154 441 2284 490 θανάτῳ

154 487 193 523 in
219 485 311 523 Aldi
334 486 468 524 Hortis
493 488 673 525 Adonidis
700 502 737 538 p.
767 491 813 526 15
838 490 875 526 b.
900 491 1197 540 Ἀναζυγῶσαιτ

154 541 194 575 τὸ
219 541 282 577 τὰς
305 540 410 588 θύρας
440 543 659 579 ἀναπετάσαι.
690 543 942 591 Ἀριστοφάνης
970 548 992 564 “
1005 545 1072 590 Τὴν
1099 542 1202 592 θύραν

154 592 408 640 ἆναζυγῶσας.”

207 646 294 681 582.
316 643 406 695 (96.)
428 647 646 696 Hephaestio
662 660 699 697 p.
721 647 782 684 48.
811 651 857 686 Τὸ
870 650 1202 698 προκελευσματικὸν

155 699 212 735 ὑπ’
226 699 322 735 ε’νίων
339 701 555 747 καλούμενον,
569 700 641 737 οἷον
653 703 692 737 τὸ
709 704 930 750 τετράμετρον
946 706 1046 739 τοῦτο
1056 704 1095 738 τὸ
1108 703 1200 749 Ἀρι-

155 753 360 798 στοφάνειον
379 755 463 791 “Τι’ς
481 754 560 800 ὄρεα
576 753 752 801 βαθύκομα
769 755 839 791 τάδ’
859 756 1004 792 ἐπέσυτο
1020 758 1154 803 βροτῶν
1163 755 1195 796 ,·”

209 805 297 841 583.
319 802 409 855 (97.)
430 804 575 850 suidas,
598 807 905 853 Ἀνασηκῶσαι;
945 809 1199 849 ἀνταποδοῦναι,

155 857 176 904 ἢ
193 857 386 901 ἀναλαβεῖν,
423 860 540 907 ὥσπερ
575 861 608 895 οἱ
644 862 808 898 ἱστάντες.
850 859 921 897 οἷον
956 862 1122 906 ἐξισῶσαι
1154 863 1202 910 τῷ

155 912 307 947 λείποντι
324 911 344 956 ἢ
362 914 590 956 πλεονάζοντι.
619 912 724 950 οὕτως
743 914 1003 961 Ἀριστοφάνης.

209 964 295 999 584.
330 960 419 1013 (98.)
454 963 725 1001 Grammaticus
756 965 917 1002 Bekkeri
946 979 983 1015 p.
1018 966 1106 1009 401,
1139 966 1197 1001 18.

155 1016 358 1063 Ἀνεψιαδαῖ
371 1017 630 1064 Ἀριστοφάνης.

209 1070 296 1104 585.
318 1066 408 1116 (99.)
423 1069 558 1106 Pollux
576 1071 633 1114 II,
648 1071 735 1106 228.
765 1070 929 1118 Ἀνοητία,
942 1072 1046 1113 ἄνοια,
1060 1070 1197 1113 ἐπίνοια,

157 1125 306 1170 πρόνοια,
321 1143 374 1149 —
387 1124 441 1158 καὶ
459 1123 612 1170 ἀνοησία,
630 1125 675 1161 ὣς
693 1123 951 1171 Ἀριστοφάνης.
980 1122 1198 1171 Aristopha-

155 1186 241 1210 nem
259 1175 401 1221 ἀνοησία
419 1181 548 1212 contra
559 1175 770 1212 Atticorum
788 1177 1102 1217 consuetudinem,
1118 1188 1198 1223 quae

156 1228 291 1273 ἀνοητία
307 1228 483 1276 postulat,
504 1228 638 1265 dixisse
655 1241 725 1265 nec
742 1228 833 1265 mihi
858 1229 1002 1266 videtur
1027 1228 1198 1265 credibile

155 1292 224 1316 nec
259 1280 450 1318 Lobeckio
479 1281 600 1317 visum
635 1286 693 1318 est
723 1281 771 1318 ad
806 1282 1005 1331 Phrynich.
1037 1295 1074 1330 p.
1108 1282 1196 1317 506.

156 1332 408 1373 Quamobrem
435 1335 571 1380 ἀνοητίιι
593 1334 715 1383 priore
740 1334 823 1371 loco
848 1335 1058 1378 delendum,
1083 1334 1198 1370 altero

155 1388 298 1432 ἀνοησία
314 1387 353 1423 in
370 1388 504 1433 ἀνοητία
522 1399 607 1423 cum
624 1387 748 1423 codice
763 1387 1034 1437 Jungermanni
1051 1392 1197 1423 mutan-

156 1438 245 1475 dum
263 1445 331 1476 est.
359 1439 494 1476 Pollux
509 1440 580 1485 IV,
595 1441 632 1476 9.
646 1440 776 1477 Ἀνοια·
794 1457 834 1477 το
846 1443 913 1489 γὰρ
927 1442 1068 1487 ἀνοησία
1083 1438 1199 1487 (recte

1243 491 1438 529 ἀπέθανεν.”
1457 490 1594 527 Vereor
1602 504 1648 528 ne
1658 492 1744 540 quid
1756 493 1889 530 erroris
1900 493 2089 530 admiserit
2099 505 2284 543 gramma-

1243 544 1358 580 ticus:
1388 555 1474 580 nam
1492 544 1554 580 vix
1572 544 1623 580 ita
1646 544 1839 593 loquutum
1864 559 1944 583 esse
1969 546 2116 583 credam
2139 546 2283 582 Aristo-

1243 597 1415 645 phanem,
1437 597 1499 644 qui
1517 597 1670 634 fortasse
1688 599 1918 645 ἀωροθάνατος
1941 601 2104 636 ἀπέθανεν
2127 599 2282 636 dixerat.

1247 648 1476 698 Phrynichus
1503 649 1638 686 ibidem
1665 663 1700 698 p.
1728 651 1789 696 24,
1816 653 1876 687 22.
1909 653 2235 700 Ἀωροθάνατοςε
2265 654 2285 687 ὁ

1243 706 1309 751 πρὸ
1327 705 1386 748 τῆς
1403 703 1612 748 καθηκούσης
1630 705 1716 749 ὥρας
1734 704 1910 740 ἀποθανὼν
1926 706 2008 753 ἀνὴρ
2026 708 2079 742 καὶ
2096 704 2192 752 γυνή.

1296 756 1384 792 593.
1407 751 1519 804 (ιογ.)
1539 755 1745 792 Scholiasta
1758 755 1943 793 Theocriti
1957 758 1990 798 I,
2010 759 2092 794 132.
2118 758 2163 793 Ἠ
2180 759 2285 801 βάτος

1244 810 1394 854 θηλυκῶς
1411 808 1557 855 λέγεται·
1585 811 1706 855 ὁμοίως
1723 810 1864 845 ἐνταῦθα
1881 812 1935 846 καὶ
1949 811 1968 856 ἡ
1984 812 2175 858 νάρκισσος.
2194 811 2285 858 παρὰ

1243 864 1279 898 δὲ
1292 866 1339 910 τῷ
1356 862 1598 908 Ἀριστοφάνει
1616 863 1797 908 ἀρσενικῶς
1814 863 1962 911 λέγεται.

1294 917 1384 951 594.
1405 910 1517 962 (108.)
1536 912 1670 949 Pollux
1687 913 1757 955 IV,
1774 915 1833 949 63.
1854 918 1918 951 Καὶ
1935 917 1977 952 τὰ
1989 916 2120 964 ῥήματα
2136 917 2283 962 λυρίζειν

1242 967 1419 1015 κιθαρίζειν
1437 968 1591 1014 ψάλλειν
1608 968 1673 1007 καὶ,
1694 968 1738 1004 ὥς
1755 967 2015 1016 Ἀριστοφάνης,
2034 969 2256 1016 βαρβιτίζεςν.

1294 1021 1380 1054 595.
1402 1015 1512 1066 (109.)
1533 1018 1749 1068 Etymolog.
1769 1018 1826 1056 M.
1842 1033 1879 1068 p.
1899 1023 1983 1062 194,
2005 1022 2067 1058 31.
2091 1023 2281 1057 Βέλεκοιῑ

1241 1072 1377 1120 ὄσπρια.
1408 1074 1430 1090 “
1445 1073 1508 1108 Καὶ
1531 1077 1598 1108 τῶν
1617 1073 1788 1115 βελέκκων
1809 1071 1896 1122 (scr.
1917 1071 2106 1122 βελέκων”)
2127 1074 2284 1122 Ἀριστο-

1240 1128 1358 1172 φάνης.

1293 1180 1383 1215 596.
1404 1175 1515 1226 (110.)
1541 1176 1674 1214 Pollux
1692 1177 1789 1219 VII,
1810 1179 1898 1215 210.
1927 1181 2025 1227 Παρὰ
2043 1180 2286 1228 Ἀριστοφάνει

1239 1233 1467 1279 βιβλιδάριον.

1293 1285 1382 1324 597.
1417 1282 1530 1333 (111.)
1558 1282 1694 1320 Pollux
1719 1285 1775 1326 II,
1802 1286 1864 1322 56.
1895 1283 2146 1332 Ἀριστοφάνης
2170 1286 2207 1321 δὲ
2231 1287 2285 1322 καὶ

1240 1338 1370 1380 βλέπος
1389 1338 1531 1372 ἐκάλεσε
1550 1339 1603 1373 καὶ
1621 1340 1802 1384 βλέπησιν.
1830 1337 1961 1381 βλέπος
1979 1343 2036 1374 est
2056 1337 2094 1375 in
2113 1337 2284 1375 Nubibus

1245 1402 1276 1426 v.
1302 1388 1411 1426 1176.

1295 1444 1381 1478 598.
1413 1441 1519 1491 (112.)
1548 1441 1679 1479 Pollux
1705 1441 1795 1484 VII,
1827 1444 1916 1483 187.
1948 1443 2199 1492 Ἀριστοφάνης
2230 1445 2284 1480 καὶ

155 1491 301 1529 codices
315 1491 468 1540 ἀνοητία)
484 1495 642 1541 σκληρόν.
661 1492 896 1541 Phrynichus
911 1493 1070 1530 Bekkeri
1083 1505 1119 1541 p.
1136 1494 1199 1535 21,
1244 1498 1426 1540 βοηλατεῖν
1443 1497 1497 1531 καὶ
1515 1497 1687 1541 ὀνηλατεῖν
1705 1494 1786 1532 εἶπε.

157 1545 220 1581 20.
241 1545 449 1591 Ἀνοητίαε
478 1547 523 1583 ὣς
544 1546 708 1587 νουθετία,
735 1548 974 1594 μοιχοληπτία,
1000 1547 1198 1594 φιλοποτία,
1219 1566 1224 1605 ¹

1297 1549 1382 1583 599.
1419 1546 1529 1596 (¹¹3·)
1561 1548 1773 1597 Etymolog.
1806 1547 1864 1585 M.
1898 1561 1933 1597 p.
1964 1552 2053 1593 214,
2085 1550 2147 1586 44.
2190 1551 2284 1598 Βρό-

155 1599 391 1645 λυχνοκαυτία,
405 1600 598 1644 ἀθλοθετία,
614 1600 760 1647 ἀκροτία.
789 1598 848 1636 De
867 1601 1049 1636 ἀθλοθετία
1064 1598 1201 1635 Pollux
1243 1614 1388 1649 ταχρςε
1422 1602 1481 1637 τὸν
1512 1603 1687 1648 βάτραχον
1705 1601 1830 1646 Ἴωνες,
1858 1604 1912 1637 καὶ
1942 1603 2216 1651 Ἀριστοφάνης,
2232 1604 2285 1638 καὶ

156 1650 236 1694 III,
259 1653 345 1688 140.
376 1649 595 1693 Ἀθλοθεσία,
621 1652 641 1698 ἢ
660 1654 704 1689 ὣς
720 1653 981 1701 Ἀριστοφάνης,
1006 1653 1199 1689 ἀθλοθετία.
1241 1655 1333 1702 παρὰ
1347 1655 1541 1700 Ξενοφάνει.
1561 1656 1744 1701 βάτραχος,
1762 1655 1816 1689 καὶ
1834 1654 1906 1690 καθ’
1922 1656 2181 1703 ὑπερβιβασμὸν
2197 1657 2284 1702 βρά-

156 1703 216 1740 De
235 1717 307 1753 quo
326 1703 422 1741 dixit
439 1702 651 1740 Lobeckius
668 1704 756 1741 ibid.
776 1718 812 1754 p.
834 1707 920 1741 510.

1243 1722 1346 1754 ταχος
1359 1708 1412 1742 καὶ
1426 1708 1606 1753 βρόταχος.
1627 1706 1724 1742 Vide
1738 1706 1954 1754 interpretes
1969 1706 2149 1755 Hesychii
2162 1707 2232 1743 vol.
2250 1708 2284 1748 1,

209 1769 296 1804 586.
318 1764 428 1818 (100.)
449 1768 593 1809 suidas,
612 1769 827 1817 Ἀπόμακτρα
851 1772 1029 1806 σκυτάλων
1052 1771 1198 1806 ἀπεσκο-
1243 1772 1277 1807 Ρ·
1301 1758 1387 1796 770·
1445 1758 1551 1794 Idem
1569 1772 1606 1807 P·
1629 1757 1715 1795 76⁰·
1745 1761 1998 1808 ΒΡαΤάΧΟυςῖ
2028 1762 2231 1807 βατράχους·

157 1824 280 1868 τημένα
319 1821 350 1858 δ’
385 1823 687 1869 ἐσκιοτραφημένα.
753 1821 896 1858 Eadem
939 1822 1201 1871 grammaticus

157 1872 318 1910 Bekkeri
335 1887 371 1923 p.
388 1876 476 1916 431,
492 1875 554 1910 26.
574 1874 956 1923 praemissolemmate
973 1876 1199 1923 Ἀπόμοκτρα,

157 1931 195 1963 et
208 1929 498 1975 ἐσκιατροφημένα
514 1927 694 1975 praebens.
723 1928 824 1965 Vera
837 1927 909 1964 loci
923 1927 1103 1976 scriptura
1119 1927 1200 1963 haec

157 1984 224 2021 est,
263 1980 542 2028 Ἀπόμακτραῑ
587 1981 748 2016 σκύταλα.
797 1983 1110 2027 ἀπεσκοτωμένα
1151 1981 1199 2023 δέ,

158 2035 464 2082 ἐσκιαγραφημένα.
485 2032 611 2068 Poetae
624 2033 721 2068 enim
732 2033 844 2069 verba
854 2033 1003 2069 fuerunt
1016 2034 1199 2081 ἀπόμακτρ’

157 2085 426 2133 ἀπεσκοτωμένα,
439 2097 595 2133 quorum
608 2085 929 2134 interpretationes
942 2098 988 2122 ex
1003 2086 1200 2123 scholiasta

158 2137 205 2174 de
223 2150 326 2175 more
344 2138 537 2186 exscripsit
556 2138 701 2181 Suidas,
720 2138 824 2186 cujus
842 2138 913 2174 alia
930 2143 988 2174 est
1006 2139 1052 2175 de
1070 2139 1200 2176 eodem

157 2191 239 2228 loco
257 2190 444 2228 annotatio
461 2190 661 2239 perinepta,
681 2192 1081 2240 Ἐσκιοτροφημένα;
1110 2193 1200 2240 Ἀρι-

158 2246 342 2292 στοφάνης.
370 2244 566 2293 ἀπόμακτρα
584 2245 761 2281 σκυτάλων
779 2246 1077 2292 ε’σκιοτροφημένα.
1107 2245 1199 2282 Pru-

159 2296 303 2333 dentius
320 2296 418 2332 idem
432 2296 504 2332 alio
522 2297 616 2338 loco,
635 2297 991 2343 Ἀπεσκοτωμέναε
1021 2299 1199 2346 ἐσκιαγρα-

159 2351 303 2396 φημένα,
323 2350 550 2396 κεχρωσμένα.
578 2353 638 2387 τὰς
662 2352 729 2397 γὰρ
752 2351 886 2398 χρίσεις
910 2353 1014 2395 σκότη
1041 2347 1201 2397 (σκότους

161 2401 386 2451 Hesychius)
415 2405 558 2439 καλοῦσι
582 2404 768 2450 ζωγράφοι.
797 2402 901 2440 οὕτως
926 2404 1196 2450 Ἀριστοφάνης-ε

160 2467 241 2503 quae
258 2454 388 2491 iisdem
406 2454 481 2491 fere
499 2455 632 2496 verbis,
648 2454 783 2491 omissa
799 2460 924 2491 tamen
942 2454 1200 2503 Aristophanis

159 2507 348 2549 memoria,
375 2506 421 2543 ab
449 2506 637 2557 Hesychio
663 2507 858 2543 traduntur
882 2513 919 2543 et
946 2507 992 2543 ab
1018 2507 1202 2544 Pausania

160 2559 259 2609 apud
274 2560 511 2596 Eustathium
529 2573 564 2608 p.
586 2562 673 2605 953,
694 2563 756 2597 53.
785 2560 958 2607 Denique
978 2560 1200 2609 Hesychius,

159 2615 457 2660 Ἀπομάκτρας;
486 2613 582 2658 ξύλα.
611 2615 671 2651 τὰς
697 2615 876 2656 σκυτάλας,
904 2614 940 2648 ἐν
962 2611 1014 2650 αἷς
1037 2615 1204 2660 ἀποψῶσι

160 2668 203 2702 τὰ
218 2669 334 2714 μέτρα.
364 2665 500 2702 Forma
516 2667 729 2714 ἀπόμακτρον
753 2665 852 2702 idem
876 2665 992 2701 utitur
1016 2665 1063 2701 ad
1087 2665 1201 2714 expli-

160 2718 317 2755 candum
334 2720 550 2767 ἀπόψηστον.

214 2772 303 2810 587.
325 2769 436 2820 (101.)
458 2771 592 2808 Pollux
610 2770 700 2814 VII,
721 2771 783 2808 22.
814 2773 878 2808 Καὶ
901 2772 1150 2820 ἀρτοστροφεῖν
1167 2772 1203 2807 δὲ

160 2825 408 2873 Ἀριστοφάνης
424 2826 529 2874 λέγει.

212 2891 301 2927 588.
348 2887 460 2939 (102.)
504 2888 736 2938 Phrynichus
779 2889 939 2927 Bekkeri
980 2902 1016 2937 p.
1064 2890 1123 2930 10,
1162 2890 1198 2924 9.

162 2942 443 2980 Ἀσπάλαθος;
473 2943 659 2980 ἀκανθῶδες
676 2944 795 2989 φυτόν.
827 2944 1015 2989 Κλέανδρος
1037 2942 1199 2987 θηλυκῶς,

158 2994 408 3044 Ἀριστοφάνης
425 2996 618 3043 ἀρσενικῶς.

203 3051 303 3093 589.
346 3045 456 3096 (ιο3.)
499 3047 728 3096 Phrynichus
762 3047 924 3084 Bekkeri
959 3060 996 3095 p.
1038 3047 1099 3087 13,
1139 3046 1198 3081 19.

162 3103 342 3139 Αὔεσθαι
366 3104 444 3149 πῦρ
471 3103 525 3137 καὶ
552 3100 792 3137 ἐναῦεσθαιῑ
832 3102 1081 3149 Ἀριστοφάνης
1110 3100 1197 3134 αὐό-

161 3169 296 3201 μενος,
316 3157 477 3201 Κρατῖνος
495 3153 680 3190 ἐναύεσθαι.
1145 3203 1155 3215 Ι

162 3259 336 3308 λεγομένη.
365 3258 615 3307 Ἀριστοφάνης
633 3262 655 3278 “
671 3260 807 3295 Μέλλει
826 3261 862 3296 δὲ
887 3261 1030 3306 πέμπειν
1052 3258 1129 3294 τοὺς
1153 3257 1200 3293 εἷς

162 3310 354 3359 άφορμῆν.”
380 3310 401 3357 ἢ
418 3313 604 3360 πρόφασις,
625 3312 644 3358 ἦ
662 3313 762 3348 αἶτία.
868 3349 870 3353 ,

214 3375 300 3411 591.
345 3374 455 3422 (ιο5.)
498 3374 730 3424 Phrynichus
766 3374 925 3412 Bekkeri
959 3387 995 3423 p.
1038 3372 1095 3415 13,
1134 3375 1196 3409 28.

161 3426 480 3476 Ἀψευδοῦντεςε
511 3427 773 3476 Ἀριστοφάνης.

214 3481 302 3517 592.
333 3478 445 3529 (106.)
475 3479 747 3517 Grammaticus
772 3478 930 3517 Bekkeri
955 3491 992 3528 p.
1018 3477 1106 3520 476,
1134 3479 1196 3515 10.

1295 1813 1381 1848 600.
1403 1809 1515 1859 (114.)
1534 1811 1670 1847 Pollux
1687 1811 1778 1854 VII,
1807 1815 1893 1849 141.
1923 1816 1987 1849 Καὶ
2009 1815 2223 1856 βωλοκοπεῖν
2246 1813 2282 1848 δὲ

1242 1865 1492 1912 Ἀριστοφάνης
1509 1864 1631 1912 εἴρηκε.

1295 1918 1382 1954 601.
1428 1915 1538 1964 (115.)
1577 1917 1813 1966 Phrynichus
1849 1916 2009 1954 Bekkeri
2043 1931 2083 1966 p.
2121 1920 2182 1961 31,
2219 1917 2282 1955 27.

1244 1973 1372 2016 Γαλῆν
1395 1971 1683 2007 καταπέπωκεν
1702 1970 1837 2019 (codex
1864 1972 2158 2018 καταπέπτωκεν);
2189 1971 2282 2018 Ἀρι-

1242 2025 1425 2070 στοφάνης.
1464 2024 1519 2059 ε’πί
1544 2039 1633 2061 τινος
1659 2024 1733 2059 νέου
1764 2025 1808 2069 μὴ
1836 2026 2016 2069 δυναμένου
2052 2024 2281 2071 φθέγξασθαι.

1241 2076 1388 2123 χρήσαιο
1419 2076 1448 2111 δ’
1476 2077 1516 2111 ἂν
1547 2078 1600 2111 καὶ
1631 2077 1730 2113 αὐτὸς
1760 2077 1815 2112 ε’πὶ
1849 2079 1972 2113 παντὸς
2000 2076 2076 2122 (τοῦ
2101 2077 2146 2123 μὴ
2183 2076 2281 2112 addit

1244 2127 1453 2174 Bekkerus)
1474 2129 1719 2177 φθεγγομένου.

1296 2183 1384 2218 602.
1415 2180 1528 2229 (116.)
1556 2181 1768 2230 Etymolog.
1795 2180 1850 2217 M.
1876 2194 1915 2230 p.
1945 2180 2034 2222 229,
2061 2182 2123 2218 40.
2153 2184 2282 2219 Γεισί-

1243 2236 1386 2271 ποδεςε
1432 2236 1524 2281 παρὰ
1557 2236 1597 2270 τὸ
1633 2233 1714 2271 εἶναι
1755 2236 1878 2277 βάσεις
1912 2239 1979 2270 τῶν
2014 2235 2188 2280 θεμελίων.
2230 2238 2285 2273 καὶ

1243 2291 1410 2334 γεισῶσαι
1429 2288 1483 2322 καὶ
1500 2289 1664 2332 γείσωσις
1677 2289 1715 2322 τὸ
1729 2289 1787 2332 τῆς
1799 2289 1862 2335 γῆς
1874 2288 2005 2333 ἕκθεμα.
2033 2287 2284 2334 Ἀριστοφάνης

1244 2341 1279 2375 δὲ
1298 2342 1352 2375 καὶ
1365 2341 1424 2376 τὰς
1442 2339 1508 2376 ὤας
1524 2343 1584 2375 τοῦ
1599 2340 1729 2385 ἱματίου
1742 2343 1843 2387 γεῖσα
1856 2338 1941 2376 εἷπε.
1970 2340 2175 2381 Postrema,
2190 2341 2282 2388 Ἀρι-

1245 2394 1418 2440 οτοφάνης
1427 2412 1480 2418 -
1491 2390 1564 2429 εἶπε
1575 2391 1687 2428 habet
1698 2391 1959 2440 grammaticus
1970 2391 2130 2428 Bekkeri
2140 2405 2178 2441 p.
2195 2392 2283 2437 231,

1245 2446 1279 2481 2.
1310 2444 1374 2480 ubi
1399 2446 1518 2492 γείσας
1544 2444 1729 2492 scriptum.
1770 2443 1867 2480 Vide
1895 2444 2123 2493 Hesychium
2148 2445 2222 2482 vol.
2251 2445 2281 2489 1,

1297 2550 1383 2586 603.
1406 2549 1516 2598 (117.)
1542 2549 1672 2586 Pollux
1697 2549 1747 2594 II,
1777 2552 1837 2588 13.
1866 2553 2051 2598 Γερόντειαι
2073 2553 2282 2600 παλαῖστραι

1244 2605 1334 2649 παρὰ
1346 2601 1598 2649 Ἀριστοφάνει.
1620 2603 1808 2639 Incertum
1818 2608 1936 2651 poetae
1948 2615 2083 2639 nomen
2097 2603 2140 2640 fit
2151 2604 2280 2641 Falck-

1245 2654 1460 2703 enburgiani
1479 2654 1613 2691 codicis
1632 2656 1810 2704 scriptura
1828 2656 2031 2703 Ἀντιφάνει.

1288 2708 1372 2742 604.
1387 2705 1495 2754 (118.)
1512 2707 1732 2757 Hesychius,
1748 2711 2028 2756 Δαφνοπώλην
2046 2711 2104 2746 τὸν
2118 2709 2278 2747 Ἀπόλλω

1242 2761 1414 2806 λέγουσιν,
1434 2762 1478 2798 ὧς
1493 2762 1751 2809 Ἀριστοφάνης.

1296 2826 1385 2860 605.
1425 2825 1532 2871 (119.)
1576 2824 1808 2874 Phrynichus
1847 2824 2006 2862 Bekkeri
2041 2838 2078 2874 p.
2114 2828 2177 2868 35,
2214 2830 2265 2864 30

1244 2878 1492 2922 Διετησίως;
1523 2879 1595 2914 ἀντὶ
1612 2883 1672 2914 τοῦ
1690 2880 1815 2921 διέτως,
1839 2877 1911 2914 οἷον
1933 2878 2007 2914 καθ’
2028 2880 2171 2916 ἕκαστον
2193 2882 2278 2917 ἔτος.

1242 2931 1442 2974 Θουκυδίδης
1461 2933 1514 2966 καὶ
1540 2931 1797 2978 Ἀριστοφάνης.
1826 2930 1939 2978 Apud
1956 2931 2210 2977 Thucydidem
2229 2932 2280 2978 II,

1242 2980 1303 3017 23.
1325 2981 1461 3030 legitur
1479 2983 1612 3021 θυσίαις
1629 2984 1820 3029 διετησίοις.

1294 3035 1380 3070 606.
1398 3033 1508 3084 (120.)
1525 3035 1744 3084 Hesychius,
1765 3039 2011 3084 Apdxacvav:
2041 3038 2101 3083 τὴν
2115 3039 2277 3086 μάστιγα,

1242 3087 1301 3132 τὴν
1317 3088 1498 3134 ὑστριχίδα
1516 3090 1535 3123 ὁ
1552 3089 1813 3136 Ἀριστοφάνης.

1294 3140 1381 3176 607.
1403 3138 1516 3186 (121.)
1537 3139 1743 3177 Scholiasta
1759 3140 1927 3190 Dionysii
1946 3141 2100 3178 Thracis
2117 3141 2156 3178 in
2181 3141 2279 3179 Bek-

1239 3189 1318 3228 keri
1344 3191 1548 3228 Anecdotis
1573 3205 1612 3241 p.
1641 3194 1728 3239 942,
1757 3196 1820 3230 22.
1859 3196 1905 3230 Τὸ
1933 3196 2045 3232 δυάκις
2073 3197 2126 3231 καὶ
2153 3197 2280 3243 τριάκις

1239 3246 1329 3285 παρὰ
1349 3242 1604 3293 Ἀριστοφάνει.

1293 3311 1382 3347 608.
1403 3306 1513 3356 (122.)
1533 3309 1663 3346 Pollux
1680 3308 1731 3351 X,
1751 3310 1812 3347 27.
1834 3308 2278 3377 ’Aptmospdmpc'ssaysistn

1241 3374 1275 3398 v.
1297 3360 1405 3410 265.)
1422 3363 1445 3380 ‘⁶
1460 3362 1662 3410 Προπύλαια
1677 3363 1862 3400 πακτοῦν.”
1883 3366 1935 3400 καὶ
1948 3366 2062 3409 πάλιν,
2078 3368 2280 3402 επιπακτοῦν

1240 3417 1298 3453 τὰς
1315 3415 1429 3462 θύρας.

1294 3476 1381 3513 609.
1405 3473 1515 3523 (123.)
1535 3474 1671 3513 Pollux
1688 3476 1739 3523 11,
1754 3477 1840 3514 199.
1860 3478 1909 3514 Τὰ
1922 3479 1958 3514 δὲ
1971 3478 2055 3525 ὑπὲρ
2068 3478 2146 3516 τοὺς
2158 3476 2282 3529 δοκι-(ιο,
