2488 3860
199 291 283 336 642

244 402 334 439 612.
365 398 639 439 Grammaticus
663 401 825 439 Bekkeri
845 415 882 452 p.
906 405 995 445 338,
1019 404 1078 441 15.
1108 404 1243 452 Ἀγκῦ-

193 471 257 501 ραι
272 470 280 493 :
310 457 347 492 ἐκ
364 458 562 505 μεταφορᾶς
579 459 613 493 αἱ
631 456 832 504 άσφάλειαι.
860 460 1039 506 Σοφοκλῆς

296 510 393 547 Ἀλλ’
414 512 483 547 εἶσὶ
500 513 602 559 μητρὶ
619 513 737 549 παῖδες
758 511 899 560 ἄγκυραι
916 513 1010 556 βίου.

191 561 343 600 Nomen
361 563 508 610 fabulae,
529 566 668 614 Φαίδρα,
688 564 832 601 addunt
852 564 1067 614 Hesychius
1085 563 1122 600 in
1141 565 1245 613 ἄγκυ-

190 632 247 667 ραι
266 621 304 653 et
322 615 457 654 suidas
474 617 513 654 in
530 620 687 666 χαλάσω,
709 618 775 654 sed
792 630 940 656 versum
961 617 1152 655 omittunt.

245 669 334 707 613.
368 670 591 720 Hesychius,
629 672 751 721 ''Ayos
768 686 776 708 ι
828 674 978 721 ἅγνισμα
1018 673 1150 710 θυσίας.
1207 678 1243 708 Σ.

194 726 335 773 Φαίδρα.

245 779 333 815 614.
364 777 581 828 Etymolog.
612 778 670 816 M.
701 792 738 827 p.
773 780 834 822 19,
865 781 928 817 53.
986 782 1050 816 Καὶ
1083 781 1247 817 ἀελλάδες

191 834 303 880 φωναὶ
321 834 413 881 παρὰ
432 835 603 881 Σοφοκλεῖ
620 835 655 870 ἐν
674 833 814 881 Φαίὸρᾳ.
845 833 904 869 Ita
922 833 1041 869 codex
1053 831 1245 868 Leidensis

191 885 290 934 apud
307 884 532 923 Valckenar.
549 887 597 923 ad
616 885 769 935 Hippol.
789 898 829 934 p.
846 888 937 923 291.
966 885 1093 934 Vulgo
1112 887 1244 923 ἄελλαι.

246 940 336 977 615.
357 938 582 989 Hesychius,
593 939 816 977 ’'Auden-*roc
832 955 840 977 z
871 942 910 976 οὐ
928 942 1244 989 παραλογιζόμενοι,

192 993 342 1040 ἀληθεῖς.
400 1000 437 1030 Σ.
459 996 600 1043 Φαίδρα.

246 1048 335 1084 616.
357 1043 581 1097 Hesychius,
592 1048 823 1085 Ἀπέπτυσε
848 1051 1000 1097 λόγους
1018 1062 1025 1084 :
1053 1049 1246 1096 ἀπεμύξατο

191 1101 270 1140 τοὺς
287 1104 424 1150 λόγους.
458 1103 532 1139 ἀντὶ
550 1106 610 1139 τοῦ
629 1103 849 1151 ἀπεστράφη.
907 1109 942 1138 Σ.
963 1103 1106 1150 Φαίδρᾳ.

246 1155 334 1192 617.
365 1155 592 1203 Hesychius,
622 1158 864 1204 Αὐτομόλως
882 1169 889 1191 :
930 1158 1150 1204 προδοτικῶς.
1207 1163 1244 1194 Σ.

192 1210 333 1257 Φαίδρα.

245 1263 335 1299 618.
359 1263 586 1312 Hesychius,
597 1265 780 1313 Ἀψεφές
796 1278 804 1300 :
835 1265 1079 1312 ἀφρόντιστον.
1111 1271 1148 1300 Σ.
1166 1265 1246 1300 Φαί-

191 1318 268 1366 δρᾳ.
324 1315 476 1353 Nomen
511 1317 644 1354 fabulae
682 1329 756 1354 om.
788 1317 1055 1366 grammaticus
1087 1317 1248 1354 Bekkeri

245 1425 334 1461 619.
367 1423 590 1472 Hesychius,
611 1426 847 1461 Κυλλαίνων
874 1426 1002 1461 κάτω;
1034 1432 1069 1461 Σ.
1091 1426 1230 1474 Φαίδρα.

190 1478 234 1514 τὰ
260 1478 330 1514 ὦτα
357 1481 567 1522 καταβαλὼν,
597 1479 680 1527 ὅπερ
712 1477 848 1524 (codex
876 1476 981 1527 ἅπερ)
1011 1481 1042 1515 οἱ
1075 1481 1248 1517 σαίνοντες

195 1531 306 1581 (κύνες
325 1530 409 1567 add.
431 1531 669 1580 Hemsterh.)
688 1536 848 1569 ποιοῦσιν

291 1586 428 1622 ’‘Eo-aw'
449 1587 500 1622 ἐπ’
521 1587 624 1635 οὐρὰν
643 1586 712 1623 ὦτα
730 1588 918 1623 κυλλαίνων
937 1589 1037 1623 κάτω.

193 1637 325 1675 Codex
342 1641 440 1676 ἔσται
459 1641 859 1688 ε’ποῦρανῶτικυθλάννων
878 1642 931 1677 καὶ
950 1643 1002 1678 τὸ.

247 1693 336 1729 620.
368 1693 593 1742 Hesychius,
615 1698 786 1733 Μῶλυςε
817 1698 836 1731 ὁ
863 1695 1005 1742 ἀμαθής.
1058 1701 1094 1732 Σ.
1116 1697 1244 1744 Φαίδρα

193 1748 501 1795 μεμωλυσμένη,
521 1750 715 1797 παρειμένη.

596 1859 845 1889 ΦΘῙΩΤΙΔΕΣ.

246 1921 335 1956 621.
365 1919 587 1956 Aristoteles
605 1920 689 1957 Art.
711 1923 811 1968 poet.
833 1918 984 1957 XVIII.
1019 1922 1249 1971 Τραγῳδία-

192 1975 211 2020 ἡ
230 1975 364 2021 μὲν-ἡ
384 1975 421 2010 δὲ
439 1973 547 2020 ἠθικὴ,
568 1973 639 2011 οῖον
657 1976 691 2010 αἱ
710 1975 889 2011 Φθιώτιδες
908 1975 962 2010 καὶ
981 1977 999 2010 ὁ
1020 1975 1165 2021 Πηλεύς.

249 2029 337 2064 622.
366 2026 530 2063 Joannes
552 2027 726 2064 Damasc.
747 2026 786 2063 in
806 2025 995 2062 Gaisfordi
1020 2027 1178 2076 append.
1201 2027 1247 2063 ad
1280 2049 1289 2063 .

194 2079 389 2118 Stobaeum
417 2079 492 2117 vol.
520 2080 589 2123 IV,
621 2094 659 2130 p.
693 2078 756 2117 35.
804 2078 1022 2129 Σοφοκλέους
1054 2083 1249 2118 Φθιωτίδων

196 2168 332 2215 (codex
351 2132 479 2216 φοιῖοτ)

301 2223 388 2260 Νέος
406 2224 573 2271 πέφυκας·
602 2225 719 2259 πολλὰ
738 2224 791 2258 καὶ
810 2223 929 2269 μαθεῖν
948 2239 990 2259 σε
1009 2225 1061 2260 δεῖ

300 2278 353 2312 καὶ
371 2274 474 2314 πόλλ’
495 2278 639 2314 ἀκοῦσαι
659 2279 712 2314 καὶ
732 2277 956 2313 διδάσκεσθαι
975 2279 1096 2326 μακρά.

300 2332 352 2367 ἀεί
370 2347 402 2368 τι
420 2331 551 2375 βούλου
571 2333 743 2380 χρήσιμον
761 2330 1046 2381 προσμανθάνειν.

249 2383 338 2420 623.
370 2383 511 2421 Gellius
538 2384 589 2420 N.
619 2385 667 2422 A.
698 2380 817 2425 XIII,
852 2385 911 2420 18.
955 2383 1028 2421 Sed
1054 2383 1158 2420 etiam
1187 2383 1246 2420 ille

195 2448 318 2473 versus
335 2450 404 2473 non
422 2439 536 2474 minus·
554 2442 657 2474 notus

300 2493 410 2540 Γέρων
428 2492 572 2543 γέροντα
590 2491 841 2540 παιδαγωγήσω
862 2491 895 2527 σ’
918 2492 984 2540 ἐγώ

195 2547 230 2579 et
248 2542 283 2579 in
302 2540 471 2594 traqoedz‘a
484 2544 652 2593 Sophocli
669 2540 825 2594 scriptus
844 2549 909 2585 est,
924 2544 980 2580 cui
998 2539 1123 2580 titulus
1137 2546 1243 2581 Φθιώ-

1076 293 1477 337 ΣΟΦΟΚΛΕΟΎΣ

1391 402 1525 450 Ὀσμῆς
1542 417 1608 450 μου
1626 403 1718 440 ὅπως
1735 404 1781 451 μὴ
1798 402 2065 454 βαρυνθήσεσθέ
2081 416 2159 454 μου.

1283 456 1358 493 ἀντὶ
1376 460 1448 499 τοῦ,
1468 458 1533 493 ὑπὸ
1551 459 1613 503 τῆς
1630 457 1753 503 ὀσμῆς.
1815 457 1875 495 Ita
1897 458 1975 496 fere
1999 459 2119 496 codex
2136 459 2340 498 Montun-

1284 508 1358 546 sis:
1387 508 1487 545 unde
1505 508 1675 546 trimeter
1693 510 1847 547 confieri
1863 513 1999 560 potest,
2018 514 2152 561 ὀσμῆς
2169 514 2262 552 ὅπως
2278 525 2340 562 μοι

1281 564 1327 610 μὴ
1346 563 1612 611 βαρυνθήσεσθέ
1628 578 1708 610 μου,
1725 569 1837 612 quem
1852 564 1984 612 quibus
2003 565 2082 602 aliis
2095 567 2218 604 modis
2235 567 2341 604 resti-

1282 615 1422 652 tuerint
1448 615 1517 652 viri
1544 615 1646 653 docti
1671 627 1719 652 ex
1743 615 1898 653 Dobraei
1922 617 2160 668 Aristophan.
2187 633 2225 669 p.
2255 619 2340 662 188,

1286 667 1374 705 184.
1406 669 1583 718 cognosci
1610 672 1748 718 potest.
1804 669 1882 706 Alii
1909 670 2080 708 dubitant
2110 685 2158 709 an
2186 673 2267 710 hnc
2294 684 2340 710 ex

1281 720 1419 758 fabulae
1456 722 1663 771 superstitis
1699 733 1809 758 versu
1842 724 1931 760 890.
1966 725 2126 762 conficta
2162 725 2249 768 sint,
2283 728 2340 774 Μὴ

1281 777 1501 824 βαρυνθῶσιν
1519 780 1600 823 κακῇ
1619 777 1710 824 ὀσμῇ
1725 777 1793 824 πρὸ
1813 780 1874 814 τοῦ
1892 778 2039 816 θέοντος.

1337 828 1426 866 628.
1457 829 1679 879 Hesychius,
1701 830 1932 878 Δράκοντος
1965 833 2004 868 τὸ
2023 832 2190 881 κηρύκιον.
2221 839 2259 871 Σ.
2280 841 2338 871 Φι-

1281 883 1442 929 λοκτήτῃ.

1337 937 1426 973 629.
1458 935 1681 985 HesychiUS,
1702 941 1920 987 Δρυοπαγῆ
1948 941 2126 977 στόλονι
2159 942 2219 978 τὸν
2243 943 2337 979 πάσ-

1283 993 1404 1027 σαλον.
1436 997 1473 1026 Σ.
1495 990 1693 1037 Φιλοκτήτῃ.

1337 1045 1424 1080 630.
1457 1043 1680 1093 HesychiuS,
1707 1048 1846 1092 Ζηλῶ;
1875 1047 2057 1095 μακαρίζω.
2085 1052 2122 1086 Σ.
2150 1050 2338 1098 Φιλοκτήτῃ

1283 1099 1319 1135 ἐν
1336 1099 1452 1146 Τροίᾳ.

1338 1152 1427 1188 631.
1457 1150 1679 1200 Hesychius,
1698 1153 1944 1202 Ῥακτηριόις
1971 1155 2226 1204 κέντροιο-ινα
2263 1158 2337 1195 ἀντὶ

1283 1209 1344 1242 τοῦ
1362 1208 1435 1243 ταῖς
1462 1208 1597 1250 κώπαις,
1618 1208 1674 1243 διὰ
1697 1210 1736 1244 τὸ
1761 1209 1978 1257 ἀράττεσθαι.
2008 1211 2063 1246 καὶ
2087 1211 2123 1247 ἐν
2149 1211 2337 1259 Φιλοκτήτῃ

1283 1263 1330 1309 τῷ
1352 1260 1388 1296 ἐν
1406 1261 1509 1308 Τροίᾳ

1388 1314 1488 1360 Μέλῃ
1506 1317 1600 1358 βοῶν
1618 1315 1746 1352 ἄναυδα
1764 1318 1818 1353 καὶ
1835 1317 1996 1366 ῥακτήρια

1282 1367 1356 1404 ἀντὶ
1375 1371 1435 1404 τοῦ
1453 1369 1606 1416 ψοφώδη
1626 1371 1680 1406 καὶ
1699 1371 1889 1419 θορυβώδη.

1338 1421 1428 1457 632.
1456 1421 1519 1457 Ad
1545 1421 1640 1458 hanc
1666 1422 1842 1466 fabulam,
1863 1436 1973 1472 quam
2001 1423 2196 1474 satyricam
2224 1425 2338 1464 fuisse

1283 1473 1445 1521 conjicit,
1473 1474 1711 1512 Hermannus
1734 1476 1773 1512 in
1796 1477 1940 1525 praefat.
1968 1478 2016 1514 ad
2042 1477 2199 1516 Philoct.
2226 1491 2266 1528 p.
2285 1479 2336 1517 X.

1283 1525 1397 1563 refert
1414 1538 1542 1564 versus
1568 1527 1641 1564 duo
1661 1541 1753 1577 quos
1778 1529 1826 1566 ad
1845 1529 2093 1567 Philoctetam
2117 1531 2236 1579 dictos
2259 1532 2338 1570 sine

1283 1585 1403 1627 poetae
1438 1580 1589 1617 nomine
1625 1582 1749 1619 attulit
1784 1582 2005 1620 Plutarchus
2037 1583 2117 1621 Vit.
2149 1596 2188 1634 p.
2225 1587 2273 1623 89
2301 1595 2335 1625 θ’.

1286 1633 1424 1670 Moral.
1445 1646 1482 1682 p.
1506 1634 1580 1671 789
1600 1647 1634 1671 a.

1390 1689 1448 1725 Τίς
1466 1688 1495 1724 δ’
1515 1689 1557 1725 ἄν
1575 1705 1618 1725 σε
1637 1690 1766 1737 νύμφη,
1784 1692 1836 1728 τίς
1855 1692 1892 1727 δὲ
1910 1692 2078 1740 παρθένος
2095 1693 2153 1729 νέα

1391 1742 1514 1787 δέξαιτ’
1534 1743 1598 1787 ἅν;
1629 1743 1666 1780 εὖ
1683 1747 1767 1792 γοῦν
1786 1746 1831 1782 ὣς
1847 1748 1968 1794 γαμεῖν
1985 1747 2076 1794 ἔχεις
2093 1748 2209 1786 τάλας.

1664 1863 1826 1894 ΦΙΝΕΥΣ
1853 1865 1895 1894 A.
1917 1865 1955 1895 B.

1337 1941 1427 1978 633.
1458 1941 1669 1980 Scholiasta
1681 1942 1869 1992 Apollonii
1886 1944 2024 1982 Rhodii
2042 1945 2094 1988 ΙΙ,
2113 1946 2200 1984 178.
2229 1947 2335 1996 Ἐπη-

1281 1996 1372 2043 ρώθη
1392 1997 1429 2032 δὲ
1456 1998 1516 2035 τὰς
1543 1997 1645 2046 ὄψεις
1672 2000 1691 2033 ὁ
1720 1999 1836 2036 Φινεὺς
1863 2001 1946 2035 κατὰ
1971 2001 2034 2047 μὲν
2061 2001 2168 2039 ένίους
2192 2003 2258 2038 ὑπὸ
2275 2008 2337 2040 τοῦ

1294 2051 1416 2093 Ηλίου,
1445 2052 1501 2087 διὰ
1527 2051 1566 2087 τὸ
1593 2052 1704 2088 πολὺν
1729 2054 1855 2100 χρόνον
1882 2054 2018 2100 αἰτῆσαι
2047 2058 2181 2101 μᾶλλον
2213 2058 2282 2104 (ἣν,
2315 2058 2335 2104 ἢ

1280 2104 1434 2147 βλέπειν·
1466 2106 1548 2140 κατὰ
1567 2106 1603 2141 δέ
1623 2106 1742 2148 ἐνίους,
1764 2108 1816 2142 ὅτι
1835 2107 2068 2150 ἐπεβούλευσε
2085 2112 2226 2158 Περσεῖ.
2272 2117 2334 2147 Σο-

1282 2159 1415 2205 φοκλῆς
1442 2159 1490 2200 δὲ,
1520 2158 1572 2194 ὅτι
1599 2159 1679 2196 τοὺς
1705 2161 1741 2195 ἐκ
1768 2162 1988 2209 Κλεοπάτρας
2015 2162 2106 2200 υἱοὺς
2133 2163 2336 2211 ἐτύφλωσεν

1274 2211 1427 2259 *Οαρθον
1456 2213 1510 2248 καὶ
1541 2214 1707 2261 Κράμβιν,
1735 2215 1890 2252 πεισθεὶς
1921 2216 2098 2260 διαβολαῖς
2127 2216 2251 2255 Ἰδαίας
2276 2221 2336 2266 τῆς

1281 2267 1390 2301 αὐτῶν
1420 2270 1594 2314 μητρυιᾶς.
1650 2265 1858 2303 Scholiasta
1894 2265 2090 2316 Sophoclis
2121 2269 2170 2306 ad
2199 2270 2332 2321 Antig-

1281 2319 1371 2361 970,
1393 2317 1471 2354 aliis
1489 2318 1701 2355 nominibus
1720 2318 1928 2368 Cleopatrae
1947 2320 2042 2357 filios
2061 2322 2234 2371 appellat.

1335 2371 1425 2408 634.
1454 2371 1724 2420 Aristophanes
1742 2372 1855 2409 Pluto
1873 2385 1909 2410 v.
1933 2374 2022 2411 635.

1385 2424 1649 2473 Ἐξωμμάτωται
1667 2428 1720 2462 καὶ
1739 2428 1995 2475 λελάμπρυνται
2014 2431 2126 2477 κόρας.

1280 2476 1344 2514 ubi
1363 2477 1572 2522 scholiasta,
1593 2481 1654 2516 Ἐκ
1672 2481 1796 2518 Φινέως
1815 2483 2032 2528 Σοφοκλέους
2051 2485 2069 2519 ὁ
2089 2484 2221 2531 στίχος.

1335 2531 1424 2568 635.
1455 2531 1586 2569 Pollux
1604 2533 1695 2575 VII,
1721 2535 1806 2571 193.
1836 2537 1882 2571 Τὸ
1907 2537 1944 2572 δὲ
1969 2541 2036 2580 τῶν
2054 2537 2213 2584 καπήλων
2231 2540 2330 2588 ἐργα-

195 2599 284 2635 τιδες
310 2602 345 2633 et
371 2598 408 2634 in
434 2592 588 2635 Bacchis
615 2598 799 2647 Euripidi.
856 2594 1039 2636 Φθιώτιδες
1065 2598 1244 2634 correctio
1281 2585 1420 2633 oerr'ypwu
1444 2590 1626 2633 xanqxezov
1651 2587 1824 2635 εἷρῆκασίν
1848 2591 1880 2625 ’ἶ
1904 2592 2258 2640 Κωμῳδθδιδάσκαλθῆ
2277 2595 2332 2630 Καὶ

199 2649 407 2687 Casauboni
434 2657 503 2688 est.
558 2645 686 2701 Vulgo
710 2652 905 2700 φυλέτιδες,
932 2644 1031 2700 quod
1055 2645 1116 2687 alii
1140 2651 1245 2688 aliter
1279 2639 1319 2675 Τὂ
1338 2641 1600 2690 Κωμφδθῦμενον
1619 2643 1654 2678 ἐν
1672 2643 1888 2689 Σθφθκλέθυς
1907 2648 1999 2681 Φινεῖ

198 2708 451 2741 correxerunt.

248 2755 338 2793 624.
370 2756 643 2795 Grammaticus
662 2756 823 2795 Bekkeri
841 2771 877 2806 p.
897 2761 984 2799 128,
1006 2759 1041 2794 3.
1063 2756 1131 2796 *Αν
1146 2758 1244 2804 (συν-

1394 2695 1575 2743 Βλέφαρον
1594 2696 1750 2742 κέκλῃταί
1767 2697 1811 2745 γ’,
1833 2698 1877 2734 ὡς
1895 2699 2076 2745 καπηλείου
2095 2699 2204 2748 θύραι.

1336 2750 1424 2786 636.
1455 2747 1661 2786 Athenaeus
1688 2747 1760 2791 III,
1789 2762 1825 2798 p.
1860 2750 1933 2786 119
1961 2763 1993 2788 c.
2027 2755 2207 2801 Σοφοκλῆς
2235 2755 2265 2792 τ’
2297 2756 2332 2792 ἐν

196 2811 379 2856 τάσσεται)
400 2813 653 2861 παρακειμένοις
672 2814 725 2849 καὶ
745 2814 1054 2861 ὑπερσυντελίκοις.
1086 2819 1121 2849 Σ.
1136 2813 1245 2849 Φθιώ-
1281 2806 1374 2839 Φινεῖ
1391 2805 1458 2850 ἔφη

197 2880 288 2901 τισιν

567 2920 611 2956 Ἡ
629 2923 858 2970 πατροκτόνος
877 2921 950 2967 δίκη

304 2973 432 3018 κε’κλητ’
453 2974 493 3009 ἂν
511 2975 611 3023 αὐτῷ.

251 3026 339 3061 625.
369 3024 503 3061 Strabo
523 3025 590 3070 IX,
610 3039 646 3074 p.
667 3028 757 3062 433.
790 3027 886 3064 Οὕτω
907 3030 962 3064 καὶ
982 3030 1164 3075 Σοφοκλῆς
1187 3029 1248 3074 τὴν

197 3080 379 3126 Τραχινίαν
410 3076 553 3116 Φθιῶτιν
582 3080 720 3128 εἴρηκεν.
778 3078 840 3116 Ad
873 3075 1108 3116 Phthiotides
1136 3080 1248 3116 refert

198 3131 399 3168 Elmsleius
424 3131 472 3167 ad
496 3126 623 3181 Eurip.
647 3128 836 3169 He’raelid.
858 3146 894 3170 v.
918 3136 1005 3171 194.
1033 3139 1070 3170 et
1098 3133 1249 3182 corrigit

200 3187 260 3232 τὴν
277 3188 437 3234 Τραχῖνα.

435 3280 722 3314 ΦΙΛΟΚΤΗΤΗΣ
751 3284 811 3314 ΕΝ
840 3285 997 3316 ΤΡΟΙΑῙ.

254 3346 342 3382 626.
373 3344 543 3382 Stobaeus
562 3340 704 3387 CXXI,
729 3346 764 3383 7.
795 3354 831 3383 Σ.
855 3348 1062 3394 Φιλοκτήτου
1077 3351 1085 3358 “

304 3399 402 3435 Ἀλλ’
423 3400 501 3436 ἔσθ’
523 3402 541 3435 ὁ
561 3400 701 3436 θάνατος
719 3402 861 3437 λοῖσθος
881 3402 934 3436 ῖατ·
979 3418 994 3439 ς
1013 3405 1134 3439 νόσων.

254 3454 342 3490 627.
374 3451 584 3488 Priscianus
615 3446 766 3487 XVIII.
799 3447 874 3488 vol.
904 3417 1025 3501 Ifiop.
1065 3457 1151 3492 180.
1186 3454 1244 3491 ed.

204 3503 333 3543 Krehl.
362 3507 541 3556 Σοφοκλῆς
560 3504 596 3543 ἕν
615 3504 801 3554 Φιλοκτήτῃ
821 3509 867 3559 τῷ
887 3508 921 3543 ἐν
939 3509 1041 3557 Τροίᾳ

1388 2856 1516 2904 Νεκρὸς
1533 2859 1672 2905 τάριχος
1690 2858 1828 2905 εἰσορᾶν
1846 2859 2039 2907 Αἰγύπτιος.

1337 2909 1424 2947 637.
1467 2909 1689 2958 Stephanus,
1734 2914 1913 2960 Βόσπορος
1930 2933 1983 2940 -—
2001 2916 2180 2962 Σοφοκλῆς
2219 2916 2249 2953 δ’
2296 2917 2333 2954 ε’ν

1283 2965 1376 2999 Φινεῖ
1400 2965 1521 3013 πρώτῳ
1550 2965 1606 3000 διὰ
1632 2965 1825 3014 διφθόγγου
1851 2967 1912 3012 τὴν
1939 2969 2005 3015 πρὸ
2032 2969 2154 3007 τέλους
2175 2971 2266 3018 φησὶ
2291 2973 2331 3008 τὸ

1283 3016 1396 3065 κύριον
2204 3024 2207 3029 “

1392 3071 1470 3107 Οὐδ’
1491 3072 1531 3107 ἂν
1548 3073 1587 3108 τὸ
1607 3074 1818 3120 Βοσπόρειον
1836 3070 1871 3108 ε’ν
1889 3073 2029 3114 Σκύθαις
2046 3075 2149 3126 ὕδωρ.

1338 3124 1427 3159 638.
1458 3123 1683 3172 Hesychius,
1711 3126 2005 3165 Ἀπενώτισαν;
2043 3131 2268 3180 ἀπέστρεψαν
2289 3134 2331 3170 τὰ

1285 3181 1383 3213 νῶτα.
1413 3182 1448 3212 Σ.
1470 3181 1572 3213 Φινεῖ.

1340 3230 1430 3266 639.
1459 3228 1682 3279 Hesychius,
1702 3233 1945 3282 Ἀρτύμασι;
1978 3240 2049 3275 τοῖς
2071 3237 2158 3286 πρός
2183 3239 2245 3286 τὴν
2269 3239 2329 3277 θυ·

1286 3318 1364 3353 σίαν
1381 3318 1681 3365 εὐτρεπιζομένοις.
1711 3326 1749 3356 Σ.
1770 3297 1880 3369 <paneis
1938 3322 1998 3359 Ita
2015 3324 2145 3367 codex,
2164 3329 2207 3362 ut
2224 3324 2329 3363 dubi-

1284 3402 1356 3438 tari
1369 3402 1486 3451 possit
1504 3408 1630 3440 utrum
1649 3411 1742 3443 4>me
1759 3387 1783 3442 ‘ci’
1798 3419 1845 3443 an
1862 3386 1890 3452 ἒ
1906 3409 2174 3447 restituendum
2193 3411 2253 3450 sit.

1338 3456 1426 3492 640.
1458 3455 1683 3505 Hesychius,
1729 3461 1975 3508 Ἀχάλκευτα
2028 3464 2229 3512 τρύπαναε
2287 3468 2330 3503 τὸ

1284 3507 1412 3558 Φρύγια
1429 3513 1560 3560 πυρεῖα·
1590 3518 1627 3551 Σ.
1649 3516 1740 3552 Φινεῖ
1757 3515 1913 3568 δευτέρῳ.
1972 3515 2102 3556 Codex
2118 3519 2219 3570 φηνεὶ
2233 3521 2301 3565 βω.
