2488 3860
200 279 280 326 662

294 396 339 442 μὴ
358 397 447 443 δρῶν
465 395 492 431 δ’
513 394 567 431 ὑπ’
589 395 690 432 αὐτοῦ
709 396 768 438 τοῦ
786 392 1009 441 διδάσκεσθαι
1026 393 1143 440 φιλεῖν

295 449 520 497 ἀφαιρεθήσει
536 451 687 497 χάριτας,
707 448 760 494 αἷς
777 450 903 495 τιμῶσί
920 464 975 484 σε.

243 501 371 551 (136.)
393 515 445 548 27,
467 509 518 539 28-
549 501 723 549 Stobaeus
744 501 826 544 CV,
848 503 910 537 32.

296 557 365 596 Οὐκ
383 558 479 592 ἔστιν
497 555 594 598 ὅστις
611 556 752 602 εὐτυχὴς
771 557 839 604 ἔφυ
855 557 1001 603 βροτῶν,

294 608 322 659 ᾧ
340 610 384 656 μὴ
403 612 442 646 τὸ
463 610 553 646 θεῖον
571 610 618 646 εἷς
635 611 678 649 τὰ
695 611 810 647 πολλὰ
828 609 991 657 συνθέλῃ.

243 661 378 698 Perseo
400 662 448 703 ad
466 666 653 705 certarnen
677 661 828 709 abeunti
849 660 1068 703 Welckerus
1092 672 1128 710 p.
1154 658 1227 697 656

192 715 470 752 Andromedam
510 714 646 751 dixisse
689 716 894 764 suspicatur
935 725 1094 754 versum,
1133 723 1241 759 quem

192 767 383 816 Aristoph.
402 767 553 812 Thesm.
580 768 691 806 1134.
711 767 847 814 babet:

299 823 474 869 Μέμνησο,
495 825 644 870 Περσεῦ,
664 822 697 869 μ’
718 823 763 868 ᾧς
781 822 990 868 καταλείπεις
1008 821 1139 862 ἀθλίαν.

192 874 258 911 sed
282 880 490 922 anapaestus
514 875 552 911 in
577 880 707 922 quarto
731 874 826 923 pede
851 873 973 923 prodit
998 885 1082 908 eum
1107 884 1154 908 ex
1179 882 1240 906 co-

1098 262 1428 314 Eremmo‘r

1708 378 1887 430 Χρήμασιν
1904 381 1970 431 γὰρ
1990 380 2133 429 εὐτυχῶ,
2160 425 2162 427 ¹

1384 442 1458 479 ταῖς
1475 439 1692 488 συμφοραῖσι
1710 437 1753 478 δ’,
1774 437 1819 473 ὣς
1837 435 1928 484 ὁρᾷς,
1947 437 2007 480 οὐκ
2025 437 2168 483 εὐτυχῶ.

1334 493 1461 541 (142.)
1482 508 1534 537 34.
1566 490 1738 527 Stobaeus
1761 486 1884 529 CXII,
1905 489 1942 533 4,
1964 487 2017 538 (in
2038 488 2154 525 Paris.
2176 486 2224 523 A.
2245 499 2328 524 curn

1277 546 1451 583 lemmate
1470 546 1654 594 Εὐριπίδου
1667 542 1905 590 Ἀνδρομέδας,
1920 541 1959 587 in
1977 541 2126 589 reliquis
2144 543 2227 590 Εὐρ.
2252 543 2328 578 Ἀν-

1278 598 1467 649 δρομάχης)
1488 605 1525 634 et
1542 596 1676 633 fabulae
1694 595 1805 632 titulo
1824 594 1961 630 omisso
1978 593 2027 636 V,
2053 595 2112 631 17.

1383 655 1450 690 Τὰς
1469 653 1652 699 συμφορὰς
1669 652 1735 698 γὰρ
1754 653 1820 685 τῶν
1838 651 1944 685 κακῶς
1961 651 2184 700 πεπραγότων

1384 708 1423 742 οὗ
1441 707 1576 743 πώποθ’
1596 704 1724 752 ὕβρισ’,
1745 705 1846 740 αὐτὸς
1863 703 2168 750 ὀρρωδῶνπαθεῖν.

1331 757 1457 808 (143.)
1479 775 1534 805 35.
1565 757 1735 794 Stobaeus
1754 754 1838 798 LII,
1856 755 1892 791 2‘.
1913 754 2046 792 Arsen.
2062 753 2164 795 Viol.
2183 768 2220 809 p.
2238 756 2312 792 365

1278 813 1337 850 ed.
1358 812 1479 849 Walz.
1501 812 1578 848 sine
1597 809 1744 846 nomine
1763 807 1923 844 auctoris
1942 812 1980 843 et
1997 807 2130 844 fabulae
2159 815 2161 817 “

1385 869 1514 912 Νεότης
1531 866 1565 912 μ’
1586 866 1688 912 ἐπῆρε
1706 865 1760 900 καὶ
1779 863 1900 900 σθένος
1919 865 1978 905 τοῦ
1996 865 2054 898 νοῦ
2072 862 2190 908 πλέον.

191 927 328 964 moedia
344 927 660 975 fluxisse-Ejus
679 927 818 974 abitum
831 939 919 964 vero
938 925 1042 969 chori
1059 924 1242 968 canticum
1280 919 1339 956 Cf.
1361 919 1454 968 fgm.
1476 916 1663 955 XXXIV.

191 980 337 1026 videtur
372 986 569 1029 sequutum
604 992 697 1022 esse,
727 980 833 1028 cujus
867 978 1040 1027 reliquias
1076 977 1159 1014 vide
1196 988 1242 1012 an

191 1033 393 1079 habeamus
404 1033 443 1077 in
454 1033 629 1082 praeclaro
643 1033 828 1082 poematio
842 1033 887 1068 ab
902 1032 1087 1069 Athenaeo
1098 1035 1243 1072 servato

196 1085 262 1130 (cf.
282 1085 355 1122 inc.
375 1086 450 1123 fab.
475 1086 568 1135 fgm.
595 1086 732 1132 CLV.)
760 1091 797 1122 et
818 1085 856 1121 in
879 1097 1000 1125 versu,
1021 1096 1130 1131 quem
1156 1084 1241 1120 Plu-

192 1138 344 1184 tarchus
381 1138 510 1189 Symp.
542 1139 611 1180 IX,
649 1141 708 1176 15.
743 1138 797 1188 (p.
834 1138 920 1182 747.
955 1136 1023 1185 D.)
1055 1138 1242 1183 memoriae

193 1191 357 1234 tradidit,
386 1191 467 1235 haec
500 1192 662 1232 scribens
678 1194 873 1230 ;--πολλὰς
905 1193 942 1227 δὲ
974 1192 1030 1227 καὶ
1066 1193 1243 1228 συνθέσεις

193 1249 261 1281 τῶν
282 1246 453 1293 ὀνομάτων
475 1248 556 1291 κατὰ
580 1246 671 1293 μέλη
695 1251 876 1294 μιμητικῶς
900 1246 1170 1292 σχηματίζουσιν
1194 1244 1244 1294 (οἱ

194 1298 358 1347 ποιηταὶ),
380 1301 424 1337 ὡς
442 1302 624 1349 Εὐριπίδης

299 1354 339 1389 ‘O
357 1355 540 1401 πετόμενος
560 1356 648 1401 ἱερὸν
665 1354 727 1389 ἀνὰ
747 1354 826 1390 Διὸς
844 1352 959 1401 αἰθέρα
976 1354 1205 1401 γοργοφόνος.

247 1404 377 1454 (137.)
397 1422 450 1453 ²9·
480 1406 652 1453 Carmine
677 1406 780 1442 chori
801 1405 906 1441 finito
929 1406 1079 1442 nuntius
1103 1405 1142 1441 in
1164 1417 1242 1441 sce-

195 1470 282 1505 nam
313 1459 504 1507 processit,
534 1459 595 1507 qui
625 1458 905 1495 Andromedam
938 1458 1176 1507 chorumque,
1207 1463 1245 1494 et

194 1511 361 1548 fortassis
374 1512 486 1548 etiam
501 1511 704 1560 Cepheum,
721 1523 828 1559 quem
844 1510 954 1547 anxio
968 1511 1090 1547 animo
1103 1525 1244 1563 pugnae

196 1569 369 1601 eventum
388 1570 664 1614 exspectantem
679 1563 870 1600 advenisse
883 1564 1071 1612 probabile
1086 1570 1155 1608 est,
1171 1579 1246 1602 non

195 1617 309 1654 modo
336 1617 382 1654 de
410 1617 620 1654 certaminis
648 1617 750 1653 exitu
777 1616 951 1661 certiores
982 1616 1151 1661 faciebat,
1181 1619 1247 1655 sed

195 1683 359 1719 pugnam
382 1670 501 1719 ipsam
527 1672 674 1719 copiose
700 1669 943 1706 describebat.
1001 1669 1087 1714 Qua
1111 1684 1158 1708 ex
1183 1671 1245 1708 de-

198 1723 393 1772 scriptione
425 1723 494 1760 nisi
524 1723 619 1760 forte
647 1723 800 1760 ductum
828 1728 884 1759 est
915 1723 1010 1772 fgm.
1039 1723 1129 1770 XX,
1156 1725 1248 1761 nihil

196 1782 332 1825 praeter
373 1788 501 1813 versus
549 1782 729 1825 superest,
769 1788 862 1824 quos
903 1776 1106 1819 Athenaeus
1153 1778 1245 1827 (XI.

196 1842 234 1878 p.
260 1829 335 1869 477
373 1830 443 1877 A.)
471 1830 630 1867 servavit
654 1829 733 1866 haec
759 1829 973 1879 disputans:
1008 1835 1248 1880 Νεοπτόλεμος

197 1885 235 1920 δὲ
253 1886 271 1919 ὁ
290 1886 460 1934 ῌᾳριανὸς
478 1885 513 1921 ἐν
530 1886 632 1934 τρίτῳ
651 1887 828 1923 Γλωσσῶν
849 1885 888 1919 τὸ
908 1885 1064 1921 κίσσινον
1084 1886 1246 1935 ποτήριον

198 1938 371 1984 σημαίνειν
389 1935 605 1986 (κισσύβιον)
625 1938 704 1987 παρ’
725 1938 899 1985 Εὐριπίδῃ,
921 1938 956 1973 ἐν
973 1938 1181 1988 Ἀνδρομέδᾳ

303 2010 672 2019 —————
697 1995 764 2030 πᾶς
782 1993 818 2027 δέ
837 1991 1005 2036 ποιμένων
1023 1989 1111 2046 ἔρρει
1130 1997 1216 2038 λεὼς

303 2047 321 2079 ὁ
339 2046 401 2090 μὲν
418 2047 585 2093 γάλακτος
603 2047 759 2082 κίσσινον
777 2047 894 2093 φέρων
911 2045 1066 2093 σκύφος,

302 2100 412 2135 πόνων
430 2100 650 2147 ‹ivawltvtet-r'jp’⁹
671 2103 689 2135 ὁ
708 2101 738 2135 δ’
757 2099 917 2145 ἀμπέλων
934 2102 1048 2147 γάνος.

251 2149 378 2199 (138.)
397 2167 449 2196 30.
479 2152 718 2188 Andromeda
749 2152 870 2188 soluta
897 2150 1056 2188 Perseus
1089 2153 1135 2194 ab
1167 2154 1246 2202 ejus

197 2209 301 2252 patre
329 2203 480 2253 Cepheo
507 2205 667 2253 petebat,
694 2210 738 2241 ut
765 2205 833 2241 sibi
860 2205 971 2246 illam,
1000 2218 1108 2255 quam
1138 2212 1247 2243 antea

197 2255 272 2304 jam
291 2263 493 2304 sponserat,
515 2258 698 2294 connubio
719 2270 816 2294 nunc
829 2258 1018 2305 jungeret.
1074 2258 1247 2308 Cepheus

199 2321 285 2345 vero
303 2309 442 2346 interea
466 2310 658 2346 consilium
676 2323 782 2347 suum
805 2317 1011 2347 mutaverat
1027 2327 1035 2348 :
1066 2325 1147 2360 quae
1165 2325 1245 2348 mu-

197 2361 289 2398 tatio
334 2363 464 2410 quibus
507 2363 625 2403 causis
670 2365 802 2400 effecta
844 2363 902 2406 sit,
942 2376 989 2400 ex
1028 2364 1246 2414 fragmentis

199 2415 373 2463 cognosci
392 2415 538 2464 nequit;
569 2429 615 2452 ex
632 2417 860 2466 Apollodoro
878 2417 905 2453 1.
926 2429 957 2453 c.
978 2423 1104 2454 tamen
1122 2418 1246 2467 colligi

198 2472 334 2515 potest,
357 2468 547 2510 Phineum,
576 2469 716 2518 Cephei
740 2470 905 2511 fratrem,
930 2470 988 2516 cui
1013 2476 1097 2507 ante
1123 2471 1246 2507 Persei

200 2519 398 2556 adventum
417 2521 656 2558 Andromeda
668 2523 849 2571 promissa
865 2522 947 2564 fuit,
964 2523 1124 2560 maxime
1142 2524 1246 2560 fratri

199 2571 290 2609 illud
310 2573 583 2612 matrimonium
606 2575 943 2612 dissuasisse.—At
959 2588 1047 2612 vero
1073 2576 1246 2625 Cepheus

200 2623 263 2661 vix
280 2626 404 2662 statim
423 2632 584 2671 mentem
607 2640 710 2664 suam
731 2629 937 2677 patefacere
960 2641 1069 2665 ausus
1091 2635 1159 2671 est,
1180 2629 1246 2666 sed

200 2677 301 2723 haud
315 2678 421 2714 dubie
436 2678 569 2716 Perseo
582 2681 722 2728 petenti
736 2681 893 2729 primum
906 2681 1079 2730 ambigue
1093 2695 1244 2732 respon-

202 2729 256 2773 dit
282 2735 320 2767 et
342 2730 594 2768 vehementius
620 2733 751 2770 deinde
779 2734 910 2770 eodem
934 2741 1090 2783 urgente
1117 2735 1244 2772 tacuit.

201 2780 358 2819 Dicebat
374 2783 486 2832 igitur
504 2785 680 2822 Perseus:
711 2786 899 2835 (Stobaeus
919 2785 1106 2831 XXXIV,
1131 2789 1195 2835 12)

308 2840 428 2884 Σιγᾷς;
457 2839 567 2884 σιωπὴ
587 2840 615 2874 δ’
635 2841 762 2888 ἄπορος
780 2842 938 2888 ἑρμηνεὺς
955 2845 1082 2890 λόγων.

1332 971 1458 1021 (144.)
1478 977 1533 1018 36.
1555 970 1726 1008 Stobaeus
1745 968 1900 1010 XXIX,
1920 968 1984 1005 57.

1388 1025 1476 1072 [Οὐκ
1494 1027 1641 1074 αἰσχρὸν
1659 1025 1757 1060 οὐδὲν
1774 1028 1840 1059 τῶν
1858 1024 2043 1070 ἀναγκαίων
2059 1021 2229 1074 βροτοῖς“]

1383 1080 1462 1115 ἀλλ’
1482 1079 1545 1126 ἡδύ
1563 1095 1615 1116 τοι
1634 1078 1787 1118 σωθέντα
1804 1078 1994 1125 μεμνῆσθαι
2010 1080 2134 1114 πόνων.

1280 1132 1339 1169 Cf.
1360 1131 1455 1181 fgm.
1477 1131 1675 1169 XXXIV.

1333 1186 1462 1235 (145.)
1480 1198 1535 1232 37.
1566 1185 1741 1222 Stobaeus
1759 1183 1912 1227 XXIX,
1934 1185 1997 1220 20.

1384 1242 1549 1276 Εὔκλειαν
1567 1241 1699 1283 ἔλαβον
1716 1240 1775 1274 οὐκ
1793 1239 1870 1275 ἄνευ
1888 1240 2029 1274 πολλῶν
2045 1239 2169 1287 πόνων.

1280 1292 1339 1330 Cf.
1360 1292 1454 1341 fgm.
1477 1293 1670 1330 XXXIV.

1332 1343 1460 1396 (146.)
1479 1354 1533 1392 38.
1566 1345 1737 1388 Stobaeus
1757 1342 1961 1386 LXXVII,
1985 1347 2046 1391 12.

1383 1401 1474 1449 Ἐγὼ
1494 1403 1531 1437 δέ
1549 1402 1671 1438 παῖδας
1689 1402 1748 1436 οὐκ
1767 1401 1810 1435 ἐῶ
1829 1400 1948 1436 νόθους
1964 1401 2097 1440 λαβεῖν·

1385 1459 1452 1491 τῶν
1468 1456 1618 1503 γνησίων
1634 1456 1701 1502 γὰρ
1720 1455 1818 1490 οὐδὲν
1835 1453 1928 1490 ὅντες
1946 1454 2068 1499 ἐνδεεῖς

1387 1510 1478 1558 νόμῳ
1497 1513 1670 1545 νοσοῦσιν·
1702 1508 1722 1543 ὅ
1740 1524 1782 1544 σε
1800 1508 2022 1552 φυλάξασθαι
2039 1508 2160 1555 χρεών.

1337 1559 1464 1609 (147.)
1493 1578 1547 1608 39.
1578 1561 1750 1598 Stobaeus
1768 1558 1925 1601 LXIII,
1947 1561 2008 1610 22.

1382 1614 1488 1651 Ὅσοι
1506 1618 1572 1665 γὰρ
1592 1617 1638 1653 εἷς
1656 1617 1764 1663 ἔρωτα
1780 1615 1965 1650 πίπτουσιν
1981 1616 2126 1662 βροτῶν,

1388 1670 1523 1706 ἐσθλῶν
1541 1671 1622 1706 ὅταν
1639 1669 1770 1716 τύχωσι
1788 1672 1855 1704 τῶν
1873 1668 2056 1717 ἐρωμένων,

1388 1724 1448 1759 οὐκ
1467 1724 1541 1760 ἔσθ’
1561 1724 1679 1760 ὁποίας
1697 1724 1847 1759 λείπεται
1865 1723 1936 1759 τόθ’
1956 1721 2088 1768 ἡδονῆς.

1339 1774 1465 1824 (148.)
1483 1793 1537 1821 40·
1560 1774 1732 1812 Stobaeus
1749 1774 1894 1819 LXIV,
1918 1771 1971 1812 7.'

1380 1829 1516 1878 ’Ἔρωτα
1537 1833 1645 1867 δεινὸν
1663 1832 1796 1877 ἔχομεν·
1825 1830 1861 1865 ἐκ
1879 1831 1915 1865 δὲ
1934 1833 2000 1865 τῶν
2017 1830 2131 1876 λόγων

1388 1886 1468 1920 ἑλοῦ
1487 1887 1528 1921 τὰ
1545 1879 1730 1928 βέλτισθ’,
1746 1886 1790 1930 ὥς
1807 1883 1836 1919 τ’
1856 1884 2002 1919 ἄπιστόν
2020 1882 2090 1918 ἐστ’
2111 1883 2194 1930 ἕρφς

1389 1939 1449 1974 κάν
1466 1942 1512 1988 τῷ
1532 1939 1679 1987 κακίστῳ
1697 1942 1764 1974 τῶν
1781 1939 1916 1985 φρενῶν
1933 1938 2034 1972 οἷκεῖν
2051 1937 2159 1983 φιλεῖ.
2254 1974 2258 1977 μ

1333 1986 1463 2040 (149.)
1483 2008 1538 2037 4¹·
1562 1991 1732 2027 Stobaeus
1757 1989 1835 2031 Ecl.
1858 1989 1964 2039 phys.
1986 1989 2019 2034 Ι,
2040 1990 2077 2032 4,
2099 1989 2162 2025 23.
2182 2000 2220 2036 p.
2244 1989 2317 2024 118

1282 2042 1339 2081 ed.
1361 2043 1475 2080 Heer.
1497 2057 1530 2081 c.
1550 2043 1676 2080 lemm.
1699 2045 1781 2092 Εὗρ.
1801 2045 2027 2097 Ἀνδρομάχῃ.
2186 2043 2188 2048 ’
2228 2052 2231 2058 “

1386 2098 1453 2144 Τήν
1470 2115 1522 2135 τοι
1542 2099 1643 2144 Δίκην
1659 2098 1803 2146 λέγουσι
1820 2098 1911 2142 παῖδ’
1931 2096 2012 2134 εἶναι
2030 2098 2121 2137 Διὸς,

1387 2151 1488 2200 ἐγγύς
1505 2168 1542 2189 τε
1561 2154 1663 2188 ναίειν
1681 2147 1739 2197 τῆς
1755 2154 1890 2199 βροτῶν
1908 2152 2083 2199 ἁμαρτίας.

1281 2203 1443 2240 Eosdem
1461 2217 1588 2241 versus
1608 2204 1751 2253 praebet
1771 2203 1899 2240 Orion.
1914 2202 2147 2252 Anthologn.
2173 2201 2327 2257 (farrag-

1281 2256 1447 2304 Euripid.
1467 2270 1524 2294 nr.
1549 2256 1613 2305 15)
1633 2270 1719 2306 pag.
1743 2257 1790 2294 57
1812 2257 1869 2293 ed.
1891 2252 2122 2294 Schneidew.
2295 2256 2298 2259 '

1335 2307 1463 2359 (150.)
1482 2327 1535 2356 42·
1555 2310 1725 2347 Stobaeus
1745 2309 1868 2347 Floril.
1890 2308 2071 2350 LXXXI,
2092 2312 2129 2346 6.

1383 2361 1429 2399 Ὠ
1446 2368 1586 2412 τλῆμον,
1608 2367 1652 2401 ὥς
1670 2379 1728 2401 σοι
1746 2366 1805 2401 τὰς
1822 2364 1926 2412 τύχας
1943 2366 2005 2411 μὲν
2023 2364 2177 2402 ἀσθενεῖς

1385 2419 1484 2466 ἔδωχ’
1504 2422 1522 2455 ὁ
1542 2420 1678 2465 δαίμων,
1697 2419 1785 2467 μέγα
1803 2420 1973 2467 φρονοῦσι
1991 2418 2020 2454 δ’
2040 2419 2072 2466 οἶ
2089 2419 2202 2466 λόγοι.

1334 2468 1462 2519 (151.)
1483 2487 1537 2518 43.
1560 2471 1751 2520 Aristoph.
1772 2470 1922 2516 Thesm.
1945 2472 2058 2507 1128.

1387 2523 1474 2568 Αἷαΐ,
1495 2528 1528 2562 τί
1546 2527 1662 2574 δράσω
1677 2539 1684 2566 ;
1714 2527 1799 2573 πρὸς
1815 2526 1907 2562 τίνας
1925 2525 2089 2573 στρεφθῶ
2106 2527 2255 2581 ,λόγουςς

1387 2579 1464 2613 ἀλλ’
1485 2581 1544 2615 οὐκ
1563 2583 1603 2615 ἂν
1622 2580 1791 2624 ἐνδέξαιτο
1809 2580 1983 2627 βάρβαρος
2002 2579 2122 2626 φύσις.

1392 2631 1594 2677 [σκαιοῖσι
1617 2634 1693 2684 γάρ
1717 2648 1778 2668 τοι
1803 2634 1917 2668 καινὰ
1942 2633 2191 2681 προσφέρων
2222 2633 2333 2679 σοφὰ

1385 2687 1492 2732 μάτην
1510 2687 1705 2723 ἀναλίσκοις
1723 2687 1775 2722 ἄν.
1805 2686 1882 2722 ἀλλ’
1902 2683 2010 2732 ἄλλην
2027 2688 2101 2732 niza
2114 2681 2128 2687 ’μ

1385 2739 1492 2789 τούτῳ
1510 2742 1709 2788 πρέπουσαν
1725 2741 1875 2787 μηχανὴν
1892 2735 2156 2788 προσοιστέον.]

1283 2789 1355 2826 His
1386 2792 1508 2828 verbis
1542 2793 1733 2841 Euripidis
1765 2804 1893 2828 versus
1929 2791 2107 2828 contineri
2142 2803 2164 2827 a
2198 2790 2333 2839 Perseo

1280 2843 1317 2878 in
1346 2843 1586 2881 Andromeda
1617 2845 1875 2894 pronuntiatos
1907 2843 2145 2893 probabiliter
2176 2843 2334 2892 conjecit

255 2886 388 2938 (139.)
407 2905 458 2935 3¹·
490 2889 614 2928 Schol.
635 2892 824 2940 Aristoph.
848 2894 944 2931 Ran.
972 2896 1051 2933 105.
1064 2895 1111 2931 ad
1129 2899 1247 2943 poetae
1283 2896 1420 2933 Matth.
1477 2898 1618 2934 Versus
1653 2898 1785 2934 tertius
1821 2903 1946 2934 tamen
1975 2895 2112 2946 legitur
2147 2897 2258 2948 etiam
2294 2896 2332 2933 in

202 2941 336 2977 verba:
378 2945 457 2989 “μὴ
485 2946 543 2979 τὸν
570 2947 649 2990 ε’μὸν
676 2947 758 2982 οἴκει
786 2951 875 2983 νοῦν·
904 2949 993 2995 ἔχεις
1020 2951 1086 2997 γὰρ
1112 2947 1246 2985 οἶκίαν”
1282 2948 1419 2985 Medea
1439 2952 1527 2987 302.
1577 2951 1661 2987 Hoc
1681 2957 1718 2987 et
1737 2950 1816 2987 aliis
1837 2950 1956 2986 causis
1976 2949 2108 2986 ductus
2128 2949 2332 2999 FritSchius

202 2993 417 3042 adscripsit:
447 2999 500 3032 καὶ
522 3001 621 3034 τοῦτο
638 3001 729 3047 παρὰ
747 3002 785 3035 τὸ
805 3001 840 3036 ἐν
856 3001 1069 3049 Ἀνδρομάχῃ
1089 3000 1248 3050 (Ἀνδρο-
1281 3014 1318 3049 p.
1358 3005 1430 3038 491
1471 3003 1571 3040 haud
1606 3003 1716 3040 dubie
1750 3008 1851 3039 recte
1887 3003 2026 3047 statuit,
2064 3003 2156 3048 duo}
2191 3002 2331 3050 priores

203 3048 287 3093 μέδᾳ
304 3046 398 3082 bene
423 3049 584 3085 correxit
602 3050 755 3096 Matth.‚
777 3052 866 3088 nihil
888 3053 985 3089 enim
1011 3054 1193 3102 ejusmodi
1211 3054 1249 3090 in
1281 3066 1409 3091 versus
1441 3056 1588 3104 quidem
1621 3069 1667 3092 ex
1704 3055 1943 3092 Andromeda
1977 3055 2140 3101 fluxisse,
2171 3054 2331 3144 relliguos

204 3099 464 3136 Andromache
481 3100 629 3150 legitur.
650 3103 697 3139 cf.
718 3104 810 3153 fgm.
831 3104 1001 3153 XXIV‚)

308 3153 365 3198 Μὴ
383 3152 442 3189 τὸν
460 3155 539 3200 ε’μὸν
557 3155 637 3191 οἴκει
656 3161 746 3193 νοῦν·
776 3160 843 3206 ἐγὼ
861 3161 926 3207 γὰρ
945 3161 1088 3208 ἀρκέσω.

255 3203 383 3253 (140.)
403 3221 457 3250 32·
488 3205 661 3244 Stobaeus
678 3209 782 3250 XCI,
805 3213 866 3249 20.

308 3261 445 3313 Χρυσὸν
461 3262 612 3307 μάλιστα
627 3264 796 3308 βούλομαι
815 3266 930 3311 δόμοις
948 3269 1049 3313 ἔχειν·

308 3313 362 3347 καὶ
380 3313 502 3350 δοῦλος
519 3314 565 3350 ὢν
581 3316 647 3362 γὰρ
665 3317 772 3361 τίμιος
789 3320 945 3354 πλουτῶν
963 3321 1056 3369 ἀνὴρ,

307 3364 483 3414 ε’λεῦθερος
501 3368 549 3409 δέ,
568 3370 680 3415 χρεῖος
698 3370 753 3410 ὢν,
774 3371 871 3406 οὐδὲν
890 3373 1014 3408 σθένει.

305 3422 439 3465 χρυσοῦ
457 3421 569 3467 νόμιζε
587 3423 714 3457 σαυτὸν
731 3421 834 3458 οὕνεκ’
855 3425 1017 3472 εὐτυχεῖν,

255 3468 379 3524 (141.)
398 3486 452 3518 ss·
482 3465 652 3510 stobaeus
671 3473 853 3518 xovm,
873 3477 934 3513 31.

1281 3112 1404 3143 autem
1432 3109 1477 3144 ab
1505 3108 1754 3159 Aristophane
1778 3107 1859 3157 ipso
1886 3108 1934 3144 ad
1956 3107 2200 3159 imitationem

1281 3158 1375 3208 pidis
1394 3161 1619 3209 compositos
1638 3174 1730 3199 esse.
2178 3157 2182 3161 ⁴

1334 3211 1464 3261 (152.)
1485 3230 1538 3259 44.
1562 3213 1735 3252 Stobaeus
1754 3213 1836 3256 CV,
1860 3214 1919 3252 17.

1383 3267 1423 3302 ‘O
1442 3270 1504 3313 μὲν
1522 3268 1641 3311 ὄλβιος
1659 3269 1708 3314 ἦν,
1728 3268 1787 3305 τὸν
1805 3268 1834 3304 δ’
1853 3269 2049 3318 ἀπέκρυψεν

1386 3320 1473 3357 θεός·
1503 3323 1538 3356 ἐκ
1557 3323 1671 3358 κείνων
1687 3326 1754 3359 τῶν
1770 3337 1854 3358 ποτε
1871 3325 2035 3371 λαμπρῶν

1384 3373 1469 3409 νεύει
1486 3376 1613 3418 βίοτος,
1634 3375 1718 3412 νεύει
1737 3376 1774 3412 δὲ
1792 3375 1878 3423 τύχα

1383 3429 1465 3463 κατὰ
1482 3429 1598 3474 πνεῦμ’
1617 3429 1758 3475 ἀνέμων.

1333 3478 1458 3525 (153.)
1477 3493 1531 3526 45.
1553 3478 1724 3518 Stobaeus
1742 3480 1908 3525 LXVII,
1933 3482 1993 3522 10.

2257 3102 2328 3167 ‹zwi-
