2488 3860
356 758 849 812 ΕΥΡΙΠΙΔΟΥ
907 721 1330 829 ἨΡΑΚΛΗΣ
1395 758 2023 812 ΜΑΙΝΟΜΕΝΟΣ.

499 1142 770 1202 ΔῦἐΦΙΤΡΥΩΝ.

233 1218 291 1254 Τίς
308 1219 367 1254 τὸν
385 1217 466 1254 Διὸς
483 1218 696 1267 σύλλεκτρον
713 1220 774 1254 οὐκ
791 1214 882 1254 οἶδεν
897 1220 1044 1265 βροτῶν,

234 1270 390 1319 Ἀργεῖον
406 1270 646 1319 Ἀμφιτρύων’,
667 1271 705 1308 ὃν
720 1272 878 1308 Ἀλκαῖός
895 1285 978 1307 ποτε

232 1323 338 1371 ἔτιχθ’
359 1326 378 1359 ὁ
397 1325 569 1371 Περσέως,
588 1326 717 1370 πατέρα
733 1324 821 1361 τόνδ’
840 1324 1071 1372 Ἠρακλέουςς

234 1376 272 1414 ὃς
287 1378 394 1413 τάσδε
413 1377 529 1423 Θήβας
543 1377 657 1425 ἔσχεν,
677 1378 744 1414 ἔνθ’
766 1380 784 1413 ὀ
802 1378 944 1426 γηγενὴς

233 1435 393 1476 σπαρτῶν
411 1432 541 1478 στάχυς
557 1432 741 1474 ἔβλαστεν,
760 1433 806 1467 ὧν
821 1431 939 1479 γένους
950 1431 1057 1481 Ἀρης

234 1483 336 1519 ἕσωσ’
358 1483 500 1531 ἀριθμὸν
517 1484 648 1532 ὀλίγον,
667 1483 699 1520 οἳ
719 1486 855 1529 Κάδμου
871 1487 974 1521 πόλιν

232 1539 390 1573 τεκνοῦσι
407 1537 536 1573 παίδων
551 1539 682 1575 παισίν.
721 1538 815 1574 ἔνθεν
833 1537 941 1584 ἐξέφυ

234 1590 361 1638 Κρέων,
381 1591 570 1628 Μενοικέως
587 1593 676 1635 παῖς,
696 1591 779 1636 ἅναξ
796 1592 902 1636 τῆσδε
919 1591 1051 1637 χθονός.

234 1644 350 1692 Κρέων
367 1643 404 1678 δὲ
422 1645 583 1692 Μεγάρας
599 1645 706 1689 τῆσδε
721 1646 872 1693 γίγνεται
889 1643 1012 1690 πατὴρ,

230 1696 271 1743 ἧς
287 1698 409 1733 πάντες
426 1697 613 1743 ὑμεναίοισι
633 1697 794 1743 Καδμεῖοί
809 1711 892 1733 ποτε

229 1752 330 1798 λωτῷ
347 1751 598 1795 συνηλάλαξαν,
617 1750 700 1795 ἡνίκ’
718 1751 766 1787 εἷς
782 1749 882 1796 ἐμοὺς

232 1804 355 1848 δόμους
373 1804 392 1837 ὁ
410 1804 541 1840 κλεινὸς
557 1803 730 1850 Ἡρακλῆς
748 1818 798 1839 νιν
815 1805 926 1851 ἤγετο.

230 1857 342 1892 λιπὼν
359 1856 396 1891 δὲ
415 1856 544 1902 Θήβας,
564 1857 604 1892 οὗ
623 1857 834 1906 κατῳκίσθην
850 1856 929 1904 ἐγὼ,

233 1910 396 1957 Μεγάραν
411 1925 448 1945 τε
466 1909 565 1956 τήνδε
580 1909 764 1958 πενθερούς
780 1925 816 1945 τε
834 1912 913 1948 παῖς
931 1909 1021 1958 ἐμὸς,

227 1962 371 2010 Ἀργεῖα
385 1963 481 2009 τείχη
499 1962 554 1998 καὶ
572 1963 775 2004 Κυκλωπίαν
790 1965 893 2000 πόλιν

234 2013 373 2063 ὠρέξατ’
390 2016 501 2059 οἰκεῖν,
522 2014 562 2061 ἣν
578 2016 646 2063 ἐγὼ
663 2016 794 2063 φεύγω,
813 2018 940 2053 κτανὼν

230 2068 480 2116 Ἠλεκτρύωνα·
508 2069 691 2117 συμφορὰς
706 2069 743 2106 δὲ
760 2071 820 2107 τὰς
837 2069 919 2115 ἐμὰς

232 2122 458 2170 ἐξευμαρίζων
475 2124 529 2158 καὶ
545 2123 676 2166 πάτραν
693 2124 796 2158 οἰκεῖν
813 2122 934 2164 θέλων,

232 2175 378 2211 καθόδου
395 2176 517 2212 δίδωσι
532 2177 657 2221 μισθὸν
674 2175 848 2223 Εὐρυσθεῖ
863 2177 978 2225 μέγαν.

232 2228 444 2277 ἐξημερῶσαι
460 2230 570 2277 γαῖαν,
589 2227 652 2265 εἴθ’
665 2227 779 2277 ‘'Hpas·
795 2227 862 2264 ὕπο

234 2282 382 2330 κέντροις
399 2282 584 2328 δαμασθεὶς
601 2281 668 2318 εἴτε
686 2286 747 2318 τοῦ
763 2284 875 2329 χρεὼν
891 2282 987 2328 μέτα.

233 2335 287 2371 καὶ
304 2335 383 2372 τοὺς
398 2335 460 2382 μὲν
476 2336 604 2373 ἄλλους
621 2335 853 2382 ἐξεμόχθησεν
869 2338 1003 2382 πόνους,

234 2390 273 2424 τὸ
290 2388 449 2424 λοίσθιον
466 2389 503 2424 δὲ
520 2389 684 2436 Ταινάρου
701 2390 757 2425 διὰ
774 2389 886 2434 στόμα

232 2438 354 2486 βέβηκ’
374 2441 410 2478 ἐς
420 2441 553 2483 Ἀιδου,
572 2442 631 2477 τὸν
647 2444 859 2490 τρισώματον
878 2441 959 2477 κύνα

236 2493 271 2531 ἐς
289 2496 365 2542 φῶς
382 2494 525 2540 ἀνάξων,
543 2495 637 2531 ἔνθεν
653 2495 718 2541 οὐχ
736 2496 808 2542 ἥκει
825 2495 940 2531 πάλιν.

234 2548 344 2594 γέρων
362 2548 399 2583 δὲ
417 2546 458 2593 δή
475 2549 526 2585 τίς
544 2547 621 2584 ἐστι
638 2549 813 2593 Καδμείων
829 2550 935 2594 λόγος

233 2602 277 2636 ὣς
296 2599 337 2645 ἦν
352 2602 459 2649 πάρος
477 2601 601 2649 Δίρκης
618 2616 670 2638 τις
687 2602 834 2647 εὐνάτωρ
852 2601 970 2637 Λύκος.

234 2653 295 2698 τὴν
312 2654 528 2702 ἑπτάπυργον
543 2652 641 2698 τήνδε
659 2655 834 2698 δεσπόζων
850 2654 965 2696 πόλιν,

234 2707 281 2742 τὼ
298 2709 504 2744 λευκοπώλω
522 2708 603 2752 πρὶν
618 2708 822 2754 τυραννῆσαι
837 2707 961 2753 χθονὸς

233 2758 393 2808 Ἀμφίον’
413 2758 471 2805 ἧδὲ
489 2761 607 2805 Ζῆθον,
627 2760 753 2808 ἐκγόνω
772 2762 863 2797 Διός.

238 2812 279 2848 οὗ
296 2814 417 2849 ταυτὸν
431 2812 535 2859 ὄνομα
551 2815 631 2849 παῖς
647 2814 773 2859 πατρὸς
791 2813 1006 2860 κεκλημένος,

236 2867 404 2911 Καδμεῖος
421 2867 481 2902 οὔκ
499 2866 556 2907 ὢν,
576 2865 658 2901 ἀλλ’
678 2866 734 2902 ἀπ’
753 2867 903 2908 Εὖβοίας
918 2868 1046 2913 μολὼν,

239 2920 359 2955 κτείνει
378 2919 538 2967 Κρέοντα,
558 2919 611 2954 καὶ
629 2920 755 2955 κτανὼν
773 2920 870 2965 ἄρχει
888 2920 1024 2965 χθονὸς,

238 2973 362 3008 στάσει
379 2975 554 3008 νοσοῦσαν
569 2970 662 3017 τήνδ’
680 2971 883 3007 ἐπεσπεσὼν
899 2975 1010 3009 πόλιν.

241 3024 319 3072 ἡμῖν
336 3026 372 3061 δὲ
391 3027 490 3072 κῆδος
507 3025 542 3062 ἐς
559 3024 695 3073 Κρέοντ’
713 3024 898 3071 ἀνημμένον

239 3080 340 3115 κακὸν
357 3080 532 3126 μέγιστον,
551 3079 596 3114 ὥς
612 3079 711 3120 ἔοικε,
730 3077 891 3126 γίγνεται.

239 3132 365 3177 τούμοῦ
381 3134 448 3180 γὰρ
466 3131 562 3168 ὄντος
578 3132 698 3168 παιδὸς
717 3132 752 3166 ἐν
767 3132 890 3177 μυχοῖς
906 3131 1040 3178 χθονὸς,

240 3187 260 3220 ὁ
277 3187 388 3222 καινὸς
406 3185 505 3221 οὗτος
520 3184 626 3229 τῆσδε
643 3186 706 3232 γῆς
723 3185 838 3231 ἅρχων
855 3183 962 3221 Λύκος

239 3238 318 3273 τοὺς
333 3237 555 3285 Ἡρακλείους
571 3238 693 3273 παῖδας
710 3236 841 3282 ἐξελεῖν
858 3237 958 3273 θέλει

241 3291 367 3326 κτανὼν
385 3291 538 3337 δάμαρτά
556 3289 602 3334 θ’,
622 3291 665 3327 ὣς
683 3290 780 3338 φόνῳ
799 3289 913 3336 σβέσῃ
931 3293 1051 3337 φόνον,

241 3343 328 3390 κάμ’,
348 3342 380 3379 εἴ
393 3358 427 3379 τι
445 3344 485 3389 δὴ
503 3342 570 3391 χρὴ
589 3343 663 3389 κᾶμ’
682 3343 718 3379 ἐν
737 3342 900 3387 ἀνδράσιν
916 3343 1043 3394 λέγειν,

240 3396 370 3444 γέροντ’
388 3396 537 3444 ἀχρεῖον,
556 3395 601 3442 μή
619 3395 696 3432 ποθ’
716 3394 752 3432 οἵ
769 3395 778 3408 ’
797 3394 1003 3443 ἠνδρωμένοι

241 3449 416 3497 μήτρωσιν
433 3448 646 3496 ἐκπράξωσιν
662 3447 801 3495 αἵματος
817 3449 922 3495 δίκην.

241 3501 310 3548 ἐγὼ
327 3502 375 3545 δὲ,
393 3501 505 3537 λείπει
522 3503 589 3551 γάρ
604 3518 647 3548 με
665 3500 776 3538 τοῖσδ’
794 3502 830 3541 ἐν
847 3502 981 3548 δώμασι

241 3555 373 3601 τροφὸν
388 3556 511 3590 τέκνων
528 3554 693 3602 οἶκουρὸν,
712 3553 807 3599 ἡνίκα
822 3552 945 3601 χθονὸς

226 3614 229 3616 ’
242 3607 408 3655 μέλαιναν
423 3607 555 3657 ὄρφνην
572 3607 743 3652 εἶσέβαινε
759 3608 839 3646 παῖς
853 3608 943 3656 ἐμὸς,

1155 1444 1174 1477 5

1138 1711 1176 1733 10

1139 1974 1175 2008 15

1137 2242 1179 2265 20

1138 2507 1178 2540 25

1140 2775 1182 2808 30

1141 3039 1179 3073 35

1141 3307 1183 3337 40

1144 3568 1184 3601 45

1216 1863 1291 1893 ΜΕ.

1319 1167 1384 1202 σὺν
1399 1167 1511 1214 μητρὶ,
1531 1166 1629 1201 τέκνα
1645 1165 1691 1210 μὴ
1710 1163 1837 1200 θάνωσ’
1855 1164 2074 1212 “Ηρακλέους,

1317 1222 1435 1266 βωμὸν
1452 1219 1575 1262 καθίζω
1592 1219 1689 1254 τόνδε
1707 1219 1860 1265 σωτῆρος
1878 1219 1970 1263 Διὸς,

1319 1272 1358 1307 ὃν
1376 1272 1570 1308 καλλινίκου
1589 1272 1687 1319 δορὸς
1706 1271 1829 1319 ἄγαλμ’
1849 1270 2012 1317 ἱδρύσατο

1319 1325 1448 1362 Μινύας
1466 1325 1634 1372 κρατήσας
1653 1325 1754 1369 οὑμὸς
1772 1324 1908 1372 εὐγενὴς
1924 1326 2032 1360 τόκος.

1318 1380 1451 1415 πάντων
1469 1379 1506 1415 δὲ
1522 1379 1632 1426 χρεῖοι
1650 1377 1749 1413 τάσδ’
1770 1376 1869 1424 ἕδρας
1885 1379 2127 1424 φυλάσσομεν,

1319 1433 1437 1474 σίτων,
1455 1436 1579 1474 ποτῶν,
1597 1428 1752 1475 ἐσθῆτος,
1771 1430 1936 1479 ἀστρώτῳ
1953 1431 2045 1479 πέδῳ

1316 1487 1467 1532 πλευρὰς
1485 1485 1642 1521 τιθέντες·
1669 1483 1707 1519 ἐκ
1724 1485 1790 1531 γὰρ
1808 1484 2082 1531 ἐσφραγισμένοι

1320 1539 1430 1584 δόμων
1449 1537 1605 1583 καθήμεθ’
1625 1536 1749 1584 ἀπορίᾳ
1770 1538 1948 1583 σωτηρίας.

1318 1589 1435 1637 φίλων
1452 1593 1488 1627 δὲ
1505 1592 1584 1627 τοὺς
1599 1591 1661 1636 μὲν
1678 1591 1718 1625 οὐ
1737 1591 1862 1637 σαφεῖς
1880 1591 1947 1634 ὁρῶ
1965 1590 2102 1637 φίλους,

1318 1646 1351 1680 οἱ
1367 1644 1398 1682 δ’
1420 1644 1512 1681 ὄντες
1530 1644 1639 1687 ὀρθῶς
1656 1642 1811 1679 ἀδύνατοι
1829 1646 2084 1691 προσωφελεῖν.

1317 1701 1470 1734 τοιοῦτον
1487 1698 1717 1741 ἀνθρώποισιν
1735 1695 1754 1740 ἡ
1774 1696 1979 1743 δυσπραξία,

1321 1749 1361 1794 ἧς
1378 1749 1515 1797 μήποθ’,
1534 1750 1630 1786 ὅστις
1649 1749 1702 1785 καὶ
1719 1749 1833 1795 μέσως
1850 1752 1965 1787 εὔνους
1983 1750 2069 1796 ἐμοὶ,

1319 1804 1429 1851 τύχοι,
1451 1804 1566 1851 φίλων
1584 1804 1732 1850 ἔλεγχον
1749 1803 2017 1850 ἀψευδέστατον.

1321 1857 1347 1892 ὦ
1363 1858 1512 1906 πρέσβυ,
1531 1857 1670 1903 Ταφίων
1688 1855 1725 1894 ὅς
1740 1855 1816 1892 ποτ’
1835 1855 1965 1900 ἐξεῖλες
1980 1859 2092 1899 πόλιν,

1319 1910 1602 1957 στρατηλατήσας
1618 1911 1732 1945 κλεινὰ
1750 1908 1924 1954 Καδμείων
1942 1911 2052 1956 δορὸς,

1318 1965 1365 2000 ὡς
1381 1965 1478 1999 οὐδὲν
1497 1963 1706 2010 ἀνθρώποισι
1723 1967 1789 1999 τῶν
1807 1962 1892 1997 θεῶν
1910 1963 2032 2008 σαφές.

1320 2017 1387 2064 ἐγὼ
1406 2019 1472 2066 γὰρ
1490 2016 1558 2052 οὔτ’
1579 2016 1613 2053 ἐς
1629 2016 1746 2063 πατέρ’
1763 2015 1939 2062 ἀπηλάθην
1955 2014 2070 2062 τύχης,

1321 2069 1359 2107 ὃς
1376 2070 1481 2106 οὕνεκ’
1502 2070 1612 2111 ὄλβου
1629 2070 1732 2116 μέγας
1751 2069 1948 2115 ἐκομπάσθη
1966 2071 2060 2114 ποτὲ,

1320 2123 1409 2169 ἔχων
1424 2123 1598 2169 τυραννίδ’,
1619 2122 1657 2168 ἧς
1673 2123 1796 2170 μακραὶ
1811 2123 1937 2169 λόγχαι
1955 2122 2033 2169 πέρι

1318 2177 1448 2222 πηδῶσ’
1469 2176 1567 2222 ἔρωτι
1586 2175 1713 2221 σώματ’
1732 2175 1780 2213 εἷς
1797 2175 1988 2218 εὐδαίμονα,

1320 2229 1409 2275 ἔχων
1427 2229 1463 2265 δὲ
1480 2230 1588 2265 τέκνα·
1617 2229 1690 2274 κᾶμ’
1710 2229 1813 2264 ἔδωκε
1829 2229 1923 2264 παιδὶ
1941 2231 2005 2277 σῷ,

1321 2282 1488 2328 ἐπίσημον
1505 2283 1601 2327 εὐνὴν
1630 2283 1782 2329 Ηρακλεῖ
1798 2281 2005 2318 συνοικίσας.

1323 2337 1377 2372 καὶ
1394 2339 1452 2372 νῦν
1471 2336 1578 2371 ἐκεῖνα
1595 2335 1656 2381 μὲν
1673 2333 1803 2370 θανόντ’
1823 2334 1998 2371 ἀνέπτατο·

1323 2390 1390 2437 ε’γὼ
1409 2389 1446 2425 δέ
1463 2391 1517 2424 καὶ
1535 2389 1580 2425 σὺ
1596 2389 1768 2434 μέλλομεν
1786 2387 1954 2433 θνήσκειν,
1974 2387 2087 2435 γέρον,

1322 2441 1357 2478 οἵ
1373 2441 1404 2477 θ’
1423 2441 1622 2489 “Ηράκλειοι
1638 2442 1765 2483 παῖδες,
1785 2441 1841 2477 οὓς
1855 2442 1920 2477 ὑπὸ
1937 2442 2075 2488 πτεροῖς

1323 2496 1423 2539 σώζω
1442 2495 1605 2532 νεοσσοὺς
1624 2494 1714 2541 ὅρνις
1732 2495 1776 2531 ὣς
1793 2494 1967 2540 ὑφειμένη.

1323 2550 1355 2584 οἱ
1373 2546 1402 2584 δ’
1420 2548 1468 2584 εἷς
1485 2549 1632 2593 ἔλεγχον
1648 2548 1755 2582 ἄλλος
1772 2547 1922 2582 ἄλλοθεν
1937 2546 2073 2590 πίτνων,

1323 2601 1349 2636 ὦ
1365 2602 1481 2647 μῆτερ,
1500 2601 1594 2646 αὐδᾷ,
1614 2603 1681 2636 ποῦ
1698 2599 1808 2647 πατὴρ
1826 2601 1950 2636 ἄπεστι
1968 2601 2053 2647 γῆς,·

1322 2653 1357 2690 τί
1375 2655 1457 2701 δρᾷ,-
1484 2654 1560 2688 πόθ’
1579 2653 1653 2699 ἥξει
1664 2669 1675 2694 ,-
1701 2655 1748 2701 τῷ
1766 2653 1828 2701 νέῳ
1847 2652 1876 2689 δ’
1898 2653 2111 2700 ἐσφαλμένοι

1324 2709 1462 2752 ζητοῦσι
1479 2707 1538 2741 τὸν
1555 2706 1690 2742 τεκόντ’·
1719 2705 1786 2753 ἐγὼ
1804 2707 1840 2742 δὲ
1859 2707 2010 2752 διαφέρω

1322 2761 1460 2807 λόγοισι
1478 2759 1682 2805 μυθεύουσα.
1720 2759 1875 2803 θαυμάζω
1893 2759 1937 2805 δ’,
1956 2759 2037 2795 ὅταν

1321 2812 1427 2849 πύλαι
1444 2813 1606 2859 ψοφῶσι,
1625 2814 1692 2848 πᾶς
1706 2812 1736 2847 τ’
1755 2811 1935 2857 ἀνίστησιν
1951 2814 2051 2857 πόδα,

1323 2868 1365 2903 ὡς
1383 2867 1468 2911 πρὸς
1484 2867 1639 2914 πατρῷον
1655 2864 1953 2912 προσπεσούμενοι
1969 2869 2063 2914 γόνυ.

1322 2921 1379 2955 νῦν
1396 2917 1454 2953 οὗν
1470 2917 1533 2952 τίν’
1551 2917 1661 2954 ἐλπίδ’
1679 2917 1831 2965 ἢπόρον,
1849 2920 2017 2965 σωτηρίας

1322 2970 1539 3018 ἐξευμαρίζει,
1558 2971 1697 3018 πρέσβυ
1707 2987 1719 3012 ,·
1745 2973 1830 3019 πρὸς
1847 2972 1889 3008 σε’
1906 2974 1973 3020 γὰρ
1990 2972 2123 3015 βλέπω.

1324 3026 1368 3061 ὡς
1386 3027 1462 3060 οὔτε
1479 3023 1576 3072 γαίας
1596 3023 1661 3070 ὅρι’
1680 3024 1720 3059 ἂν
1738 3024 1897 3071 ἐκβαῖμεν
1914 3026 2037 3072 λάθρα·

1323 3076 1474 3123 φυλακαὶ
1491 3077 1557 3124 γὰρ
1576 3076 1666 3123 ἡμῶν
1683 3079 1881 3124 κρείσσονες
1899 3079 1972 3114 κατ’
1992 3078 2142 3123 ἐξόδους·

1324 3129 1393 3166 οὔτ’
1414 3129 1450 3165 ἐν
1467 3129 1625 3175 φίλοισιν
1643 3130 1779 3167 ἐλπίδες
1797 3132 1964 3178 σωτηρίας

1324 3183 1368 3218 ἔτ’
1387 3182 1475 3218 εἶσὶν
1492 3182 1579 3228 ἡμῖν.
1615 3182 1718 3229 ἥντιν’
1737 3184 1797 3220 οὖν
1813 3186 1948 3233 γνώμην
1964 3185 2054 3230 ἔχεις

1322 3233 1398 3283 λέγ’
1419 3235 1454 3271 ἐς
1469 3236 1509 3271 τὸ
1523 3237 1644 3279 κοινὸν,
1661 3237 1706 3282 μὴ
1725 3237 1836 3274 θανεῖν
1855 3237 1987 3282 ἕτοιμον
2002 3235 2038 3283 ᾖ,

1323 3290 1447 3335 χρόνον
1464 3288 1501 3323 δὲ
1517 3289 1712 3335 μηκύνωμεν
1729 3290 1822 3328 ὄντες
1839 3290 2004 3327 ἀσθενεῖς.

1221 3348 1300 3378 ΑΜ.
1327 3341 1354 3376 ὦ
1371 3340 1527 3389 θύγατερ,
1546 3346 1637 3378 οὔτοι
1653 3342 1769 3391 ῥᾴδιον
1785 3345 1827 3379 τὰ
1844 3344 1957 3379 τοιάδε

1223 3454 1286 3484 ΜΕ

1326 3394 1468 3441 φαύλως
1484 3395 1650 3442 περαίνειν
1668 3393 1898 3433 σπουδάσαντ’
1918 3396 1997 3431 ἄνευ
2014 3398 2132 3433 πόνου.

1323 3445 1433 3493 λύπης
1449 3461 1482 3482 τι
1499 3449 1661 3495 προσδεῖς
1678 3448 1697 3494 ἢ
1714 3450 1830 3496 φιλεῖς
1847 3448 1933 3485 οὕτω
1950 3450 2062 3495 φάος,

1223 3507 1301 3537 ΑΜ.
1328 3501 1381 3536 καὶ
1397 3501 1482 3549 τῷδε
1498 3501 1607 3548 χαίρω
1625 3502 1679 3538 καὶ
1696 3503 1790 3548 φιλῶ
1808 3503 1868 3539 τὰς
1884 3502 2036 3538 ἐλπίδας.

1224 3560 1302 3590 ΜΕ.
1329 3554 1430 3600 κάγώ·
1458 3553 1567 3590 δοκεῖν
1584 3553 1622 3590 δὲ
1637 3552 1791 3600 τάδόκητ’
1811 3556 1851 3590 οὗ
1869 3554 1947 3601 χρὴ,
1963 3554 2075 3603 γέρον.

1224 3613 1301 3645 ΔΜ.
1326 3607 1363 3645 ἐν
1379 3609 1452 3645 ταῖς
1468 3607 1653 3652 ἀναβολαῖς
1669 3611 1735 3645 τῶν
1752 3612 1860 3645 κακῶν
1877 3607 1984 3645 ἔνεστ’
2003 3607 2078 3655 ἄκη.

2223 1338 2263 1368 50

2223 1602 2262 1635 55

2223 2926 2263 2957 80

2221 3461 2260 3497 90
