2488 3860
1001 312 1500 373 ΑΠΟΣΠΑΣΜΑΤῙΑ.
1945 303 1950 310 “
2205 332 2286 379 671

211 430 341 482 (294.)
367 448 416 471 ιι.
446 426 621 486 Sthaeils
641 426 742 478 CVI,
766 435 802 472 1.
1351 437 1463 484 Οῗμοι·
1492 439 1527 475 τί
1544 438 1573 490 δ’
1593 438 1704 487 οἴμοις
1735 432 1839 487 θνητά
1855 456 1907 477 τοι
1925 441 2146 490 πεπόνθαμεν.

262 496 303 526 A.
330 479 415 535 ’ἓιμῆ
435 488 469 524 a*
489 486 617 537 ἓῂαῐρει
634 493 705 541 τῶν
717 484 978 541 ῆέᾈᾶὲμᾶλλὸν
995 483 1146 539 &penam
1293 489 1420 539 (306.)
1440 500 1493 542 ¹252.
1515 489 1686 530 Stobaeuss
1708 488 1844 542 ΙΙ,,15.
1865 492 2033 544 Theoph.
2053 495 2102 532 ad
2118 491 2292 546 Autolyc.

262 548 302 579 B.
332 539 516 593 em‘yaexoip‘
534 538 586 579 ἅν·
614 541 654 579 οὗ
671 541 737 591 γᾶῤ
755 539 850 590 ἄξιόν
866 536 1029 581 &affirm
1046 538 1136 592 ᾤ’ἀος
1240 541 1292 584 ΙΙ,
1324 553 1362 590 p.
1405 538 1477 580 115
1506 543 1566 581 ed.
1604 540 1718 582 Pari‘s.
1748 544 1803 594 (p.
1835 544 1910 584 378
1944 546 2002 585 ed.
2043 544 2144 597 Hag.
2185 549 2292 587 Com.

333 593 452 633 κάκοὺς
470 597 618 644 ὁρῶντας
636 598 771 638 ἐκδίκως
788 598 1002 644 τιμωμένους.
1245 595 1376 640 1742.)

211 645 337 699 (295.)
361 663 411 685 12.
442 645 613 684 St'obaeus
634 641 728 691 VII,
739 644 785 701 ¹1.
1346 649 1508 686 Οὐδέποτ’
1521 651 1676 698 εὐτυχίαν
1689 656 1789 688 κακοῦ
1802 654 1923 701 ἀνδρὸς
1936 655 2134 704 ὑπέρφρονά
2144 656 2172 693 τ’
2186 657 2293 701 ὄλβον

262 704 400 751 Θάρσος
418 702 455 738 δὲ
472 704 558 751 πρὸς
575 704 634 740 τὰς
653 705 835 752 συμφορὰς
851 704 895 750 με’
917 719 939 739 α
957 705 1080 740 σθένει.
1340 703 1483 747 βέβαιον
1501 704 1632 741 εἰκάσαι
1648 707 1769 752 χρεὼν,
1887 705 1897 716 Χ

209 752 336 804 (296.)
366 770 417 801 13·
447 752 619 791 Stobaeus
646 755 727 793 ECl.
751 751 867 805 PhyS.
893 719 924 798 ἶ,
945 758 982 797 5,
1003 758 1040 799 2,
1067 762 1106 805 Ρ.
1130 759 1204 794 154
1345 757 1415 792 οὐδ’
1435 756 1556 793 ἀδίκων
1573 760 1700 806 γενεάν·
1732 761 1751 794 ὁ
1768 760 1835 807 γὰρ
1854 761 1990 799 οὐδενὸς
2008 763 2112 810 ἐκφὺς

156 807 215 845 ed.
238 807 400 844 Heeren.
1341 812 1464 857 χρόνος
1482 811 1627 849 δικαίους
1645 812 1778 859 ἐπάγων
1796 813 1934 851 κανόνας

262 863 355 909 Πρὸς
372 863 432 909 τὴν
448 861 612 910 Ἀνάγκην
629 864 738 899 πάντα
754 862 851 899 τᾶλλ’
871 862 943 899 ἐστ’
963 857 1100 909 ἀσθενῆ.
1345 865 1513 899 δείκνυσιν
1530 865 1713 912 ἀνθρώπων
1731 866 1910 912 κακότητας
1929 865 2052 915 (ἐμοί).

210 912 337 963 (297.)
360 931 411 959 14.
443 913 614 950 Stobaeus
632 913 757 951 Floril.
779 912 883 955 CXI,
905 914 942 952 9.
1295 915 1423 962 (307.)
1446 931 1498 961 24.
1521 915 1691 953 Stobaetis
1711 917 1793 959 CV,
1820 920 1878 954 12.

259 969 362 1015 “Ορᾷς
380 969 409 1005 δ’
429 969 588 1004 ἀέλπτων
605 970 732 1016 μυρίων
749 969 981 1016 ἀναστροφάς·
1345 973 1420 1005 Ποῦ
1439 971 1478 1016 δὴ
1497 972 1536 1006 τὸ
1555 973 1668 1018 σαφὲς
1686 970 1840 1008 θνατοῖσι
1856 975 1997 1015 βιοτᾶς;

260 1024 386 1058 πολλοὶ
403 1023 465 1069 μὲν
484 1020 582 1068 οἶδμα
601 1023 764 1070 διέφυγον
782 1023 984 1065 θαλάσσιον,
1346 1024 1460 1059 θοαῖσι
1477 1025 1538 1069 μὲν
1557 1023 1656 1061 ναυσὶ
1674 1025 1782 1074 πόρον
1798 1028 1898 1061 πνοαὶ
1917 1029 2000 1062 κατὰ

260 1077 386 1112 πολλοὶ
405 1077 440 1112 δὲ
458 1077 602 1124 λόγχαις
619 1077 789 1122 πολεμίων
807 1076 975 1122 ἀμείνονες
1343 1077 1464 1120 βένθος
1482 1074 1578 1114 ‹mm›
1597 1078 1762 1114 ι’θύνουσι·
1791 1078 1896 1126 τύχας
1914 1081 1950 1115 δὲ
1971 1080 2098 1125 θνητῶν

260 1130 393 1175 ἥσσους
408 1132 554 1177 γεγῶτες
571 1129 741 1177 κρείσσον’
760 1129 864 1174 ἦλθον
882 1130 930 1167 εἰς
946 1129 1064 1175 τύχην.
1344 1132 1383 1166 τὸ
1401 1132 1463 1176 μὲν
1480 1131 1554 1179 μέγ’
1575 1133 1621 1168 εἷς
1639 1133 1736 1167 οὐδὲν
1755 1135 1774 1167 ὁ
1791 1132 1901 1170 πολὺς
1917 1133 2042 1181 χρόνος

211 1180 338 1228 (298.)
361 1197 411 1228 ¹5·
442 1177 612 1217 Stobaeils
641 1178 784 1223 CVIII,
810 1184 872 1218 20.
901 1180 1004 1227 LIV,
1037 1180 1099 1224 14,
1128 1182 1205 1219 Sine
1345 1184 1538 1230 μεθίστησι,
1557 1186 1595 1220 τὸ
1615 1186 1652 1221 δὲ
1669 1187 1763 1231 μεῖον
1782 1186 1904 1230 αὔξων.

156 1246 257 1271 nom.
277 1233 353 1270 fab.
409 1231 506 1283 Fluit.
536 1233 581 1270 de
607 1229 743 1282 Tranq.
764 1233 887 1270 Anim.
908 1232 947 1270 4.
969 1233 1023 1283 (p.
1044 1233 1121 1275 467
1141 1233 1205 1283 A‚)
1295 1233 1421 1284 (308.)
1443 1252 1494 1281 25·
1525 1236 1695 1273 Stobaeu‘s
1713 1229 1899 1279 LXXIII,
1922 1236 1984 1274 20.

156 1294 194 1323 et
229 1286 275 1323 de
310 1287 375 1323 vit.
415 1285 527 1322 Hom.
565 1291 602 1334 Ρ.
639 1284 738 1324 1194
774 1286 970 1336 Wyttenb.
1007 1286 1085 1323 Sine
1121 1301 1204 1324 auc-
1338 1287 1383 1324 ³9
1401 1292 1611 1339 παγκακίστη
1631 1294 1683 1327 καὶ
1701 1293 1798 1339 γυνή·
1827 1293 1861 1327 τί
1877 1293 1944 1340 γὰρ
1961 1293 2075 1340 λέγειν

156 1339 247 1376 toris
282 1345 320 1376 et
354 1339 490 1376 fabulae
534 1338 695 1377 fl'oiffl'n'e.
768 1339 913 1376 Arrian.
958 1339 1046 1376 diss.
1081 1341 1203 1389 Epict.
1343 1345 1456 1388 μεῖζόν
1475 1360 1517 1380 σε
1535 1345 1625 1380 τοῦδ’
1645 1346 1771 1383 ὄνειδος
1789 1346 1917 1390 ἐξείποι
1935 1361 1986 1383 τις
2003 1346 2044 1381 ἅν
2059 1359 2068 1388 ;

156 1392 208 1434 Π,
229 1394 267 1429 5.
1293 1393 1420 1443 (309.)
1441 1401 1493 1433 26.
1526 1395 1696 1433 Stobaeus
1716 1398 1799 1438 XC,
1825 1399 1886 1434 10.

260 1449 338 1484 Τοῖς
354 1447 550 1494 πράγμασιν
566 1449 632 1495 γὰρ
646 1448 723 1494 οὐχὶ
742 1447 930 1494 θυμοῦσθαι
948 1449 1067 1494 χρεών·
1347 1450 1416 1484 Οὐκ
1434 1451 1474 1486 ἂν
1491 1451 1623 1498 γένοιτο
1642 1451 1813 1499 τραύματ’.
1836 1449 1868 1487 εἴ
1883 1467 1933 1488 τις
1952 1451 2078 1499 ε’γξέσῃ

259 1501 359 1546 μέλει
375 1501 442 1547 γὰρ
460 1501 572 1538 αὐτοῖς
589 1501 698 1536 οὐδέν·
729 1501 806 1536 ἀλλ’
826 1502 1059 1548 οὑντυγχάνων
1347 1503 1483 1548 θάμνοις
1501 1506 1632 1546 ἑλείοις,
1653 1507 1722 1541 οὐδ’
1743 1507 1783 1541 ἂν
1801 1505 1837 1539 ἐκ
1855 1505 1979 1552 μητρὸς
1998 1508 2097 1550 κακῆς

260 1555 302 1589 τὰ
319 1553 485 1601 πράγματ’
505 1554 613 1602 ὀρθῶς
630 1551 670 1599 ἦν
688 1556 775 1600 τιθῇ,
794 1555 947 1603 πράσσει
966 1557 1086 1591 καλῶς.
1345 1557 1465 1592 ἐσθλοὶ
1483 1558 1632 1605 γένοιντο
1649 1560 1765 1596 παῖδες
1783 1559 1830 1594 εἷς
1847 1558 1952 1603 ἀλκὴν
1970 1558 2081 1605 δορός.
2170 1568 2177 1573 “

209 1604 335 1656 (299.)
359 1611 408 1643 16.
430 1604 600 1642 Stobaeus
619 1605 663 1651 C,
685 1608 721 1643 3.
1296 1607 1420 1655 (310.)
1441 1623 1491 1655 ²7·
1513 1608 1683 1646 Stobaeus
1700 1609 1872 1659 Append.
1894 1610 1991 1646 Flor.
2012 1623 2050 1659 p.
2073 1611 2134 1646 20.
2153 1609 2197 1647 T.
2219 1609 2289 1654 IV,

261 1662 354 1708 Πρὸς
370 1661 430 1706 τὴν
448 1662 552 1696 νόσον
568 1676 620 1697 τοι
639 1662 692 1697 καὶ
709 1663 768 1697 τὸν
787 1660 902 1709 ἰατρὸν
918 1662 1029 1709 χρεὼν
1239 1673 1277 1710 Ρ.
1300 1662 1374 1696 389
1395 1662 1453 1698 ed.
1478 1662 1593 1698 Gaisf.

262 1713 363 1750 ἰδόντ’
384 1715 509 1756 ἰᾶσθαι,
528 1715 573 1760 μὴ
591 1715 743 1750 ’πιτακτᾶ
761 1716 922 1762 φαρμακὰ
1344 1714 1444 1763 Ἀνὴρ
1463 1717 1499 1752 δὲ
1517 1719 1668 1763 χρηστὸς
1684 1719 1836 1765 χρηστὸν
1854 1719 1894 1752 οὗ
1911 1720 2007 1763 μισεῖ
2023 1732 2117 1760 ποτε,

261 1767 395 1809 διδόντ’,
415 1768 472 1803 ε’ὰν
488 1769 533 1813 μὴ
552 1771 655 1803 ταῦτα
671 1772 711 1814 τῇ
730 1771 822 1817 νόσῳ
839 1768 965 1816 πρέπῃ.
1345 1773 1432 1818 κακῷ
1451 1772 1549 1807 κακός
1566 1786 1603 1806 τε
1622 1771 1821 1817 συντέτηκεν
1838 1771 1983 1816 ἡδοναῖς·

209 1817 335 1867 (300.)
358 1831 407 1866 ¹7·
429 1818 600 1856 Stobaeus
620 1818 662 1865 C,
684 1823 720 1856 4.
1343 1824 1443 1868 φιλεῖ
1458 1825 1495 1859 δὲ
1514 1825 1734 1871 θοῦμόφυλον
1752 1824 1947 1872 ἀνθρώπους
1964 1825 2070 1872 ἄγειν.

259 1876 370 1910 Νόσοι
388 1875 425 1910 δὲ
444 1875 570 1919 θνητῶν
588 1876 621 1910 αἶ
639 1875 700 1921 μέν
718 1876 782 1910 εἰσ’Δ
802 1875 1003 1922 αὐθαίρετοι,
1292 1872 1418 1922 (311.)
1440 1883 1493 1912 28.
1514 1874 1685 1912 Stobaeus
1705 1875 1824 1917 CXV,
1847 1879 1883 1912 2.

259 1929 293 1962 αἱ
311 1927 340 1963 δ’
361 1928 398 1963 ἐκ
415 1928 500 1963 θεῶν
516 1928 685 1975 πάρεισιν,
705 1929 795 1963 ἀλλὰ
812 1931 859 1977 τῷ
878 1929 968 1977 νόμῳ
1338 1926 1384 1964 Ὠ
1401 1933 1471 1972 παῖ,
1491 1930 1573 1965 νέων
1590 1946 1623 1966 τι
1641 1931 1724 1978 δρᾶν
1741 1932 1802 1977 μὲν
1820 1932 1946 1967 ἕντονοι
1963 1931 2073 1978 χέρες,

259 1981 375 2027 ἰώμεθ’
390 1982 502 2018 αὐτάς.
534 1981 624 2017 ἀλλά
642 1997 700 2018 σοι
717 1983 814 2028 λέξαι
833 1982 937 2024 θέλω,
1342 1987 1471 2029 γνῶμαι
1490 1983 1518 2019 δ’
1538 1984 1691 2029 ἀμείνους
1708 1985 1776 2021 εἶσὶ
1794 1988 1861 2020 τῶν
1878 1985 2092 2031 γεραιτέρων·

257 2035 286 2069 εἰ
304 2035 375 2070 θεοί
390 2049 423 2070 τι
441 2036 569 2082 δρῶσιν
587 2037 742 2083 αἰσχρὸν,
763 2036 822 2070 οὐκ
840 2036 928 2071 εἰσὶν
942 2034 1024 2071 θεοί.
1344 2038 1363 2070 ὁ
1380 2038 1446 2084 γὰρ
1464 2039 1587 2085 χρόνος
1605 2039 1749 2086 δίδαγμα
1767 2039 2020 2085 ποικιλώτερον.

208 2084 334 2134 (301.)
384 2085 433 2124 18.
477 2085 539 2122 Ad
573 2083 831 2136 Aristophanis
877 2086 984 2136 (Pac.
1025 2087 1087 2127 76,
1126 2082 1201 2133 sq.)
1237 2086 1300 2123 Ad
1317 2087 1387 2124 hos
1407 2101 1482 2125 vss.
1502 2089 1668 2137 respexit
1693 2089 1849 2126 Cornth.
1872 2101 1903 2125 s.
1925 2089 2103 2125 Phurnut.
2124 2088 2170 2125 de
2195 2088 2287 2126 Nat.

156 2138 288 2176 verba:
1238 2140 1352 2176 Deor.
1372 2153 1408 2188 p.
1430 2143 1505 2177 222
1524 2139 1584 2190 (in
1603 2141 1708 2179 Galei
1727 2142 1865 2191 Opusc.
1885 2141 2032 2190 Myth.)
2051 2144 2095 2179 ὡς
2117 2144 2183 2191 γὰρ
2208 2144 2289 2180 νέων

107 2188 114 2197 ’
260 2193 287 2228 ὦ
304 2194 482 2242 Πηγάσιόν
499 2196 557 2241 μοί
574 2196 675 2241 φησι,
693 2197 844 2242 γενναῖον
861 2196 995 2242 πτερὸν,
1237 2209 1269 2230 τι
1291 2195 1374 2242 δρᾶν
1391 2196 1607 2243 εὖτονὼτεραι
1625 2198 1659 2231 αἱ
1676 2199 1797 2245 χεῖρες,
1818 2195 1903 2232 οὕτω
1922 2194 2036 2243 ψυχαὶ
2054 2196 2206 2242 ἀμείνους
2223 2201 2289 2232 τῶν

258 2247 349 2285 ὅπως
365 2249 504 2292 πετήσει
522 2249 553 2294 μ’
575 2246 654 2284 εὐθὺ
671 2252 732 2284 τοῦ
751 2250 830 2286 Διὸς
846 2250 975 2290 λαβών.
1235 2248 1437 2295 γεραιτέρων
1459 2250 1559 2291 πολὺ,
1580 2247 1677 2284 unde
1696 2248 1826 2285 Val‘ck.
1847 2248 1894 2285 ‘ad
1921 2247 2051 2285 Phoen.
2073 2250 2163 2291 531,
2184 2253 2222 2285 et
2241 2248 2289 2285 ad

155 2298 308 2335 adnotat
348 2298 584 2336 scholiasteS:
630 2303 722 2349 παρὰ
761 2303 804 2337 τὰ
845 2302 881 2337 ἐκ
922 2302 1202 2348 Βελλεροφόντου
1239 2299 1354 2348 Hipp.
1382 2302 1452 2337 119
1474 2301 1587 2338 hos'ce
1604 2312 1678 2338 VSS.
1698 2301 1842 2338 effinxit
1858 2316 1866 2337 :

155 2354 348 2400 Εὐριπίδου.
391 2353 511 2390 ἐκεῖνος
545 2356 611 2402 γὰρ
647 2357 702 2391 διὰ
737 2356 903 2403 Πηγάσου
938 2358 998 2391 τοῦ
1031 2357 1203 2402 πτερωτοῦ
1344 2354 1370 2389 ὦ
1387 2357 1457 2396 παῖ,
1478 2355 1559 2391 νέων
1578 2355 1661 2403 δρᾶν
1678 2356 1895 2403 εὗτονώτεραι
1912 2357 2021 2403 χέρες,

156 2406 312 2452 ἐπεθύμει
330 2408 376 2443 εἰς
393 2408 452 2442 τὸν
470 2409 610 2455 οὐρανὸν
627 2409 791 2444 ἀνελθεῖν.
1341 2412 1470 2455 γνῶμαι
1489 2409 1517 2444 δ’
1537 2409 1691 2454 ἀμείνους
1707 2413 1774 2445 τῶν
1790 2411 1994 2457 γεραιτέρων
2010 2407 2114 2445 πολύ.

260 2460 314 2506 ὅγ’
333 2460 360 2495 ὦ
377 2460 483 2506 φίλον
499 2467 556 2506 μοι
574 2463 739 2509 Πηγάσου
757 2463 893 2509 πτερόν.
1292 2460 1418 2507 (312.)
1449 2475 1500 2506 ²9·
1528 2460 1605 2497 AEl.
1633 2461 1732 2497 Hist.
1759 2461 1831 2497 An.
1861 2461 1910 2503 V,
1939 2461 1999 2498 34.
2029 2463 2189 2498 Τοιοῦτόν
2214 2478 2288 2499 τινα

208 2509 334 2560 (302.)
366 2527 414 2559 19.
452 2511 710 2561 Aris‘t'dphahis
741 2512 846 2563 (Pac.
880 2514 967 2555 154,
993 2511 1070 2563 sq.)
1087 2513 1201 2550 versi-
1237 2515 1290 2549 καὶ
1316 2516 1375 2549 τὸν
1399 2516 1677 2563 Βελλεροφόντην
1703 2515 1850 2562 ἦρ’ωὶκῶς
1881 2517 1934 2551 καὶ
1964 2515 2218 2563 μεγαλοψύχως
2241 2517 2288 2553 εἷς

157 2565 226 2601 bus
1238 2568 1378 2603 θάνατον
1403 2568 1727 2615 παρασκευασμένον
1750 2569 1845 2614 ὑμνεῖ
1862 2571 1881 2604 ὁ
1906 2569 2100 2616 Εὐριπίδης·
2129 2570 2288 2616 πεποίηκε

262 2619 338 2654 ἀλλ’
358 2620 430 2667 ὅγε,
450 2619 604 2667 Πήγασε,
623 2622 726 2668 χώρει
743 2620 871 2668 χαίρων
1237 2624 1319 2668 γοῦν
1335 2622 1421 2668 πρὸς
1438 2620 1498 2667 τὴν
1516 2623 1635 2657 ἑαυτοῦ
1652 2621 1771 2669 ψυχὴν
1787 2622 1931 2669 λέγοντα
1948 2622 2049 2658 αὐτόν

259 2674 512 2719 χρυσοχάλινον
529 2674 680 2720 πάταγον
696 2675 835 2720 ψαλίων
1337 2671 1449 2710 Ἠσθ’
1470 2676 1516 2711 εἰς
1534 2675 1629 2711 θεοὺς
1646 2676 1708 2721 μὲν
1726 2675 1880 2720 εὐσεβὴς,
1900 2675 1948 2711 ὅτ’
1968 2674 2048 2720 ἧσθ’
2063 2675 2115 2711 ἀεὶ

261 2726 454 2771 διακινήσας
470 2726 628 2773 φαιδροῖς
645 2728 742 2763 ὧσίν.
1343 2728 1450 2772 ξένοις
1467 2728 1496 2764 τ’
1517 2728 1677 2776 ἐπήρκεις,
1698 2728 1768 2764 οὐδ’
1788 2730 1923 2775 ἕκαμνες
1941 2729 1988 2766 εἰς
2005 2730 2142 2776 φίλους.

156 2777 330 2814 adscribit
347 2777 463 2814 schol.
482 2792 490 2813 τ
521 2781 574 2815 καὶ
591 2781 671 2815 τάδε
688 2781 724 2815 ἔκ
742 2780 1020 2828 Βελλεροφόντου
1237 2780 1291 2815 καὶ
1308 2782 1350 2816 τὰ
1368 2782 1422 2816 ἐπὶ
1439 2781 1582 2818 τούτοις.

260 2830 308 2867 ἴθι
326 2832 560 2878 χρυσοχάλιν’,
580 2833 683 2880 αἴρων
699 2834 867 2881 πτέρυγας
1291 2830 1422 2879 (313.)
1447 2849 1501 2877 3ο.
1531 2833 1627 2870 Plut.
1649 2833 1694 2869 de
1715 2833 1838 2870 vitios.
1857 2833 1947 2882 pud.
1977 2835 2013 2869 3.
2040 2830 2099 2883 (Ρ.
2121 2835 2197 2870 529
2219 2832 2284 2879 Ε.)

155 2885 216 2920 τὸν
232 2885 396 2931 κάνθαρον
413 2888 459 2933 τῷ
477 2887 628 2935 Πηγάσῳ·
647 2886 836 2930 ἐπεικάζων.
1237 2887 1314 2922 οὐδὲ
1334 2887 1384 2921 δεῖ
1406 2889 1476 2924 τοῖς
1500 2887 1645 2924 ἐπαίνοις
1669 2887 1873 2934 κηλούμενον
1895 2888 2048 2934 ἥδεσθαι,
2070 2889 2207 2936 κομψὸν
2232 2889 2286 2923 καὶ

208 2933 342 2985 (303.)
363 2952 413 2973 20.
435 2935 560 2973 Schbl.
581 2935 769 2986 Aristoph.
792 2937 905 2987 Vesp.
928 2938 1016 2988 754.
1039 2939 1151 2986 Πάρες
1177 2938 1203 2974 ὦ
1238 2941 1355 2987 ἱλαρὸν
1381 2939 1453 2975 ἀντὶ
1481 2943 1606 2986 σεμνοῦ
1634 2942 1687 2976 καὶ
1721 2942 1871 2988 μεγάλου
1903 2942 1956 2976 καὶ
1992 2941 2118 2976 δικαίου
2152 2955 2285 2989 προσα-

157 2991 420 3038 σκιερὰ-παρᾶ
436 2992 479 3026 τὰ
497 2991 532 3026 ἐκ
547 2992 826 3039 Βελλεροφόντου
842 2993 952 3037 παίζει
969 2995 1084 3028 ταῦτα·
1236 2997 1468 3041 γορευόμενον,
1487 2993 1564 3039 μίγδ’
1584 2994 1699 3042 ὥσπερ
1718 2997 1736 3029 ὁ
1755 2994 1938 3042 Εὐριπίδου
1957 2993 2121 3043 Πήγασος

262 3044 386 3090 Πάρες,
407 3044 433 3078 ὦ
452 3045 569 3092 σκιερὰ
587 3046 735 3091 φυλλὰς,
755 3043 893 3090 ὑπερβῶ
1334 3045 1508 3091 ''En-mad
1528 3048 1670 3083 ὑπείκων
1686 3050 1818 3094 μᾶλλον
1835 3047 1855 3093 ἦ
1875 3047 1969 3083 θέλοι

260 3099 395 3143 κρηναῖα
413 3098 511 3142 νάπη·
539 3099 598 3133 τὸν
616 3099 699 3146 ὑπὲρ
718 3100 868 3145 κεφαλῆς
1237 3101 1283 3147 τῷ
1308 3101 1578 3146 Βελλεροφόντῃ,
1605 3103 1675 3137 τοῖς
1702 3101 1871 3147 δεομένοις
1897 3100 2014 3137 ἑαυτὸν
2041 3101 2205 3136 ε’κδιδόναι
2231 3102 2284 3135 καὶ

262 3150 366 3197 αἰθέρ’
387 3149 519 3185 ἰδέσθαι
538 3151 685 3193 σπεύδω,
699 3152 759 3187 τίν’
780 3153 851 3198 ἔχει
1238 3155 1513 3188 συνεκταπεινοῦν
1537 3153 1751 3200 φοβοῦμενον
1774 3154 1916 3190 ἀκοῦσαι
1939 3156 1978 3189 τὸ
2004 3155 2152 3200 σκληρός
2173 3168 2214 3200 γε
2232 3155 2284 3188 καὶ

264 3205 389 3239 στάσιν
407 3203 554 3239 Εἰνοδία.
1236 3204 1373 3250 ἀπηνής.
1443 3203 1549 3240 Idem
1582 3204 1621 3240 in
1656 3205 1762 3243 Polit.
1793 3205 1907 3242 Praec.
1940 3208 2000 3242 11.
2030 3205 2084 3253 (Ρ.
2114 3206 2188 3244 807
2218 3204 2281 3249 Ε.)

210 3253 335 3303 (304.)
352 3270 405 3291 21.
425 3254 487 3291 Ad
506 3254 763 3303 Aristophanis
781 3255 890 3304 (Equ.
913 3255 1031 3305 1246)
1049 3257 1183 3293 verba:
1235 3258 1440 3304 Ἀγησίλαος
1475 3259 1512 3293 δὲ
1546 3260 1624 3303 περὶ
1658 3260 1718 3296 τὰς
1751 3263 1818 3295 τῶν
1851 3261 1965 3306 φίλων
2000 3260 2152 3295 σπουδὰς
2186 3259 2278 3295 αὐτὸς

263 3310 424 3344 κυλίνδετ’
445 3307 527 3344 εἵσω
545 3310 642 3344 τόνδε
659 3311 718 3344 τὸν
736 3311 954 3356 δυσδαίμονα.
1235 3312 1337 3346 αὑτοῦ
1354 3313 1550 3358 γιγνόμενος
1567 3312 1813 3350 ἀσθενέστατος
1831 3314 1884 3348 καὶ
1902 3314 2148 3355 ταπεινότατος,
2168 3313 2282 3359 ὥσπερ

212 3359 338 3408 (305.)
359 3375 412 3398 22.
442 3356 539 3396 Plut.
554 3358 600 3396 de
618 3360 777 3409 Tranqu.
799 3361 871 3398 An.
897 3352 955 3403 17,
975 3361 1030 3410 (Ρ.
1046 3360 1121 3400 475
1139 3362 1200 3407 C.)
1236 3366 1255 3399 ὁ
1274 3365 1455 3411 Εὐριπίδου
1473 3364 1635 3412 Πήγασος

157 3414 251 3460 Πρὸς
285 3414 322 3450 δὲ
357 3415 398 3450 τὰ
433 3413 539 3461 φύσει
574 3416 734 3450 δοκοῦντα
766 3417 895 3458 λυπεῖν,
931 3413 986 3451 οἶα
1020 3416 1117 3452 νόσοι
1153 3417 1206 3451 καὶ
1334 3417 1482 3462 '‘Em-⁷1?
1500 3419 1643 3454 ὑπείκων
1659 3421 1791 3465 μᾶλλον
1808 3419 1828 3464 ἢ
1846 3422 1978 3465 μᾶλλον
1996 3418 2104 3458 θέλοι,

159 3468 267 3508 πόνοι,
287 3469 340 3503 καὶ
359 3468 494 3504 θάνατοι
517 3468 630 3517 φίλων
653 3469 706 3504 καὶ
731 3468 864 3513 τέκνων,
886 3469 988 3505 ἐκεῖνο
1008 3471 1047 3506 τὸ
1066 3471 1205 3518 Εὗριπί-
1237 3471 1290 3505 καὶ
1320 3473 1392 3507 ταῖς
1422 3470 1573 3516 ἀτυχίαις
1606 3473 1858 3519 προθυμότερον
1891 3472 2025 3518 βοηθῶν
2058 3474 2119 3510 τοῦ
2150 3471 2280 3514 δέοντος

160 3519 247 3561 δειον
1220 3524 1343 3567 ,ἐδόκει
1362 3523 1664 3572 συνεξομοιοῦσθαι
1680 3527 1753 3565 ταῖς
1770 3525 1920 3567 ἀδικίαις.
