2488 3860
218 250 302 292 106

901 257 1303 300 ΣΟΦΟΚΛΕΟΥΣ

1361 260 1649 303 ΗΛΕΚΤΡΑ.

217 359 280 391 ΟΡ.
323 354 423 393 αὐτὸς
439 355 485 393 σὺ
501 355 668 402 βάσταζ’.
698 357 758 394 οὐκ
777 358 857 404 ἐμὸν
870 359 953 401 τόδ’,
968 361 1060 396 ἀλλὰ
1079 363 1154 404 σὸν,
1182 373 1262 408 1470
1308 370 1373 401 ΟΡ.
1414 366 1540 412 χωροῖς
1557 364 1598 400 ἂν
1615 361 1699 399 εἵσω
1718 362 1783 400 σὺν
1800 363 1909 411 τάχει.
1937 364 2053 412 λόγων
2067 363 2136 413 γὰρ
2152 363 2194 400 οὔ

220 467 277 498 ΑΙ.

218 574 284 603 ΟΡ.

217 626 274 658 AI.

217 680 276 711 ΑΙ.

221 786 316 815 ΟΡ.-

219 892 278 922 ΑΙ.

221 999 287 1028 ΟΡ.

220 1051 279 1081 ΑΙ.

222 1157 298 1187 11A.

320 410 359 444 τὸ
377 409 476 446 ταῦθ’
497 412 579 457 ὁρᾶν
596 425 634 446 τε
651 411 706 446 καὶ
722 415 953 460 προσηγορεῖν
970 415 1095 461 φίλως.

323 462 403 498 ἀλλ’
423 461 461 498 εὖ
478 465 660 510 παραινεῖς,
681 464 936 512 κάπιπείσομαι·
967 467 1013 502 σὺ
1031 468 1080 508 δὲ,

320 513 433 551 εἵπου
452 515 521 551 κατ’
542 513 634 552 οἶκόν
649 531 708 563 μοι
727 518 1023 567 Κλυταιμνήστρα,
1044 522 1152 557 κάλει.

326 566 408 613 αὕτη
426 569 535 606 πέλας
554 571 631 604 σοῦ.
659 570 772 615 μηκέτ’
792 571 928 608 ἅλλοσε
946 575 1079 609 σκόπει.

322 619 424 666 οἴμοι,
444 622 479 658 τί
494 621 659 663 λεύσσως
703 629 769 659 ΟΡ.
790 625 864 660 τίνα
877 626 1005 671 φοβεῒ;
1035 627 1095 662 τίν’
1115 627 1262 675 ἀγνοεῖς;

322 674 422 709 τίνων
438 675 513 711 ποτ’
533 675 663 722 ἀνδρῶν
681 676 716 711 ἐν
732 676 852 722 μέσοις
870 678 1093 726 ἀρκυστάτοις

321 727 471 774 πέπτωχ’
491 730 510 764 ὁ
528 727 665 774 τλήμων
679 741 689 770 3

729 782 770 817 οὐ
787 783 853 831 γὰρ
871 784 1025 820 αἰσθάνει
1042 787 1148 822 πάλαι

324 834 449 877 ζῶντας
467 833 629 870 θανοῦσιν
646 832 752 870 οὕνεκ’
772 836 937 883 ἀνταυδᾷς
953 836 1037 879 ’lo-cu

325 885 429 932 οἴμοι,
449 887 574 934 ξυνῆκα
591 890 727 925 τοῦπος.
748 889 788 923 οὐ
805 890 871 936 γὰρ
890 890 970 925 ἔσθ’
986 890 1078 928 ὅπως

323 939 371 975 ὅδ’
391 940 452 977 οὐκ
468 940 635 988 Ὀρέστης
652 940 730 976 ἔσθ’
750 944 768 977 ὁ
786 944 1005 989 προσφωνῶν
1024 945 1093 989 ἐμέ.

328 993 381 1029 καὶ
398 994 515 1038 μάντις
533 994 579 1029 ὢν
595 994 736 1042 ἄριστος
754 995 939 1041 ἐσφάλλου
957 998 1076 1033 πάλαι.

326 1045 443 1081 ὄλωλα
461 1046 501 1091 δὴ
521 1046 681 1084 δείλαιος.
710 1047 802 1083 ἀλλά
819 1063 877 1093 μοι
894 1049 999 1096 πάρες

325 1098 385 1134 κᾶν
404 1100 548 1147 σμικρὸν
566 1099 683 1136 εἰπεῖν.

738 1153 783 1199 μὴ
802 1154 888 1202 πέρα
905 1156 1020 1202 λέγειν
1037 1157 1075 1192 ἔα

325 1205 410 1252 πρὸς
428 1204 525 1246 θεῶν,
545 1205 688 1252 ἀδελφέ,
708 1207 792 1251 μηδὲ
810 1206 966 1253 μηκύνειν
981 1210 1120 1257 λόγους.

325 1258 359 1292 τί
375 1258 441 1305 γὰρ
459 1260 594 1306 βροτῶν
612 1259 652 1294 ἂν
670 1259 735 1295 σὺν
753 1262 864 1296 κακοῖς
881 1262 1092 1308 μεμιγμένων

326 1309 484 1355 θνήσκειν
502 1313 520 1346 ὁ
538 1311 680 1356 μέλλων
696 1315 758 1347 τοῦ
775 1315 900 1359 χρόνου
919 1315 1035 1361 κέρδος
1053 1315 1177 1363 φέροι;

325 1362 404 1398 ἀλλ’
424 1364 469 1400 ὡς
486 1364 634 1410 τάχιστα
652 1367 757 1400 κτεῖνε
774 1366 828 1400 καὶ
847 1367 973 1401 κτανὼν
990 1368 1115 1415 πρόθες

326 1416 507 1462 ταφεῦσιν,
527 1417 573 1452 ὢν
589 1417 677 1453 τόνδ’
697 1418 785 1454 εἰκός
803 1419 878 1453 ἐστι
896 1421 1086 1466 τυγχάνειν,

326 1468 479 1504 ἄποπτον
495 1469 598 1514 ἡμῶν.
630 1471 674 1506 ὡς
692 1471 766 1516 ἐμοὶ
784 1471 853 1506 τόδ’
873 1472 914 1506 ἂν
931 1476 1040 1509 κακῶν

325 1523 427 1567 μόνον
441 1522 574 1570 γένοιτο
593 1527 659 1559 τῶν
675 1525 782 1561 πάλαι
799 1523 973 1571 λυτήριον.

1183 684 1264 726 1476

1185 951 1265 991 1480

1186 1242 1287 1310 14851

1186 1543 1270 1578 1490

1308 476 1364 507 AI.

1309 582 1376 612 ΟΡ.

1309 688 1368 718 ΑΙ.

1309 787 1373 816 ΟΡ.

1308 841 1365 870 ΑΙ.

1282 895 1285 904 ’
1310 893 1375 923 ΟΡ.

1307 1000 1366 1030 ΑΙ.

1310 1053 1367 1082 AI.

1311 1106 1375 1135 ΟΡ.

1312 1370 1383 1401 xc»

1411 420 1468 453 νῦν
1486 418 1581 453 ἐστιν
1598 417 1700 464 ἁγὼν,
1720 417 1812 453 ἀλλὰ
1829 419 1894 463 σῆς
1910 417 2030 465 ψυχῆς
2046 418 2137 466 πέρι.

1411 471 1444 506 τί
1462 471 1492 506 δ’
1510 471 1544 507 ἐς
1562 471 1686 516 δόμους
1704 469 1796 518 ἄγεις
1813 483 1877 516 με;
1905 474 1989 511 πῶς,
2007 470 2076 506 τόδ’
2096 470 2126 506 εἶ
2144 470 2249 509 καλὸν

1410 525 1565 571 τοῦργον,
1586 524 1712 558 σκότου
1730 523 1792 564 δεῖ,
1812 523 1875 561 κοῦμ
1889 525 2071 571 πρόχειρος
2087 519 2122 559 εἷ
2135 524 2289 564 κτανεῖνς

1418 576 1463 622 μὴ
1481 577 1605 612 τάσσε·
1634 576 1740 623 χώρει
1757 575 1786 612 δ’
1806 575 1948 624 ἔνθαπερ
1967 575 2162 615 κατέκτανες
2276 587 2353 621 1495

1414 629 1541 675 πατέρα
1558 630 1617 664 τὸν
1635 630 1731 675 ἀμὸν,
1752 629 1797 666 ὣς
1814 629 1855 664 ἂν
1872 629 1908 664 ἐν
1925 629 2034 678 ταύτῷ
2052 628 2166 675 θάνῃς.

1483 681 1616 694 μηδ’)

1413 736 1456 770 τά,
1473 734 1501 769 τ’
1522 733 1602 770 ὅντα
1620 734 1674 770 καὶ
1691 734 1869 777 μέλλοντα
1886 735 2089 770 Πελοπιδῶν
2106 733 2212 775 κακάς

1413 783 1454 816 τὰ
1471 784 1555 828 γοῦν
1574 781 1622 816 σ’·
1653 782 1718 828 ἐγώ
1738 795 1795 816 σοι
1812 782 1928 827 μάντις
1946 781 2013 826 εἰμὶ
2030 781 2126 818 τῶνδ’
2145 783 2260 830 ἄκρος.

1413 834 1492 869 ἀλλ’
1512 834 1552 869 οὔ
1569 833 1727 883 πατρῴαν
1743 833 1804 879 τὴν
1821 834 1942 880 τέχνην
1959 835 2166 880 ἐκόμπασας.
2273 847 2355 881 1500

1414 886 1517 923 πόλλ’
1537 887 1748 934 ἀντιφωνεῖς,
1768 885 1788 932 ἦ
1807 885 1836 922 δ’
1855 887 1934 924 ὁδὸς
1949 885 2165 935 βραδύνεται.

1413 939 1492 975 ἀλλ’
1512 939 1603 987 ἕρφ’.

1621 993 1770 1040 ὑφηγοῦ.
1826 998 1894 1029 ΟΡ.
1923 993 1982 1029 σοὶ
1998 993 2185 1037 βαδιστέον
2200 995 2322 1043 πάρος.

1412 1045 1496 1092 zm>
1514 1044 1615 1093 φύγω
1635 1059 1699 1087 ‹rez

1725 1099 1771 1146 μὴ
1789 1100 1851 1145 μὲν
1868 1098 1928 1135 οὖν
1945 1099 2022 1135 καθ’
2041 1099 2164 1146 ἡδονὴν

1414 1153 1527 1197 θάνῃς·
1557 1153 1711 1199 φυλάξαι
1730 1153 1782 1188 δεῖ
1796 1167 1839 1198 με
1857 1155 1957 1189 τοῦτό
1976 1168 2035 1189 σοι
2052 1155 2184 1201 πικρόν.

1416 1207 1502 1253 χρῆν
1520 1205 1549 1241 δ’
1568 1205 1666 1242 εὐθὺς
1684 1202 1767 1241 εἶναι
1784 1204 1882 1251 τήνδε
1899 1208 1971 1243 τοῖς
1987 1208 2095 1242 πᾶσιν
2112 1206 2219 1257 δίκην,
2279 1219 2365 1253 1505

1414 1260 1510 1295 ὅστις
1527 1258 1614 1306 πέρα
1630 1259 1802 1306 πράσσειν
1818 1274 1860 1306 γε
1876 1262 1944 1294 τῶν
1961 1260 2071 1305 νόμων
2088 1258 2199 1304 θέλει,

1414 1313 1563 1347 κτείνειν.
1592 1313 1631 1347 τὸ
1649 1312 1716 1359 γὰρ
1733 1312 1925 1359 πανοῦργον
1942 1312 2003 1347 οὐκ
2020 1311 2062 1349 ἃν
2073 1310 2116 1358 ἢν
2131 1308 2235 1353 πολύ.

1413 1365 1439 1399 ὦ
1459 1363 1580 1412 σπέρμ’
1599 1362 1756 1411 Ἀτρέως,
1776 1365 1821 1400 ὡς
1837 1365 1955 1400 πολλὰ
1971 1363 2080 1402 παθὸν

1415 1416 1459 1454 δι’
1476 1417 1670 1463 ἐλευθερίας
1687 1419 1787 1463 μόλις
1805 1417 1947 1463 ἐξῆλθες

1415 1473 1456 1518 τῇ
1473 1473 1530 1507 νῦν
1548 1472 1634 1518 ὁρμῇ
1652 1470 1828 1508 τελεωθέν.
2278 1481 2359 1518 1510
