2488 3860
1042 283 1536 334 ΑΠΟΣΠΑΣΜΑΤῙΑ.

2250 285 2345 333 ’651-

274 389 364 431 877.
392 390 608 430 Eustathius
634 405 670 442 p.
695 391 806 430 1562.
845 389 1046 438 Ἐπηλιςε
1083 391 1104 437 ἡ
1131 391 1187 427 ‘’n-1
1214 393 1274 427 τοῦ
1307 391 1360 426 καὶ
1378 391 1540 437 κτητικὸν,
1560 391 1723 437 σημαῖνον
1749 390 1787 426 τὸ
1812 391 1872 426 τοῦ
1898 387 2049 437 κήρυκος,
2069 388 2114 426 ὥς
2130 390 2222 438 παρὰ
2239 392 2352 438 Σοφο-

222 449 408 495 προσόητου
425 448 578 495 μελανία,
593 449 647 484 καὶ
663 446 704 483 τὸ
721 451 822 494 πῶμα
833 448 894 492 τῆς
909 447 1086 495 λάρνακος,
1101 447 1146 484 ὃς
1162 446 1276 492 φασιν
1306 446 1390 487 κλεῖ,
1411 446 1551 494 Γράμμα
1569 445 1750 492 κηρύκειον.

222 503 254 537 οἶ
276 503 415 538 παλαιοὶ
439 503 522 539 κατὰ
547 503 610 538 τὸν
636 503 824 550 Σοφοκλῆν.
863 500 884 546 ἦ
911 500 941 536 δ’
961 501 1043 547 αὐτὴ
1069 500 1125 535 καὶ
1150 500 1274 547 ἔφηλις

222 559 349 597 κοινῶς,
369 556 414 593 ὣς
431 556 499 592 α’πὸ
516 559 577 592 τοῦ
595 556 618 603 ἥ
621 558 699 592 λου.

1359 498 1446 534 898.
1484 496 1648 545 Etymol.
1670 496 1728 541 M,
1755 509 1792 545 p.
1813 497 1902 541 513,
1921 498 1985 534 43.
2014 498 2218 546 Κιμμερίους
2243 499 2355 545 φησὶν

1302 551 1526 600 Ἡρακλείδης
1543 554 1563 587 ὁ
1580 553 1743 589 Ποντικὸς
1755 553 1909 588 ὑποκάτω
1922 555 1983 587 τοῦ
1998 554 2132 588 Πόντου
2145 549 2242 590 εἶναι.
2269 554 2352 600 γρά-

274 608 363 646 878.
392 607 523 645 Pollux
542 607 615 651 ῙῙῙ,
638 609 725 645 145.
753 610 799 645 Τὸ
825 608 1018 659 βραβεύειν,
1038 610 1273 646 ἐπιστατεῖν
1305 610 1407 656 φεται
1425 607 1479 642 καὶ
1504 608 1747 655 Κερβερίων.
1775 607 1828 641 καὶ
1846 606 1933 641 ἔοικε
1951 607 2005 641 καὶ
2023 608 2200 653 Σοφοκλῆς
2215 620 2352 654 περιπε-

221 664 415 709 Σοφοκλῆς.

1304 661 1468 696 πτωκέναι
1484 663 1525 706 τῇ
1543 661 1679 707 τοιαύτῃ
1692 661 1823 708 γραφῇ·
1849 660 1972 706 ὁμοίως
1985 661 2039 696 καὶ
2051 659 2303 708 Ἀριστοφάνης
2319 661 2355 697 ἐν

274 716 363 752 879.
391 715 614 753 Plutarchus
640 715 778 752 Moral.
808 727 845 765 Ρ.
878 717 952 752 144
979 715 1018 752 b.
1050 715 1106 765 (et
1126 716 1200 752 756
1219 715 1269 761 e.)
1306 715 1493 762 Βατράχοις
1512 713 1564 763 (v.
1590 711 1697 761 187.)

219 771 432 817 Εὔκαρπον
459 770 678 819 Κυθέρειαν
703 773 814 808 καλῶς
831 772 850 806 ὁ
868 772 1047 821 Σοφοκλῆς
1063 770 1124 816 τὴν
1139 769 1270 819 Ἀφρο-

220 823 314 869 δίτην
330 827 605 873 προσηγόρευσε.

274 877 361 913 880.
393 876 665 914 Grammaticus
683 876 844 913 Bekkeri
866 889 904 926 p.
928 877 1042 914 1376.
1080 876 1272 925 Εὔνούχους

1358 769 1446 804 899.
1493 765 1655 815 Etymol.
1697 766 1754 810 M,
1789 779 1827 814 Ρ.
1870 767 1960 808 514,
1997 765 2060 803 27.
2116 768 2290 814 Κινάκηε
2335 770 2356 803 ὁ

1303 822 1456 868 ἀκινάκης
1471 822 1565 869 παρὰ
1581 822 1763 868 Σοφοκλεῖ.

1358 876 1447 911 900.
1477 873 1696 910 Eustathius
1712 886 1750 922 p.
1775 874 1887 915 1479.
1907 874 1972 911 44.
2001 877 2232 932 Ιξοκκοβόας
2252 875 2353 923 ὅρνις,

217 930 255 966 δὲ
274 933 454 978 Σοφοκλῆς
471 933 526 968 καὶ
543 932 623 969 τοὺς
640 931 841 979 ὀφθαλμοὺς
856 931 936 969 τοὺς
953 934 1059 968 εὔνεις
1075 932 1130 967 καὶ
1147 932 1193 977 μὴ
1210 947 1269 977 με-
1304 931 1324 966 ὀ
1341 929 1547 978 ἀλεκτρυὼν,
1565 929 1656 976 παρὰ
1674 930 1856 976 Σοφοκλεῖ.

217 987 409 1032 τασχόντας
426 985 544 1028 ὕπνου,
562 986 720 1022 τουτέστι
737 988 920 1033 τηροῦντας
949 987 974 1005 ‘'
987 986 1062 1032 Οὒχ
1080 985 1165 1021 ὅπου
1182 987 1269 1031 λαμ-

217 1039 323 1076 πάδες
339 1039 512 1087 εὐνούχοις
529 1037 717 1087 ὅμμασιν.”

1358 991 1446 1027 901.
1475 987 1600 1026 Schol.
1627 989 1821 1038 Aristoph.
1850 988 2014 1026 Acharn.
2040 1001 2076 1025 v.
2106 990 2166 1026 75.
2196 993 2355 1039 Κραναὰ

1304 1047 1444 1082 πόλιςτ
1472 1046 1573 1079 τοῦτο
1595 1044 1768 1092 τέτριπται
1784 1045 1850 1081 ὑπὸ
1874 1048 1940 1080 τῶν
1956 1046 2118 1079 παλαιῶν.
2147 1046 2201 1080 καὶ
2225 1045 2354 1093 Αἰσχύ-

272 1093 360 1129 881.
390 1092 547 1130 Photius
573 1105 610 1141 p.
632 1092 695 1133 37,
715 1092 752 1128 9.
790 1093 1031 1141 Εὒορνιθίαν
1047 1105 1056 1127 z
1094 1093 1273 1139 Σοφοκλῆς
1303 1101 1365 1136 λος
1381 1099 1448 1146 γὰρ
1466 1099 1520 1133 καὶ
1538 1099 1716 1145 Σοφοκλῆς
1735 1098 1926 1146 ἐχρήσαντο
1943 1100 1983 1142 τῇ
2002 1097 2106 1143 λέξει.

218 1146 273 1181 ε’πὶ
291 1147 427 1183 οἰωνῶν.
457 1145 674 1182 Eustathius
690 1157 728 1194 Ρ.
755 1146 866 1182 1439.
896 1146 1077 1194 Εὔορνιθία
1094 1147 1177 1181 κατὰ
1194 1146 1273 1183 τοὺς

217 1201 382 1239 παλαιοὺς
397 1202 490 1249 παρὰ
508 1202 677 1247 Σοφοκλεῖ
693 1200 732 1234 τὸ
751 1199 879 1248 ἀγαθὸν
897 1201 1075 1246 οἰώνισμα.

1358 1161 1448 1196 902.
1467 1157 1684 1195 Eustathius
1697 1171 1735 1207 p.
1756 1160 1867 1200 1493,
1888 1159 1950 1194 32.
1979 1159 2230 1207 Λαίθαργοςε
2259 1161 2356 1207 δηλοῖ

1304 1214 1365 1260 μὲν
1383 1213 1475 1250 κύνα.
1504 1216 1669 1260 τροπικῶς
1685 1214 1723 1249 δὲ
1741 1214 1895 1259 σημαίνει
1913 1213 1967 1248 καὶ
1985 1213 2168 1254 ἐπίβουλον
2181 1214 2356 1262 ἄνθρωπον

271 1263 360 1299 882.
390 1261 553 1312 Etymol·
580 1261 637 1302 Μ,
661 1273 699 1309 p·
725 1262 814 1304 462,
842 1262 905 1298 25·
935 1262 1107 1309 Εῧτυχῖαὲ
1138 1260 1272 1310 εὕρηται
1305 1267 1418 1316 κρύφα
1451 1267 1662 1310 βλάπτοντα.
1708 1267 1762 1302 καὶ
1797 1268 1893 1303 ἔστιν
1927 1267 2048 1304 ἐκεῖνος
2083 1269 2232 1316 ὡσπερεί
2265 1270 2356 1316 φασι

218 1317 272 1352 καὶ
290 1316 483 1365 εὖτύχεια
499 1317 593 1364 παρὰ
610 1317 794 1363 Σοφοκλεῖ.
1082 1344 1085 1345 .

271 1377 359 1414 883.
390 1377 523 1414 Pollux
539 1376 634 1419 VII,
658 1378 746 1414 185.
785 1379 963 1426 Σοφοκλῆς
991 1379 1061 1426 ἔφη
1091 1380 1114 1398 “
1126 1377 1270 1415 Ποππῦ-

217 1433 307 1477 ζεται
326 1429 585 1481 ζευγηλατρίς.”

1303 1320 1543 1370 λαθροδῆκτης,
1562 1321 1629 1357 ἀπὸ
1648 1325 1765 1358 κυνῶν.
1820 1322 1999 1368 Σοφοκλῆς

1410 1376 1578 1411 Σαίνουσα
1595 1376 1723 1412 δάκνεις
1740 1375 1795 1411 καὶ
1812 1374 1899 1411 κῦων
1915 1374 2099 1421 λαίθαργος
2117 1372 2158 1412 εἷ.

1304 1427 1417 1477 Apud
1441 1426 1555 1464 schol.
1582 1426 1775 1476 Aristoph.
1802 1426 1927 1475 Equit.
1946 1439 1982 1463 v.
2006 1428 2117 1464 1065.
2139 1432 2178 1464 et
2202 1426 2355 1465 Suidam

271 1485 358 1522 884.
388 1484 541 1521 Photius
568 1496 608 1533 p.
628 1485 692 1525 53,
721 1485 785 1521 25.
806 1489 844 1521 et
867 1476 947 1520 Sine
972 1488 1091 1534 poetae
1123 1483 1271 1521 nomine
1303 1481 1342 1518 in
1358 1482 1543 1530 λαίθαργος
1559 1480 1694 1530 legitur
1712 1482 1839 1518 σαίνεις
1856 1483 2036 1518 δάκνουσα.

218 1536 471 1575 Antiattieista
495 1550 533 1586 p.
566 1539 628 1582 98,
662 1538 696 1574 7.
732 1540 883 1586 Ζημίαν
908 1541 1073 1582 λαβεῖν;
1111 1539 1186 1574 ἀντὶ
1211 1541 1272 1574 τοῦ

218 1593 429 1639 ζημιωθῆναι.
459 1591 565 1630 οὕτως
582 1593 771 1639 Σοφοκλῆς.

215 1673 219 1676 ·
271 1655 360 1692 885.
409 1653 545 1692 Pollux
585 1653 655 1695 VI,
697 1655 783 1690 161.
828 1654 1047 1702 Ἣμίκακον
1088 1655 1272 1700 Εὐκλείδης

217 1707 310 1756 λέγει
341 1710 395 1745 καὶ
423 1710 614 1757 Σοφοκλῆς.
659 1708 912 1757 Ἀριστοφάνης
947 1709 984 1744 δὲ
1021 1708 1075 1743 καὶ
1107 1708 1271 1756 ἡμικάκως

218 1759 462 1810 (Thesmoph.
484 1759 596 1810 449.)

1357 1541 1446 1576 903.
1476 1538 1695 1575 Eustathius
1718 1552 1757 1590 Ρ.
1790 1539 1901 1580 1761,
1929 1540 1993 1579 27.
2022 1541 2236 1584 Λαπίζεινε
2264 1542 2355 1589 παρὰ

1305 1596 1483 1642 Σοφοκλεῖ,
1502 1595 1542 1630 τὸ
1561 1594 1720 1642 συρίζειν.
1751 1595 1805 1629 καὶ
1821 1595 1990 1636 βαυβᾶν,
2008 1595 2048 1630 τὸ
2072 1595 2264 1641 κοιμᾶσθαι,
2284 1593 2354 1631 οἷον

1621 1647 1667 1683 ‘H
1685 1649 1722 1683 δὲ
1740 1649 1961 1695 προύκαλεῖτό
1979 1663 2022 1694 με

1409 1704 1545 1745 βαυβᾶν
1562 1701 1632 1748 μετ’
1652 1703 1765 1747 αὐτῆς.

1357 1756 1446 1791 904.
1476 1754 1632 1791 Photius
1650 1767 1687 1802 p.
1714 1755 1803 1796 216,
1828 1756 1886 1791 16.
1915 1755 2130 1803 Λευγαλέα,
2157 1756 2351 1803 διάβροχος.

271 1815 360 1851 886.
390 1814 611 1863 Hesychius,
629 1815 846 1863 Ἡρακλεία
868 1815 1214 1863 λίθος-κέκληται
1233 1817 1269 1852 δέ
1303 1808 1390 1845 οὕτω
1418 1811 1608 1856 Σοφοκλῆς.
1664 1807 1825 1856 Etymol.
1850 1806 1908 1848 M,
1931 1820 1967 1856 Ρ.
1992 1809 2082 1853 516,
2113 1810 2174 1845 28.
2205 1817 2352 1858 Λευγα-

217 1866 322 1906 οῧτως
346 1869 413 1905 άπὸ
439 1869 640 1917 Ἡρακλείας
666 1872 726 1915 τῆς
751 1871 788 1906 ἐν
814 1871 920 1917 Λυδίᾳ
945 1871 1088 1906 πόλεως.
1134 1871 1186 1905 διὸ
1215 1871 1269 1906 καὶ
1302 1864 1418 1899 λέῦνῑ
1447 1863 1486 1898 Τὸ
1504 1864 1620 1912 ὑγρόν·
1649 1864 1827 1909 Σοφοκλῆς
1846 1861 1987 1911 “Mf'P‘P
2003 1861 2217 1912 zwyaxe'cpf'

217 1924 396 1969 Σοφοκλῆς
414 1924 539 1959 Λυδίαν
555 1923 654 1958 λίθον
671 1923 773 1968 αὐτὴν
791 1926 897 1959 καλεῖ.

272 1984 362 2020 887.
393 1983 556 2032 Etymol.
578 1983 633 2026 M,
660 1996 697 2032 Ρ.
717 1985 806 2029 450,
835 1986 898 2020 48-
936 1985 1108 2031 Θήλειατ
1142 1986 1179 2022 ἐκ
1205 1989 1266 2022 τοῦ
1305 1973 1325 2006 ὁ

218 2037 333 2083 θῆλυς.
362 2037 382 2083 ἢ
401 2039 492 2085 παρὰ
509 2037 548 2074 τὸ
567 2038 706 2074 θάλλειν
723 2040 777 2074 καὶ
793 2041 925 2087 γεννᾶν.
954 2039 1033 2076 ὅθεν
1046 2040 1101 2074 καὶ
1119 2038 1139 2084 ἡ
1158 2038 1266 2087 ὕπομ-

217 2093 303 2139 βρος
320 2091 380 2138 νὺξ
397 2093 488 2139 παρὰ
506 2093 675 2139 Σοφοκλεῖ
692 2093 810 2133 θήλεια
828 2095 989 2130 καλεῖται.

273 2147 363 2182 888.
393 2143 666 2182 Choeroboscus
695 2159 732 2195 p.
767 2148 856 2189 219,
890 2149 926 2183 5.
963 2145 1021 2183 ed.
1061 2145 1177 2183 Gaisf.
1213 2148 1259 2185 Τὸ

219 2210 364 2255 θὴλυδος
386 2213 477 2258 παρὰ
503 2215 550 2259 τῷ
576 2213 746 2258 Σοφοκλεῖ
768 2213 881 2249 κλιθέν
905 2213 960 2248 διὰ
983 2216 1044 2249 τοῦ
1069 2215 1128 2251 δος
1153 2213 1258 2260 ἡμάρ-

218 2276 327 2307 τηται.

272 2314 359 2349 889.
386 2312 549 2361 Etymol.
577 2312 634 2356 M,
662 2327 699 2363 p.
730 2316 792 2356 42,
825 2315 886 2351 40.
909 2314 1086 2363 Ἵδρις-
1103 2317 1223 2365 ἅῖδρις.
1246 2316 1267 2362 ἡ

218 2368 330 2415 γενικὴ
348 2361 497 2414 ἆΐδρεως,
518 2369 563 2404 ὣς
590 2367 671 2415 ὄφις
699 2368 821 2416 ὄφεως·
858 2369 912 2404 καὶ
938 2366 1046 2416 ἀΐδρεῖ
1069 2371 1124 2406 καὶ
1147 2369 1266 2418 άΐδρει.

219 2422 259 2456 οὗ
275 2422 342 2469 γὰρ
360 2423 410 2457 δεῖ
427 2422 483 2457 διὰ
499 2424 560 2457 τοῦ
578 2423 610 2457 δ.
622 2441 677 2447 --
690 2423 779 2458 ὥστε
795 2422 972 2470 ἁμάρτημα
989 2424 1029 2459 τὸ
1046 2425 1139 2471 παρὰ
1156 2425 1268 2471 Σοφο-

219 2476 294 2511 κλεῖ
317 2474 463 2523 ἰ’δριδα.
495 2473 634 2510 Confer
651 2473 888 2511 Eustathium
905 2487 943 2523 p.
964 2477 1055 2519 407,
1077 2478 1139 2514 38.

273 2535 363 2571 890.
393 2535 662 2574 Choeroboscus
680 2549 716 2584 p.
732 2536 821 2580 278,
837 2538 898 2577 26.
916 2537 975 2575 ed.
993 2537 1109 2575 Gaisf.
1157 2539 1263 2578 Ἴκτι-

220 2604 276 2626 νος
291 2589 311 2634 ἡ
331 2589 452 2629 εὐθεῖα,
475 2590 520 2627 ὣς
535 2592 626 2638 παρὰ
643 2592 823 2637 Σοφοκλεῖ’

262 2641 406 2681 Ἰκτινος
423 2644 468 2681 ὣς
486 2645 628 2691 ἔκλαγξε
645 2643 842 2692 παρασῦρας
861 2645 968 2692 κρέας·

220 2693 350 2731 Codex
366 2699 458 2744 παρὰ
487 2699 606 2745 συρὰν.
626 2696 790 2734 Zonaras
807 2709 844 2745 p.
867 2699 978 2735 1100.
1006 2697 1129 2738 ἴκτινος
1151 2700 1270 2747 ἕκραξε

219 2749 418 2798 παραυ-ὁρας
435 2752 544 2798 κρέας.
1158 2786 1161 2787 .

273 2803 363 2839 891.
385 2802 612 2847 PolluxVIL
628 2804 716 2840 185.
735 2803 1066 2849 Ἱπποβουκόλοι,
1079 2808 1268 2854 Σοφοκλῆς.

274 2856 363 2892 892.
394 2855 600 2892 Athenaeus
614 2855 669 2897 11,
685 2869 721 2904 p.
739 2859 788 2894 52
803 2856 839 2894 b.
896 2861 1012 2907 Κάρυα
1024 2879 1078 2886 —-
1089 2862 1129 2899 τὸ
1143 2861 1179 2896 δὲ
1193 2859 1266 2895 δέν-

220 2908 302 2956 δρον
319 2909 444 2957 καρύα
460 2911 551 2958 παρὰ
570 2912 740 2957 Σοφοκλεῖ
758 2913 781 2931 “
793 2910 920 2959 Καρῦαι
937 2913 1051 2959 μελίαι
1067 2911 1144 2950 τε.”

275 2970 364 3006 893.
398 2968 546 3010 Suidas,
574 2972 920 3011 Καταινέσαντοςε
963 2974 1266 3021 συγκαταθεμένου.

221 3025 413 3070 Σοφοκλῆς.
444 3025 639 3060 καταίνεσον
657 3024 765 3061 estin
785 3024 911 3074 OEdip.
932 3024 1013 3063 Col.
1031 3039 1067 3063 v.
1090 3028 1202 3065 1633.

276 3077 364 3112 894.
412 3076 571 3113 Photius
605 3089 642 3125 p.
677 3077 762 3119 148,
794 3078 829 3115 7.
884 3079 1163 3128 Κατ-εὔχεσθαι
1202 3085 1268 3117 τῶν

220 3128 388 3176 ’Λχαιῶνε
422 3131 496 3166 ἀντὶ
519 3133 580 3166 τοῦ
606 3131 689 3166 κατὰ
705 3134 772 3166 τῶν
793 3131 940 3178 Ἀχαιῶν
961 3135 1134 3183 εὔχεσθαι.
1163 3133 1268 3171 οὕτως

224 3186 413 3230 Σοφοκλῆς.
470 3183 569 3220 Sunt
587 3182 749 3221 Platonis
765 3184 876 3222 verba
895 3185 990 3234 Rep.
1009 3189 1044 3225 3.
1065 3199 1102 3236 p.
1123 3189 1210 3226 393.

274 3235 363 3272 895.
394 3234 551 3282 ΡΙὶοῒίμε
576 3247 614 3284 Ρ.
638 3235 724 3277 151,
753 3235 813 3272 14.
851 3240 1027 3286 Καυρόςε
1065 3243 1176 3278 κακός.
1209 3238 1266 3275 οὗ·

220 3302 286 3326 τως
303 3290 493 3336 Σοφοκλῆς.

1359 1914 1446 1952 905.
1478 1915 1635 1953 Photius
1647 1927 1685 1964 p.
1700 1916 1789 1956 219,
1803 1916 1865 1951 25.
1908 1919 1946 1950 et
1961 1913 2106 1957 Suidas,
2122 1916 2353 1964 Ληκυθιστῆςε

1342 1972 1567 2018 μικρόφωνος.
1595 1968 1700 2006 οὕτως
1717 1971 1907 2016 Σοφοκλῆς.
2294 2008 2298 2012 ,

1355 2030 1444 2066 906.
1473 2028 1706 2077 Phrynichus
1736 2041 1773 2076 p.
1804 2027 1876 2065 187
1906 2026 1965 2063 ed.
1994 2026 2156 2064 Lobeck.
2187 2030 2353 2073 Λίβανον

1301 2083 1382 2131 λέγε
1403 2085 1443 2119 τὸ
1469 2083 1620 2129 δένδρον·
1647 2084 1687 2118 τὸ
1709 2083 1746 2118 δὲ
1774 2083 1992 2128 θυμιώμενον,
2014 2083 2214 2124 λιβανωτόν·
2244 2085 2274 2118 εἷ
2301 2084 2353 2120 καὶ

1302 2138 1358 2173 διὰ
1374 2138 1434 2183 τὴν
1450 2138 1622 2183 ποιητικὴν
1639 2137 1781 2180 λίβανον
1799 2137 1852 2171 καὶ
1869 2137 1969 2171 τοῦτο
1985 2136 2163 2182 Σοφοκλῆς
2178 2137 2284 2184 λέγει.

1356 2195 1444 2231 907.
1474 2194 1629 2230 Photius
1643 2207 1679 2242 p.
1698 2194 1785 2235 227,
1803 2195 1863 2230 18.
1893 2195 2070 2240 Σοφοκλῆς
2084 2195 2121 2230 δὲ
2139 2197 2351 2243 λιτροσκό-

1301 2263 1377 2284 πον
1394 2249 1485 2295 φησὶ
1503 2248 1847 2296 τὸνάργυραμοιβὸν,
1861 2247 1928 2282 άπὸ
1946 2250 2007 2283 τοῦ
2025 2249 2241 2295 νομίσματος.

1355 2310 1443 2346 908.
1474 2308 1631 2346 Photius
1649 2322 1686 2358 p.
1712 2309 1800 2349 247,
1823 2308 1881 2345 17.
1910 2309 2088 2357 Μαρείνη
2114 2307 2296 2359 (μαρίλη);
2329 2313 2349 2358 ἡ

1301 2364 1540 2410 μεμαρασμένη
1558 2362 1634 2410 ὕλη,
1654 2364 1708 2399 καὶ
1725 2364 1803 2400 τοὺς
1820 2363 2051 2410 ἃνθρακευτάς.
2079 2365 2271 2412 Σοφοκλῆς.

1355 2424 1444 2460 909.
1476 2423 1629 2461 Photius
1664 2436 1700 2472 p.
1732 2425 1820 2466 255,
1851 2424 1912 2462 24.
1943 2425 2119 2471 Μελίνη;
2138 2445 2192 2451 —
2208 2426 2352 2475 ὅσπριόν

1303 2477 1408 2519 ἐστιν,
1421 2478 1505 2521 ὅπερ
1519 2480 1571 2514 καὶ
1583 2479 1766 2526 ἀρσενικῶς
1779 2478 1927 2525 λέγεται.
1947 2479 2126 2526 Σοφοκλῆς
2139 2499 2190 2504 -
2202 2480 2351 2527 θηλυκῶς

1302 2532 1431 2577 μελίνη.
1487 2529 1600 2567 Refer
1616 2531 1665 2567 ad
1682 2530 1727 2567 fr.
1749 2533 1838 2568 534.

1357 2584 1444 2620 910.
1463 2583 1594 2619 Pollux
1606 2582 1678 2625 ῙῙΙ,
1693 2584 1756 2620 45.
1778 2586 2002 2622 Μελλόποσιν
2012 2587 2072 2622 τὸν
2082 2586 2186 2635 ἄνδρα
2197 2588 2350 2635 ὠνόμασε

1303 2639 1493 2684 Σοφοκλῆς.

1356 2690 1445 2726 911.
1473 2688 1690 2725 Eustathius
1716 2702 1753 2738 p.
1784 2690 1874 2731 877,
1903 2692 1966 2728 51.
1996 2695 2124 2740 Μῆλα.
2162 2696 2350 2742 Σοφοκλῆς,

1302 2744 1412 2791 φησὶν
1430 2745 1448 2779 ὁ
1470 2745 1697 2791 γραμματικὸς
1719 2742 1980 2792 Ἀριστοφάνης,
1999 2747 2127 2793 δόξειεν
2150 2748 2192 2784 ἅν
2214 2763 2279 2785 που
2298 2751 2351 2785 καὶ

1302 2798 1343 2832 τὰ
1378 2797 1476 2844 θηρία
1505 2798 1612 2833 πάντα
1639 2799 1731 2843 μῆλα
1762 2799 1885 2834 καλεῖν.
1933 2796 2038 2836 Idem
2067 2811 2105 2849 Ρ.
2141 2801 2253 2842 1648,
2286 2802 2349 2838 60.

1303 2852 1479 2897 Σοφοκλῆς
1501 2853 1595 2898 γοῦν,
1615 2851 1718 2897 φασὶ,
1737 2851 1797 2887 τὸν
1818 2850 1983 2899 Ἀχιλλέα
2005 2856 2174 2901 τραφῆναι
2197 2856 2298 2891 εἷπὼν
2315 2856 2350 2891 ἐν

1302 2907 1348 2953 τῷ
1368 2905 1485 2953 Πηλίῳ
1503 2906 1570 2940 πᾶν
1586 2906 1694 2950 μῆλον
1711 2904 1873 2954 θηρῶντα,
1892 2905 1987 2951 δόξαι
2004 2906 2045 2942 ἃν
2061 2908 2104 2944 τὰ
2127 2908 2226 2955 θηρία
2242 2910 2349 2946 πάντα

1301 2960 1394 3004 μῆλα
1411 2959 1537 2993 καλεῖν.

1355 3011 1443 3046 912.
1474 3009 1610 3046 Pollux
1639 3009 1713 3052 III,
1747 3012 1806 3047 10.
1853 3011 2001 3062 Μήτηρ,
2029 3014 2048 3060 ἡ
2076 3018 2223 3052 τεκοῦσα
2249 3035 2302 3041 -—
2328 3016 2348 3062 ἡ

1300 3073 1433 3118 μαστὸν
1451 3073 1654 3119 ἐπισχοῦσα,
1673 3074 1718 3109 ὧς
1731 3074 1918 3120 Σοφοκλῆς.

1355 3125 1443 3161 913.
1473 3124 1630 3161 Photius
1642 3137 1679 3173 p.
1698 3127 1786 3169 269,
1801 3127 1838 3163 9.
1867 3128 2110 3166 Μιαίνεσθαι
2128 3131 2182 3167 καὶ
2200 3131 2347 3178 ε’κμιαί·

1302 3178 1454 3220 νεσθαι,
1474 3180 1512 3214 τὸ
1531 3179 1748 3227 ὀνειρώττειν.
1776 3183 1965 3228 Σοφοκλῆς.

1353 3239 1443 3275 914.
1472 3238 1633 3289 Etymol.
1660 3239 1718 3286 M,
1745 3253 1783 3290 p.
1812 3243 1901 3287 595,
1934 3244 1967 3278 1.
2007 3244 2187 3283 Μύνδοςε
2225 3246 2346 3293 μῦνδος

1301 3292 1406 3338 ἰχθὺς,
1427 3295 1617 3340 Σοφοκλῆς·
1646 3296 1665 3330 ὁ
1681 3296 1726 3342 μὴ
1744 3297 1865 3332 αὐδῶν.
1894 3296 1972 3332 ὅθεν
1989 3299 2042 3333 καὶ
2060 3300 2192 3346 ἔλλοψ,
2207 3299 2273 3336 ἀπὸ
2287 3303 2345 3336 τοῦ

275 3341 365 3377 896.
395 3339 559 3389 Etymol.
588 3339 646 3387 M,
674 3353 713 3390 Ρ.
743 3342 831 3387 500,
861 3343 924 3380 54.
962 3345 1134 3383 Κέκοναε
1176 3347 1267 3393 παρὰ
1302 3346 1448 3391 ἐλλειπῆ
1465 3347 1525 3392 τὴν
1541 3347 1608 3383 ὅπα
1625 3349 1728 3394 ἔχειν.

221 3396 401 3442 Σοφοκλεῖ.
431 3396 497 3431 ἀπὸ
516 3398 576 3431 τοῦ
594 3395 719 3437 κτείνω,
739 3397 866 3438 ἕκτονα,
886 3397 1014 3434 κε’κονα.

275 3448 365 3488 897.
391 3446 552 3496 Etymol.
573 3446 631 3489 M,
660 3460 697 3496 p.
719 3449 808 3489 511,
829 3450 892 3487 52.
922 3451 1161 3500 Κηρύκειονι
1190 3454 1265 3489 ἔστι

1353 3399 1440 3434 915.
1471 3398 1603 3436 Pollux
1620 3399 1709 3443 VII,
1730 3403 1791 3439 30.
1823 3405 1962 3449 Ξάσμα
1980 3406 2168 3452 Σοφοκλῆς.

1354 3452 1441 3487 916.
1469 3451 1621 3489 Photius
1638 3465 1675 3502 p.
1697 3456 1861 3498 31223.
1891 3462 2072 3495 Ξυνῶνατ
2101 3460 2160 3497 τὸν
2178 3462 2330 3499 κοινωνόν

223 3503 481 3554 προσηγορικὸν,
496 3503 549 3539 καὶ
567 3503 720 3549 σημαίνει
733 3505 848 3541 πᾶσαν
863 3502 992 3553 ῥάβδον
1007 3505 1159 3556 κήρυκος.
1189 3508 1265 3544 ἔστι
1300 3507 1487 3554 Σοφοκλῆς.
