2488 3860
237 266 318 312 450

237 375 305 409 KA.
333 370 425 408 ἀλλὰ
450 371 527 407 τόδε
558 370 730 420 φράσσαι,
757 372 825 422 πρὸ
856 372 975 410 Πύλου
1006 374 1124 410 Πύλον
1148 375 1188 422 ῆν
1215 389 1273 411 σοι
1295 374 1300 424 Ι

328 423 434 460 Ἐστι
451 423 566 462 Πύλος
583 426 650 473 πρὸ
667 422 797 461 Πύλοιο
1097 425 1274 474 [ἕφραζεν,

235 483 406 515 ΔΗΜΟΣ.
743 478 778 515 τί
793 481 894 514 τοῦτο
910 480 1015 524 λεγει,
1034 481 1100 526 πρὸ
1118 478 1271 523 Πύλοιο;

234 536 304 566 ΑΛ.
334 531 393 567 τὰς
403 529 554 567 πυέλους
567 530 676 577 φησιν
687 529 925 578 καταλήψεσθ’
941 532 976 566 ἐν
988 532 1169 582 βαλανείῳ.
1193 535 1273 568 1060

236 588 402 620 ΔΗΜΟΣ.
432 583 497 630 ἐγὼ
515 582 543 618 δ’
563 583 706 620 ἄλουτος
722 582 865 630 τήμερον
880 582 1076 631 γενήσομαι.

337 634 434 671 οὗτος
450 636 516 682 γὰρ
533 635 624 681 ἡμῶν
640 636 700 672 τὰς
716 636 861 672 πυέλους
878 635 1092 683 ἀφήρπασεν.

235 694 305 724 ΑΛ.
335 687 414 723 ἀλλ’
434 688 553 723 οὑτοσὶ
569 688 635 735 γάρ
649 687 724 723 ἐστι
741 689 818 735 περὶ
836 690 896 723 τοῦ
914 691 1066 723 ναυτικοῦ

337 742 355 775 ὁ
373 742 537 788 χρησμὸς,
558 737 585 789 ᾧ
603 754 644 775 σε
663 741 714 775 δεῖ
729 741 912 787 προσέχειν
929 742 988 776 τὸν
1005 743 1082 776 νοῦν
1099 742 1197 776 πάνυ.

235 798 403 830 ΔΗΜΟΣ.
432 793 605 840 προσέχω·
636 793 681 828 σὺ
705 793 732 828 δ’
761 793 1000 840 ἀναγίγνωσκε,
1026 795 1095 829 τοῖς
1120 792 1273 828 ναύταισί

336 844 426 882 ὅπως
443 847 462 880 ὁ
479 845 603 891 μισθὸς
618 849 752 892 πρῶτον
769 845 1029 890 ἀποδοθήσεται.
1091 844 1170 892 [μου
1193 850 1269 891 1065

237 903 302 934 ΑΛ.
331 898 479 945 Αἷγείδη,
499 899 658 945 φράσσαι
677 899 902 940 κυναλώπεκα,
921 897 966 942 μή
987 911 1028 932 σε
1046 898 1196 942 δολώσῃ,

334 950 530 998 λαίθαργον,
549 948 732 996 ταχύπουν,
753 950 869 986 δολίαν
886 950 1002 996 κερδὼ,
1018 948 1208 997 πολύιδριν.

336 999 429 1038 οἶσθ’
448 1003 468 1038 ὅ
484 1003 518 1038 τί
536 1003 630 1038 ἐστιν
645 1005 767 1044 τοῦτο;

234 1060 403 1091 ΔΗΜΟΣ.
772 1057 1003 1101 Φιλόστρατος
1020 1054 1040 1099 ἡ
1059 1055 1269 1100 κυναλώπηξ.

235 1114 303 1144 ΑΛ.
332 1108 371 1142 οὐ
389 1110 488 1143 τοῦτό
506 1109 626 1154 φησιν,
646 1108 737 1143 ἀλλὰ
755 1110 833 1144 ναῦς
850 1109 1011 1142 ἑκάστοτε
1192 1119 1272 1154 1070

335 1160 420 1195 αἶτεΐ
435 1162 568 1206 ταχείας
586 1161 837 1208 ἀργυρολόγους
854 1160 986 1195 οὑτοσί·

336 1212 456 1249 ταύτας
474 1214 604 1259 ἀπαυδᾷ
621 1213 664 1258 μὴ
684 1213 808 1248 διδόναι
828 1211 860 1246 σ’
880 1214 899 1247 ὁ
918 1212 1052 1256 Λοξίας.

235 1271 403 1303 ΔΗΜΟΣ.
432 1269 503 1303 πῶς
517 1266 556 1311 δὴ
575 1264 709 1313 τριήρης
728 1265 802 1300 ἐστὶ
821 1265 1019 1310 κυναλώπηξ
1035 1278 1043 1305 ;

235 1325 303 1354 ΑΛ.
952 1316 1062 1358 &mon

336 1370 387 1406 ὅτι
404 1370 424 1416 ἡ
442 1369 577 1418 τριήρης
595 1370 670 1405 ἐστὶ
687 1370 739 1416 χώ
758 1368 844 1405 κύων
861 1368 959 1415 ταχύ.

235 1429 402 1459 ΔΗΜΟΣ.
431 1427 502 1460 πῶς
520 1422 578 1458 οὖν
595 1423 736 1467 ἀλώπηξ
753 1421 941 1470 προσετέθη
959 1423 1045 1469 πρὸς
1061 1424 1108 1471 τῷ
1126 1422 1218 1464 κυνί;

235 1482 306 1511 ΑΛ.
336 1476 557 1511 ἀλωπεκίοισι
574 1474 652 1511 τοὺς
670 1476 877 1522 στρατιώτας
893 1473 1029 1520 ᾔκασεν,
1194 1479 1272 1521 1076

335 1529 407 1573 ὁτιὴ
424 1530 550 1575 βότρυς
567 1529 756 1575 τρώγουσιν
774 1528 809 1563 ἐν
826 1529 895 1564 τοῖς
912 1527 1061 1574 χωρίοις.

235 1586 402 1617 ΔΗΜΟΣ.
432 1577 508 1615 εἷεν·

335 1632 466 1670 τούτοις
483 1635 502 1668 ὁ
519 1633 642 1678 μισθὸς
659 1634 730 1669 τοῖς
747 1633 967 1668 ἀλωπεκίοισι
984 1635 1050 1668 ποῦ
1065 1645 1074 1673 3

234 1691 302 1722 AA.
332 1686 397 1732 ἐγὼ
414 1689 520 1732 ποριῶ
539 1686 593 1720 καὶ
609 1688 729 1720 τοῦτον
745 1685 874 1732 ἡμερῶν
891 1689 1002 1732 τριῶν.
1191 1695 1270 1731 1079

335 1736 414 1773 ἀλλ’
431 1739 480 1773 ἔτι
498 1738 584 1773 τόνδ’
605 1738 804 1777 ἐπάκουσον,
825 1736 862 1772 ὃν
880 1735 953 1773 εἶπέ
978 1752 1035 1773 σοι
1054 1737 1269 1782 ἐξαλέασθαι,

335 1792 491 1837 χρησμὸν
508 1787 681 1834 Λητοΐδης,
703 1789 891 1835 Κυλλήνην,
910 1789 955 1835 μή
975 1804 1017 1825 σε
1035 1791 1185 1836 δολώσῃ.

236 1848 401 1879 ΔΗΜΟΣ.
430 1843 530 1879 ποίαν
547 1842 746 1888 Κυλλήνην;

210 1919 213 1923 .
238 1901 302 1931 ΑΛ.
741 1894 800 1940 τὴν
817 1893 937 1930 τούτου
954 1893 1040 1942 χεῖρ’
1060 1895 1219 1939 ἐποίησεν

336 1946 515 1993 Κυλλήνην
533 1947 651 1994 ὀρθῶς,
672 1947 744 1992 ὁτιή
763 1946 862 1993 φησ’,
883 1948 1012 1992 ἔμβαλε
1029 1949 1149 1992 κυλλῇ.

237 2002 306 2033 ΚΔ.
335 1997 396 2031 οὒκ
413 1997 521 2044 ὀρθῶς
539 1997 672 2043 φράζει·
702 1997 762 2043 τὴν
779 1996 956 2042 Κυλλήνην
971 1997 1037 2044 γὰρ
1056 1999 1075 2032 ὁ
1093 1998 1219 2039 Φοῖβος

337 2049 385 2085 εἶς
402 2049 462 2094 τὴν
478 2049 563 2096 χεῖρ’
583 2049 690 2096 ὀρθῶς
706 2050 842 2096 ᾐνίξατο
859 2050 919 2094 τὴν
937 2049 1149 2085 Διοπείθους.
1192 2052 1269 2091 1085

337 2102 429 2136 ἀλλὰ
441 2102 507 2149 γάρ
521 2102 615 2137 ἐστιν
626 2102 700 2147 ἐμοι
713 2103 868 2149 χρησμὸς
878 2103 955 2149 περὶ
970 2103 1035 2136 σοῦ
1045 2102 1269 2149 πτερυγωτὸς,

338 2153 446 2190 αἰετὸς
464 2154 508 2190 ὡς
524 2155 631 2202 γίγνει
650 2156 703 2189 καὶ
719 2155 832 2199 πάσης
848 2156 910 2202 γῆς
927 2153 1136 2197 βασιλεύεις.

336 2206 467 2253 καὶγὰρ
482 2207 566 2252 ἐμοὶ,
583 2208 636 2242 καὶ
649 2209 710 2253 γῆς
725 2207 777 2242 καὶ
795 2209 853 2252 τῆς
870 2206 1011 2254 ἐρυθρᾶς
1022 2221 1063 2254 γε
1080 2205 1269 2249 θαλάσσης,

338 2258 422 2304 χῶτι
439 2258 472 2306 γ’
492 2260 527 2294 ἐν
537 2257 753 2301 Ἐκβατάνοις
771 2260 930 2299 δικάσεις,
944 2259 1070 2304 λείχων
1087 2258 1270 2293 ἐπίπαστα.

337 2310 415 2346 ἀλλ’
428 2312 493 2358 ἐγὼ
507 2309 595 2347 εἶδον
609 2311 700 2358 ὄναρ,
716 2311 769 2347 καί
782 2311 936 2357 μούδόκει
950 2310 968 2356 ἡ
984 2311 1059 2348 θεὸς
1072 2310 1152 2354 αὐτὴ
1195 2323 1273 2355 1090

339 2366 399 2398 τοῦ
418 2363 522 2409 δήμου
541 2366 696 2409 καταχεῖν
713 2365 869 2411 ἀρυταίνῃ
887 2363 1136 2411 πλουθυγίειαν.

242 2421 308 2451 ΑΛ.
338 2416 376 2461 νὴ
396 2416 460 2451 Δία
479 2417 531 2451 καὶ
548 2417 614 2464 γὰρ
633 2417 710 2463 ἐγώ·
741 2418 796 2451 καί
812 2417 966 2461 μούδόκει
984 2416 1003 2461 ἡ
1023 2416 1097 2453 θεὸς
1114 2416 1196 2460 αὐτὴ

341 2469 376 2503 ἐκ
393 2471 524 2506 πόλεως
543 2469 657 2503 ἐλθεῖν
675 2469 728 2503 καὶ
744 2470 856 2516 γλαῦξ
873 2469 955 2514 αὐτῇ
970 2468 1196 2513 ’πικαθῆσθαι·

341 2518 412 2556 εἶτα
430 2521 669 2557 κατασπένδειν
686 2522 769 2556 κατὰ
786 2523 844 2566 τῆς
863 2522 1014 2567 κεφαλῆς
1031 2521 1216 2568 ἀρυβάλλῳ

341 2573 532 2620 ἀμβροσίαν
550 2574 631 2608 κατὰ
651 2576 726 2614 σοῦ,
743 2575 824 2610 κατὰ
835 2572 956 2609 τούτου
977 2574 1013 2609 δὲ
1028 2574 1274 2619 σκοροδάλμην.

242 2630 408 2661 ΔΗΜΟΣ.
439 2626 490 2660 ἷοὺ
509 2625 573 2661 ἶοῦ.

343 2678 403 2712 οὐκ
420 2677 460 2722 ἦν
477 2678 528 2725 ἄρ’
548 2679 656 2715 οὐδεὶς
673 2681 733 2714 τοῦ
751 2680 912 2715 Γλάνιδος
930 2679 1139 2726 σοφώτερος.

344 2731 397 2765 καὶ
416 2733 474 2765 νῦν
491 2731 631 2776 ἐμαυτὸν
649 2731 813 2779 ἐπιτρέπω
833 2746 890 2767 σοι
908 2732 1039 2766 τουτονὶ

344 2785 606 2830 γερονταγωγεῖν
624 2783 871 2819 κάναπαιδεύειν
888 2785 1003 2819 πάλιν.

244 2838 314 2868 ΚΛ.
341 2833 439 2879 μήπω
456 2834 501 2881 γ’,
518 2834 650 2870 ἱκετεύω
669 2833 715 2876 σ’,
730 2836 808 2871 ἀλλ’
821 2837 1004 2881 ἀνάμεινον,
1018 2836 1062 2872 ὡς
1079 2836 1144 2883 ἐγὼ
1201 2849 1280 2872 1100

346 2886 460 2932 κριθὰς
477 2891 584 2934 ποριῶ
604 2902 661 2923 σοι
679 2889 731 2922 καὶ
749 2889 826 2931 βίον
844 2889 919 2923 καθ’
939 2889 1074 2936 ἡμέραν.

244 2943 416 2974 ΔΗΜΟΣ.
446 2938 505 2973 οὐκ
523 2940 682 2985 ἀνέχομαι
701 2940 822 2987 κριθῶν
836 2940 975 2976 ἀκούων·
1005 2941 1170 2978 πολλάκις

348 2989 555 3035 ἐξηπατήθην
572 2992 637 3027 ὑπό
654 3007 691 3026 τε
710 2995 774 3027 σοῦ
793 2994 845 3028 καὶ
865 2994 1072 3039 Θουφάνους.

245 3048 316 3077 ΚΛ.
345 3041 423 3076 ἀλλ’
442 3042 559 3088 ἄλφιτ’
578 3045 639 3088 ἤδη
659 3059 716 3078 σοι
733 3049 840 3092 ποριῶ
857 3045 1091 3091 ’σκευασμένα.

246 3101 314 3129 ΑΛ.
345 3094 410 3140 ἐγὼ
429 3095 464 3129 δέ
482 3095 645 3139 μαζίσκας
662 3111 702 3142 γε
720 3097 982 3144 διαμεμαγμένας

348 3147 402 3180 καὶ
419 3147 552 3192 τοῦψον
569 3147 685 3182 ὀπτόν·
714 3150 815 3194 μηδὲν
833 3150 910 3184 ἄλλ’
930 3150 959 3184 εἶ
975 3149 1019 3195 μὴ
1037 3148 1138 3184 ’σθιε.

248 3202 416 3233 ΔΗΜΟΣ.
446 3197 593 3233 ἀνύσατέ
619 3214 688 3240 νυν,
709 3200 728 3235 ὅ
745 3215 777 3235 τι
795 3216 858 3248 περ
876 3201 1047 3247 ποιήσεθ’·
1078 3202 1122 3238 ὣς
1140 3202 1216 3250 ἐγὼ,

349 3251 510 3297 ὁπότερος
528 3251 568 3285 ἂν
586 3252 688 3299 σφῷν
706 3252 742 3287 εὖ
759 3267 800 3297 με
817 3256 950 3298 μᾶλλον
967 3251 1008 3288 αὖ
1024 3255 1116 3299 ποιῇ,

349 3301 457 3350 τούτῳ
474 3303 665 3348 παραδώσω
679 3305 738 3348 τῆς
754 3307 876 3341 πυκνὸς
893 3306 952 3341 τὰς
969 3306 1073 3350 ἡνίας.
1205 3321 1282 3351 1109

248 3359 319 3390 ΚΑ.
347 3353 496 3400 τρέχοιμ’
508 3354 548 3389 ἂν
562 3352 643 3388 εἵσω
661 3358 835 3403 πρότερος.
877 3364 946 3394 ΑΛ.
964 3359 1003 3394 οὗ
1017 3357 1099 3404 δῆτ’,
1115 3357 1193 3394 ἀλλ’
1206 3360 1282 3394 ἐγώ.

248 3411 320 3443 XO.
349 3405 375 3440 ὦ
394 3407 497 3451 Δῆμε,
517 3405 621 3451 καλήν
637 3408 670 3453 γ’
688 3408 778 3453 ἔχεις
1203 3422 1281 3455 στρ.

351 3458 469 3505 ἀρχὴν,
489 3457 545 3493 ὅτε
561 3465 682 3494 πάντες
700 3460 755 3493 ἅν-

352 3510 480 3557 θρωποι
497 3510 628 3545 δεδίασί
646 3509 679 3544 σ’
699 3511 767 3546 ὥσ-

353 3576 416 3606 περ
433 3562 536 3608 ἄνδρα
553 3561 722 3611 τύραννον.

237 2211 307 2242 AA.

239 2316 308 2347 KA.

1199 2630 1277 2671 1096

1203 3111 1279 3143 ¹¹05

1300 2320 1396 2374 1{KA.

1067 271 1528 316 ΑΡΙΣΤΟΦΑΝΟὙΣ

1423 367 1814 422 ἀλλἐὗπαράγωψοςεζ

1414 429 1652 471 ’θωπευόμενός
1667 440 1705 462 τε
1720 426 1798 472 χαί-

1424 496 1492 528 ρεις
1510 480 1797 524 κάξαπατώμενος,

1423 534 1509 579 πρὸς
1525 534 1584 568 τόν
1601 546 1638 567 τε
1654 530 1786 576 λέγοντ’
1805 530 1856 566 ἀεὶ

1425 585 1576 632 κέχηνας·
1606 586 1625 619 ὅ
1643 585 1719 619 νοῦς
1737 582 1776 618 δέ
1792 597 1857 618 σου

1424 638 1539 684 παρὼν
1556 637 1734 680 ἀποδημεῖ.-

1324 695 1493 726 ΔΗΜΟΣ.
1522 691 1599 725 νοῦς
1616 688 1676 723 οὐκ
1693 688 1740 722 ἔνι
1757 689 1830 723 ταῖς
1847 688 1961 732 κόμαις

1426 741 1528 787 ὑμῶν,
1546 740 1603 776 ὅτε
1619 739 1653 786 μ’
1672 739 1712 774 οὔ
1730 740 1868 786 φρονεῖν

1426 793 1580 839 νομίζετ’·
1610 793 1675 839 ἐγὼ
1693 791 1721 827 δ’
1742 792 1824 827 ἑκὼν

1426 848 1518 882 ταῦτ’
1535 844 1708 891 ἠλιθιάζω.

1426 899 1524 935 αὐτός
1541 913 1578 933 τε
1595 898 1661 945 γὰρ
1678 897 1798 942 ἥδομαι

1425 950 1588 998 βρύλλων
1605 951 1643 984 τὸ
1661 949 1737 984 καθ’
1755 947 1890 995 ἡμέραν,

1427 1003 1613 1039 κλέπτοντά
1629 1016 1665 1036 τε
1682 999 1849 1046 βούλομαι

1425 1056 1562 1103 τρέφειν
1580 1054 1636 1090 ἕνα
1652 1055 1856 1101 προστάτην·

1426 1111 1545 1143 τοῦτον
1563 1106 1604 1147 δ’,
1624 1106 1704 1142 ὅταν
1719 1103 1742 1151 ᾖ
1758 1105 1881 1146 πλέως,

1426 1158 1507 1208 ἄρας
1524 1159 1684 1204 ἐπάταξα.

1323 1220 1393 1250 XO.
1422 1215 1535 1260 χοῦτω
1552 1213 1614 1258 μὲν
1631 1212 1671 1247 ἂν
1689 1210 1726 1246 εὖ
1743 1213 1863 1250 ποιοῖς,

1427 1264 1458 1301 εἴ
1474 1280 1531 1301 σοι
1548 1266 1710 1310 πυκνότης
1727 1263 1834 1299 ἔνεστ’

1428 1319 1463 1354 ἐν
1479 1319 1526 1367 τῷ
1543 1320 1669 1365 τρόπῳ,
1690 1318 1734 1353 ὡς
1750 1317 1874 1363 λέγεις,

1427 1370 1534 1419 τούτῳ
1552 1371 1638 1406 πάνυ
1656 1369 1782 1414 πολλὴ,

1427 1423 1456 1459 εἷ
1473 1422 1589 1459 τούσδ’
1610 1422 1760 1467 ἐπίτηδες
1777 1421 1847 1456 ὦσ-

1426 1491 1490 1524 περ
1508 1475 1690 1521 δημοσίους
1707 1474 1842 1520 τρέφεις

1428 1530 1463 1564 ἐν
1480 1531 1520 1574 τῇ
1538 1528 1647 1567 πυκνὶ,
1667 1524 1742 1573 κᾷθ’
1763 1526 1842 1561 ὅταν

1426 1580 1472 1628 μή
1491 1595 1549 1616 σοι
1566 1579 1651 1626 τύχῃ
1670 1579 1761 1626 ὄψον
1779 1579 1827 1618 ὂν,

1427 1632 1554 1669 τούτων
1571 1632 1608 1670 δς
1625 1632 1665 1667 ἂν
1681 1629 1703 1678 ᾗ
1719 1631 1840 1677 παχὺς,

1428 1685 1535 1722 θύσας
1552 1686 1761 1721 ἐπιδειπνεῖς.

1325 1744 1495 1777 ΔΗΜΟΣ.
1525 1736 1708 1784 σκέψασθε
1725 1736 1765 1772 δέ
1779 1735 1826 1782 μ’,
1847 1735 1876 1771 εἶ
1894 1736 2014 1782 σοφῶς

1427 1791 1547 1828 αὐτοὺς
1564 1790 1793 1837 περιέρχομαι,

1427 1844 1505 1880 τοὺς
1522 1842 1692 1888 οἰομένους
1710 1843 1848 1890 φρονεῖν

1429 1895 1502 1942 κᾶμ’
1522 1893 1775 1939 ἐξαπατύλλειν.

1427 1952 1516 1995 τηρῶ
1533 1949 1598 1994 γὰρ
1617 1945 1769 1981 ἑκάστοτ’
1784 1946 1842 1980 αὐ-

1429 1999 1519 2039 τοὺς,
1539 1998 1616 2034 οῦδὲ
1635 1998 1740 2033 δοκῶν
1758 1998 1850 2043 ὁρᾶν,

1430 2051 1646 2087 κλέπτοντας·
1675 2047 1776 2085 ἔπειτ’
1794 2049 1896 2095 ἀναγ-

1431 2105 1518 2146 κάζω
1535 2103 1639 2138 πάλιν
1657 2102 1786 2146 ἐξεμεῖν

1427 2155 1497 2191 ἄττ’
1517 2155 1557 2190 ἂν
1575 2153 1774 2200 κεκλόφωσί
1789 2167 1867 2198 μου,

1428 2209 1532 2253 κημὸν
1549 2208 1759 2252 καταμηλῶν.
2282 2215 2364 2248 1150

1426 2259 1524 2307 απαγ’
1545 2259 1579 2296 ἐς
1596 2259 1758 2323 μακαρίαν
1775 2258 1935 2293 ἐκποδών.
1975 2262 2045 2292 AA.
2070 2254 2117 2292 συ
2130 2253 2165 2303 γ’
2167 2281 2179 2298 ,
2197 2254 2223 2290 ὦ
2241 2255 2361 2319 φθόρε.

1426 2313 1452 2348 ὦ
1471 2311 1567 2358 Δῆμ’,
1588 2312 1653 2358 ἐγὼ
1671 2311 1783 2355 μέντοι
1801 2309 2115 2356 παρεσκευασμένος

1427 2365 1587 2413 τρίπαλαι
1605 2363 1758 2409 κάθημαι,
1778 2364 1986 2408 βουλόμενός
2005 2361 2038 2396 σ’
2058 2361 2252 2408 εὐεργετεῖν.

1326 2426 1394 2455 ΑΛ.
1424 2419 1489 2465 εγὼ
1508 2419 1544 2453 δε
1563 2417 1747 2452 δεκάπαλαί
1764 2431 1805 2463 γε
1823 2430 1875 2450 και
1894 2414 2127 2450 δωδεκάπαλαι

1427 2472 1480 2506 καὶ
1497 2472 1695 2517 χιλιόπαλαι
1714 2469 1767 2503 καὶ
1784 2470 1956 2515 πρόπαλαι
1987 2468 2092 2502 πάλαι
2109 2466 2228 2502 πάλαι.

1325 2529 1493 2560 ΔΗΜΟΣ.
1523 2523 1589 2569 ἐγὼ
1606 2523 1643 2557 δέ
1659 2522 1859 2568 προσδοκῶν
1876 2535 1915 2567 γε
1932 2520 2214 2566 τρισμυριόπαλαι

1425 2575 1652 2620 βδελύττομαι
1671 2574 1765 2620 σφὼ,
1785 2574 1838 2609 καὶ
1855 2574 2026 2620 πρόπαλαι
2055 2572 2161 2607 πάλαι
2178 2571 2296 2606 πάλαι.

2275 377 2355 419 mg

2276 645 2357 671 uzo

2281 1169 2361 1201 ¹¹30

2285 1207 2356 1245 ἀντ.

2233 1401 2238 1406 ’
2282 1427 2359 1465 11³³

2282 1693 2362 1724 1140

2249 1953 2357 1988 ⁴¹¹45
2395 1946 2401 1951 ⁴

1325 2267 1396 2296 KA.

2285 2476 2362 2511 115⁵

1298 2640 1300 2666 ἶ
1325 2635 1394 2664 ΑΛ.
1423 2627 1517 2664 οἶσθ’
1537 2627 1595 2663 οὖν
1613 2627 1631 2662 ὃ
1650 2628 1800 2673 δρᾶσον,
1792 2639 1799 2646 ·

1298 2713 1300 2732 ÷
1325 2687 1494 2717 ΔΗΜΟΣ

1825 2679 1854 2713 εἷ
1873 2679 1908 2713 δὲ
1926 2677 1983 2723 μὴ,
2002 2677 2149 2724 φράσεις
2165 2689 2206 2725 γε
2224 2673 2281 2711 σύ.

1327 2740 1394 2771 ΑΛ.
1422 2733 1546 2780 ἅφες’
1527 2733 1593 2769 απὸ
1610 2732 1789 2775 βαλβίδων
1808 2731 1867 2776 ε’μέ
1883 2745 1918 2765 τε
1937 2731 1990 2765 καὶ
2007 2730 2150 2768 τουτονὶ,

1427 2785 1480 2822 ἵνα
1499 2784 1533 2821 σ’
1553 2801 1588 2821 ευ
1606 2788 1753 2830 ποιῶμεν
1771 2782 1842 2829 ‘'g’'
1828 2798 1929 2819 ισου.

2284 2782 2365 2817 1160

1328 2845 1496 2874 ΔΗΜΟΣ.
1959 2835 2040 2882 δρᾶν
2057 2835 2159 2869 ταῦτα
2176 2831 2255 2882 χρή.

1427 2892 1555 2927 ἄπιτον.
1614 2896 1685 2925 ΚΛ.
1714 2888 1799 2925 ἷδού.

1326 2950 1494 2979 ΔΗΜΟΣ.
1732 2940 1831 2976 θέοιτ’
1850 2941 1902 2975 ι’ίν.
1975 2945 2045 2975 ΑΛ.
2073 2937 2210 2974 ὑποθεῖν
2227 2938 2286 2973 ούκ
2305 2937 2361 2974 ε’ῶ.

1327 3002 1495 3031 ΔΗΜΟΣ.
1525 2992 1604 3031 ἀλλ’
1623 2994 1643 3040 ἢ
1661 2995 1817 3042 μεγάλως
1835 2991 2063 3037 εὐδαιμονήσω
2080 2989 2223 3036 τήμερον

1428 3049 1493 3084 ὑπὸ
1511 3052 1576 3083 τῶν
1594 3049 1745 3094 ἐραστῶν
1762 3046 1799 3087 νὴ
1819 3045 1874 3080 Δί’
1893 3045 1912 3090 ἢ
1931 3044 1990 3090 ’γὼ
2009 3042 2194 3091 θρύψομαι.

1327 3107 1396 3135 ΚΛ.
1426 3103 1527 3147 ὁρᾷς;
1557 3101 1622 3147 ἐγώ
1643 3114 1699 3134 σοι
1713 3101 1874 3145 πρότερος
1893 3097 2024 3143 ἐκφέρω
2043 3096 2177 3141 δίφρον.

1325 3159 1394 3187 ΑΛ.
1423 3153 1500 3187 ἀλλ’
1521 3153 1560 3187 οὐ
1577 3153 1752 3199 τράπεζαν,
1773 3149 1849 3185 ἀλλ’
1870 3150 1935 3196 ἐγὼ
1953 3147 2219 3195 προτεραίτερος.

1326 3211 1396 3240 ΚΛ.
1426 3205 1498 3239 ἰδοὺ
1517 3205 1611 3251 φέρω
1631 3218 1688 3239 σοι
1706 3203 1803 3247 τήνδε
1820 3202 1984 3247 μαζίσκην
2001 3201 2067 3247 ἐγὼ

1428 3258 1463 3291 ἐκ
1481 3261 1547 3291 τῶν
1564 3257 1654 3291 ὀλῶν
1671 3260 1736 3290 τῶν
1755 3256 1790 3289 ἐκ
1810 3253 1927 3289 Πύλου
1943 3251 2163 3299 μεμαγμένην.

1324 3315 1394 3344 ΛΑ.
1424 3309 1488 3355 ἐγὼ
1508 3310 1543 3343 δέ
1562 3308 1729 3353 μυστίλας
1746 3305 2034 3351 μεμυστιλημένας

1427 3361 1492 3396 ὑπὸ
1510 3363 1569 3405 τῆς
1583 3361 1660 3395 θεοῦ
1678 3362 1718 3405 τῇ
1735 3360 1824 3405 χειρὶ
1841 3356 2077 3403 τήλεφαντίνῃ.

1324 3418 1492 3448 ΔΗΜΟΣ.
1522 3414 1566 3449 ὡς
1583 3413 1687 3460 μέγαν
1704 3411 1755 3459 ἄρ’
1774 3408 1873 3456 εἶχες,
1892 3409 1919 3444 ὦ
1935 3410 2063 3451 πότνια,
2083 3409 2142 3444 τὸν
2159 3408 2334 3444 δάκτυλον.

1325 3472 1395 3500 ΚΛ.
1425 3465 1490 3509 ἐγὼ
1509 3464 1536 3499 δ’
1556 3466 1648 3500 ἔτνος
1664 3479 1704 3509 γε
1721 3463 1856 3499 πίσινον
1873 3463 2002 3508 εὔχρων
2019 3461 2072 3495 καὶ
2090 3462 2203 3495 καλόν·
2284 3470 2358 3508 1111

1428 3518 1560 3563 ἐτόρυνε
1578 3516 1607 3551 δ’
1626 3516 1702 3551 αὔθ’
1722 3515 1741 3560 ἧ
1760 3514 1902 3550 Παλλὰς
1920 3513 1939 3557 ἡ
1958 3514 2190 3558 Πυλαιμάχος.

1326 3575 1393 3605 ΑΛ.
1423 3567 1449 3604 ὣ
1469 3567 1564 3614 Δῆμ’,
1584 3568 1728 3615 ἐναργῶς
1746 3566 1764 3611 ἡ
1784 3566 1859 3603 θεός
1877 3565 1910 3601 σ’
1930 3565 2117 3604 ἐπισκοπεῖ,

2283 3149 2360 3192 1165
2384 3124 2388 3127 μ
