2488 3860
860 244 1169 284 ΙΦΙΓΕΝΕΙΑ
1208 246 1247 283 Η
1289 245 1365 284 ΕΝ
1405 246 1621 285 ΑΥΛΙΔῘ.

288 343 440 380 ἑλίσσων
456 345 534 391 περὶ
551 345 649 381 νίκας.

287 398 307 431 6
324 396 361 431 δὲ
378 396 585 443 διφρηλάτας
602 396 715 438 ἐβοᾶτ’

286 449 441 492 Εὔμηλος
459 449 670 495 Φερητιάδας,

287 497 318 548 ᾧ
336 499 540 536 καλλίστους
557 501 673 546 ἰδόμαν

287 552 595 597 χρυσοδαιδάλτους
610 555 760 598 στομίοις

287 605 422 640 πώλους
439 604 559 651 κέντρῳ
579 604 792 650 θεινομένους,

288 655 366 691 τοὺς
381 657 442 700 μὲν
457 655 582 700 μέσους
601 657 741 703 ζυγίους,

286 708 512 755 λευκοστίκτῳ
530 709 620 754 τριχὶ
638 710 787 752 βαλιοὺς,

289 759 366 795 τοὺς
383 758 412 794 δ’
430 759 495 803 ἔξω
513 761 745 806 σειροφόρους,

290 810 437 857 ἀντήρεις
455 814 616 856 καμπαῖσι
634 813 773 858 δρόμων,

287 864 521 909 πυρρότριχας,
539 866 722 910 μονόχαλα,
742 866 772 900 δ’
792 867 855 902 ὑπὸ
874 868 991 914 σφυρὰ

287 915 589 961 ποικιλοδέρμονας·
616 930 665 952 οις
681 919 917 964 παρεπάλλετο

288 966 456 1011 Πηλείδας
474 967 537 1002 σὺν
554 967 694 1003 ὅπλοισι
710 969 788 1016 παρ’
808 972 930 1017 ἄντυγα

254 1021 256 1023 ’
290 1019 344 1053 καὶ
362 1018 525 1065 σύριγγας
541 1018 745 1065 ἁρματείους.
1156 1035 1214 1064 230

289 1074 375 1105 ναῶν
392 1070 421 1105 δ’
439 1071 486 1107 εἷς
503 1070 643 1117 ἀριθμὸν
659 1073 788 1117 ἤλυθον
1139 1088 1212 1116 στρ.

289 1123 342 1157 καὶ
361 1122 438 1158 θέαν
455 1122 660 1168 ἀθέσφατον,

288 1175 349 1209 τὰν
365 1176 548 1221 γυναικεῖον
566 1174 649 1220 ὄψιν
667 1177 821 1222 ὀμμάτων

289 1227 333 1262 ὧς
348 1225 525 1270 πλήσαιμι,
543 1227 691 1271 μείλινον
709 1230 840 1264 ἁδονάν.

289 1279 342 1313 καὶ
360 1278 455 1322 κέρας
471 1279 531 1323 μὲν
548 1277 587 1322 ἦν
604 1279 714 1323 δεξιὸν
729 1283 858 1318 πλάτας
875 1281 960 1326 ἔχων

288 1329 436 1366 Φθιώτας
453 1332 472 1364 6
490 1332 707 1376 Μυρμιδόνων
715 1332 821 1379 Ἀρης

288 1381 488 1426 πεντήκοντα
506 1384 603 1417 ναυσὶ
621 1384 778 1430 θουρίαις.

288 1434 447 1480 χρυσέαις
464 1435 494 1469 δ’
514 1434 640 1469 εἰκόσιν

290 1485 358 1520 κατ’
378 1487 461 1532 ἅκρα
480 1487 627 1532 Νηρῇδες
644 1487 793 1523 ἕστασαν
810 1488 891 1529 θεαὶ,

1156 362 1213 394 2¹5

1156 620 1216 642 220

1155 877 1212 909 225

1155 1291 1213 1324 235

1158 1501 1216 1531 ²40

289 1537 450 1584 πρύμναις
469 1538 547 1582 σῆμ’
565 1538 759 1584 Ἀχιλλείου
778 1543 933 1587 στρατοῦ.

289 1590 449 1637 Ἀργείων
467 1590 503 1624 δέ
520 1590 631 1626 ταῖσδ’
651 1590 822 1638 ἰσήρετμοι

290 1644 365 1679 νᾶες
382 1641 531 1677 ἕστασαν
547 1643 662 1679 πέλας·

290 1693 335 1729 ὧν
352 1696 371 1729 6
389 1695 584 1738 Μηκιστέως
602 1697 831 1742 στρατηλάτας

289 1748 365 1783 παῖς
383 1745 432 1791 ἦν,
451 1747 580 1783 Ταλαὸς
598 1747 636 1782 ὃν
652 1749 770 1794 τρέφει
786 1748 904 1796 πατήρ’

290 1801 468 1834 Καπανέως
484 1813 522 1832 τε
537 1802 614 1835 παῖς
632 1800 801 1837 Σθένελος·
828 1801 979 1837 Ἀτθίδος
996 1800 1026 1836 δ’
1044 1800 1134 1847 ἄγων

290 1849 448 1895 ἐξήκοντα
465 1853 541 1886 ναῦς
558 1853 577 1885 6
596 1847 734 1896 eqde'm

289 1905 367 1938 παῖς
385 1902 461 1946 ἑξῆς
479 1903 651 1948 ἐναυλόχει
669 1905 747 1940 θεὰν

290 1952 445 1989 Παλλάδ’
466 1954 501 1988 ἐν
517 1955 681 2001 μωνύχοις

290 2007 377 2052 ἔχων
392 2010 611 2052 πτερωτοῖσιν
627 2009 772 2054 ἅρμασιν
789 2010 884 2045 θετὸν

289 2061 436 2103 εὔσημόν
452 2072 489 2092 τε
506 2060 629 2104 φάσμα
646 2062 834 2103 ναυβάταις.

289 2114 355 2146 τῶν
372 2114 524 2146 Βοιωτῶν
540 2110 571 2146 δ’
590 2111 754 2158 ὅπλισμα,
772 2116 907 2151 ποντίας

290 2162 490 2206 πεντήκοντα
508 2164 585 2207 νῆας
603 2165 739 2210 εἰδόμαν

291 2215 481 2260 σημείοισιν
494 2216 745 2262 ἐστολισμένας·

289 2269 359 2303 τοῖς
375 2268 411 2302 δέ
429 2268 560 2312 Κάδμος
577 2267 617 2312 ἦν
633 2268 780 2316 χρύσεον
797 2270 946 2317 δράκοντ’
967 2272 1053 2316 ἔχων

290 2319 379 2365 ἀμφὶ
396 2323 481 2355 ναῶν
498 2322 659 2367 κόρυμβα·

291 2370 410 2416 Λήιτος
428 2372 456 2407 δ’
476 2373 495 2406 ὅ
512 2373 653 2419 γηγενὴς

290 2422 375 2469 ἆρχε
392 2421 484 2459 ναΐου
502 2427 658 2471 στρατοῦ·

290 2475 438 2512 Φωκίδος
453 2475 482 2511 τ’
500 2476 566 2511 ἀπὸ
583 2476 713 2521 χθονός·

291 2532 424 2574 Λοκρῶν
441 2528 478 2563 δὲ
495 2526 604 2563 τοῖσδ’
621 2527 700 2564 ἴσας
717 2529 807 2575 ἄγων

290 2581 366 2615 ναῦς
383 2577 459 2623 ἦλθ’
481 2580 607 2616 Οἰλέως
624 2583 720 2617 τόκος
738 2583 860 2616 κλυτὰν

291 2632 443 2677 Θρονιάδ’
463 2632 607 2667 ἐκλιπὼν
622 2634 732 2667 πόλιν.

290 2682 327 2716 ἐκ
345 2682 499 2728 Μυκήνας
516 2683 552 2718 δὲ
570 2686 629 2720 τᾶς
647 2685 844 2720 Κυκλωπίας

289 2736 368 2770 παῖς
386 2734 527 2782 Ἀτρέως
544 2736 670 2781 ἔπεμπε
687 2737 851 2778 ναυβάτας

291 2789 376 2821 ναῶν
392 2787 507 2821 ἑκατὸν
523 2785 772 2833 ἠθροϊσμένους.

291 2839 356 2874 σὺν
372 2837 402 2873 δ’
422 2839 570 2884 ἀδελφὸς
586 2837 626 2882 ἦν
641 2840 752 2886 ταγὸς,
767 2840 811 2876 ὣς
828 2839 932 2886 φίλος
948 2839 1052 2889 φίλῳ,

290 2893 351 2926 τᾶς
368 2889 545 2937 φυγούσας
559 2891 717 2938 μέλαθρα

291 2944 474 2989 βαρβάρων
489 2943 589 2989 χάριν
603 2944 720 2990 γάμων

292 2994 414 3041 πρᾶξιν
430 2994 555 3031 Ἑλλὰς
573 2995 617 3031 ὦς
633 2995 748 3037 λάβοι.

1148 1592 1216 1626 ἀντ.

1157 1762 1215 1793 245

1161 2231 1218 2263 255

1161 2430 1220 2462 260

1059 2686 1129 2722 ἀντ.
1160 2690 1218 2731 265

1159 2905 1220 2939 270

294 3047 330 3080 ἐκ
348 3045 469 3081 Πύλου
486 3047 524 3082 δὲ
542 3047 714 3092 Νέστορος

294 3098 449 3144 Γερηνίου
462 3099 656 3143 κατειδόμαν

291 3148 439 3195 πρύμνας
456 3152 547 3195 σῆμα
565 3152 751 3187 ταυρόπουν
768 3151 859 3198 όρᾶν,

289 3202 347 3236 τὸν
363 3203 522 3247 πάροικον
540 3201 699 3248 Ἀλφεόν.

290 3253 450 3288 Αἰνιάνων
466 3254 503 3289 δὲ
521 3254 646 3289 δώδεκα
664 3256 783 3289 στόλοι

291 3306 376 3340 ναῶν
391 3303 489 3349 ἦσαν,
509 3305 554 3340 ῶν
569 3305 652 3349 ἅναξ
669 3307 806 3343 Γουνεὺς

292 3355 386 3403 ἆρχε·
412 3358 514 3392 τῶνδε
532 3357 562 3392 δ’
581 3356 623 3392 αὖ
639 3359 747 3395 πέλας

283 3406 430 3445 Ἤλιδος
447 3409 657 3454 δυνάστορες,

290 3459 348 3496 οὓς
362 3459 515 3497 Ἐπειοὺς
531 3462 678 3507 ὠνόμαζε
692 3463 759 3498 πᾶς
773 3462 869 3500 λεῶς·

292 3513 438 3559 Εὔριπος
455 3510 487 3548 δ’
505 3512 634 3550 ἄνασσε
650 3514 763 3549 τῶνδε·

1159 3419 1220 3450 28ο

1261 1335 1328 1365 ΘΕ.

1262 1388 1335 1417 ΜΕ.

1262 1440 1319 1469 ΘΕ

1264 1545 1331 1577 ΘΕ.

1263 1597 1338 1626 ME.

1265 1650 1331 1679 ΘΕ.

1266 1702 1339 1731 ΜΕ.

1265 1754 1340 1783 ΜΕ.

1265 1806 1332 1835 ΘΕ.

1265 1858 1339 1887 ΜΕ.

1265 1910 1332 1940 ΘΕ.

1263 1492 1336 1521 ΜΕ.

2207 249 2289 288 405

1361 349 1583 395 λευκήρετμον
1599 349 1627 384 δ’
1640 349 1725 395 Ἀρη

1361 402 1490 446 Τάφιον
1506 399 1596 447 ἦγεν,
1617 402 1662 436 ὧν
1680 401 1792 446 Μέγης

1361 452 1500 493 ἄνασσε,
1520 453 1654 489 Φυλέως
1669 454 1830 497 λόχευμα,

1362 504 1423 540 τὰς
1440 503 1617 550 Ἐχινάδας
1633 505 1741 540 λιπὼν

1364 555 1486 600 νήσους
1503 558 1681 598 ναυβάταις
1697 555 1951 602 ἀπροσφόρους.

1361 606 1442 644 Αἴας
1459 607 1490 643 δ’
1510 610 1528 642 6
1546 611 1727 652 Σαλαμῖνος
1745 609 1906 653 ἔντροφος

1361 661 1446 707 λαιῷ
1463 659 1584 707 ξύναγε
1602 660 1711 703 δεξιὸν
1724 661 1819 705 κέρας

1362 714 1427 745 τῶν
1444 710 1556 746 ἆσσον
1573 713 1674 758 ὥρμει
1691 713 1834 748 πλάταις

1363 764 1543 808 ἐσχάταισι
1562 763 1762 809 συμπλέκων

1362 815 1475 849 δώδεκ’
1495 815 1808 862 εὐστροφωτάταισι
1826 814 1952 850 ναυσίν·
1981 815 2024 850 ὡς

1362 866 1435 900 ἶίῖον
1452 868 1506 901 καὶ
1523 869 1690 909 ναυβάταν

1362 918 1497 962 εἰδόμαν
1512 920 1609 953 λεών·

1362 966 1390 1017 ᾧ
1406 985 1457 1006 τις
1474 971 1504 1005 εἰ
1520 973 1754 1018 προσαρμόσει

1361 1023 1556 1068 βαρβάρους
1572 1024 1726 1070 βάριδας,

1363 1074 1485 1108 νόστον
1501 1075 1560 1109 οὐκ
1578 1074 1766 1110 ἀποίσεται.

1363 1124 1472 1160 ἐνθάδ’
1492 1122 1563 1159 οἷον
1580 1124 1713 1170 εἰδόμαν

1362 1178 1452 1211 νάῒον
1468 1179 1627 1224 πόρευμα,

1362 1229 1403 1263 τὰ
1421 1229 1457 1263 δὲ
1476 1227 1545 1263 κατ’
1565 1229 1673 1265 οἴκους
1691 1227 1841 1264 κλύουσα
1859 1229 2037 1274 συλλόγου

1360 1279 1487 1325 μνήμην
1505 1282 1652 1326 σώζομαι
1671 1276 1946 1330 στρατεύματος]

1362 1333 1529 1375 Μενέλαε,
1546 1334 1674 1378 τολμᾷς
1691 1332 1781 1374 δείν’,
1800 1333 1822 1367 ἅ
1840 1332 1873 1368 σ’
1892 1333 1931 1367 οὗ
1947 1332 2078 1377 τολμᾶν
2094 1332 2213 1377 χρεών.

1365 1385 1503 1419 ἄπελθε·
1529 1386 1606 1419 λίαν
1624 1385 1823 1420 δεσπόταισι
1840 1386 1961 1421 πιστὸς
1981 1381 2022 1419 εἷ.

1364 1437 1465 1472 καλόν
1481 1437 1523 1483 γέ
1538 1451 1595 1481 μοι
1611 1437 1776 1472 τοῦνειδος
1793 1436 2018 1480 ἐξωνείδισας.

1367 1488 1494 1525 κλαίοις
1507 1489 1557 1531 ἂν,
1578 1489 1607 1523 εἰ
1624 1490 1794 1535 πράσσοις
1810 1489 1832 1523 ἃ
1848 1487 1893 1533 μὴ
1911 1489 2080 1534 πράσσειν
2098 1502 2140 1523 σε
2157 1487 2218 1522 δεῖ.

1364 1540 1403 1574 οὐ
1420 1543 1506 1587 χρῆν
1523 1556 1565 1576 σε
1581 1542 1685 1576 λῦσαι
1703 1541 1837 1581 δέλτον,
1857 1540 1896 1585 ἣν
1914 1541 1979 1587 ἐγὼ
1996 1540 2126 1587 ’φερον.

1367 1592 1444 1626 οὐδὲ
1462 1594 1503 1628 σὲ
1521 1593 1638 1639 φέρειν
1655 1594 1706 1628 δεῖ
1720 1595 1826 1628 πᾶσιν
1837 1591 2007 1636 Ἕλλησιν
2025 1593 2117 1626 κακά.

1365 1645 1484 1681 ἅλλοις
1501 1646 1633 1690 ἁμιλλῶ
1650 1645 1753 1680 ταῦτ’·
1780 1645 1866 1691 ἄφες
1884 1644 1920 1679 δὲ
1936 1644 2025 1689 τήνδ’
2045 1644 2130 1689 ἐμοί.

1368 1696 1427 1731 οὐκ
1445 1697 1486 1731 ἂν
1501 1697 1669 1742 μεθείμην.
1724 1702 1792 1731 ΘΕ.
1822 1695 1891 1731 οὐδ’
1911 1697 2009 1743 ἔγωγ’
2029 1695 2217 1742 ἀφήσομαι.
2231 1707 2296 1738 310

1371 1748 1530 1796 σκήπτρῳ
1547 1749 1622 1795 τάχ’
1643 1748 1706 1795 ἆρα
1724 1750 1787 1784 σὸν
1804 1748 1993 1794 καθαιμάξω
2012 1749 2106 1794 κάρα.

1364 1800 1441 1835 ἀλλ’
1460 1802 1590 1838 εὐκλεές
1607 1816 1658 1836 τοι
1676 1802 1848 1836 δεσποτῶν
1866 1800 2022 1845 θνήσκειν
2038 1798 2132 1847 ὕπερ.

1367 1853 1475 1898 μέθες·
1501 1855 1644 1901 μακροὺς
1662 1854 1698 1888 δὲ
1716 1854 1836 1889 δοῦλος
1853 1853 1899 1887 ὢν
1914 1854 2025 1899 λέγεις
2041 1854 2174 1899 λόγους.

1365 1904 1391 1939 ὦ
1410 1905 1556 1947 δέσποτ’,
1575 1904 1809 1951 ἀδικούμεσθα.
1848 1906 1911 1941 σὰς
1928 1904 1956 1940 δ’
1976 1905 2158 1940 ἐπιστολὰς

1367 1957 1558 2005 ἐξαρπάσας
1575 1957 1625 1994 ὅδ’
1645 1959 1680 1992 ἐκ
1696 1962 1805 2003 χερῶν
1823 1958 1908 2002 ἐμῶν
1924 1958 1996 2002 βίᾳ,

1367 2007 1583 2056 Ἀγάμεμνον,
1601 2011 1696 2045 οὐδέν
1711 2012 1751 2054 τῇ
1770 2010 1842 2054 δίκῃ
1860 2009 2008 2056 χρῆσθαι
2026 2008 2137 2043 θέλει.

2232 457 2292 498 285

2218 607 2290 643 ἀντ.

2232 673 2294 705 ²90

2235 931 2292 963 295

2232 1188 2295 1217 300

2232 1448 2291 1479 305

2234 1969 2293 2001 3¹5

1265 2067 1360 2096 ArA.
1380 2063 1428 2096 ἔα·

1265 2171 1338 2200 ME.

1365 2115 1416 2151 τίς
1432 2113 1507 2150 ποτ’
1528 2114 1563 2149 ἐν
1578 2113 1721 2150 πύλαισι
1739 2113 1882 2160 θόρυβος
1902 2114 1954 2148 καὶ
1971 2115 2084 2159 λόγων
2101 2111 2245 2157 ἀκοσμία
2256 2127 2268 2151 ,·

1368 2167 1479 2211 οὑμὸς,
1498 2166 1561 2212 οὐχ
1579 2169 1597 2201 6
1614 2167 1710 2201 τοῦδε
1726 2166 1830 2211 μῦθος
1847 2167 2041 2212 κυριώτερος
2057 2164 2182 2210 λέγειν.

1265 2223 1357 2253 ΑΓΛ.
1378 2219 1423 2254 σὺ
1448 2219 1484 2254 δὲ
1501 2219 1534 2253 τί
1556 2218 1631 2266 τῷδ’
1648 2218 1694 2253 εἰς
1713 2219 1782 2265 ἔριν
1807 2218 1938 2264 ἀφῖξαι,
1966 2217 2158 2257 Μενέλεως,
2180 2217 2241 2262 βίᾳ
2263 2215 2293 2250 τ’

1265 2328 1339 2357 ΜΕ.

1418 2271 1534 2317 dyas-3

1367 2324 1507 2370 βλέψον
1537 2323 1583 2358 εἰς
1611 2322 1702 2367 ἡμᾶς,
1735 2320 1776 2357 ἵν’
1808 2321 1913 2368 ἀρχὰς
1943 2324 2008 2356 τῶν
2037 2322 2149 2367 λόγων
2178 2319 2297 2356 ταύτας

1419 2376 1530 2417 λάβω.
2234 2386 2297 2416 320

1266 2433 1363 2463 ΑΓΛ.
1383 2430 1453 2472 μῶν
1478 2426 1599 2474 τρέσας
1625 2427 1684 2462 οὐκ
1709 2425 1915 2472 ἀνακαλύψω
1940 2425 2128 2472 βλέφαρον,
2155 2423 2298 2470 Ἀτρέως

1266 2537 1298 2565 Μ
1302 2538 1339 2567 Ε.

1483 2494 1508 2513 ω
1538 2494 1548 2519 ,·

1367 2494 1557 2577 τήνξγὸρῗᾷς
1574 2530 1702 2571 δέλτον,
1722 2530 1886 2566 κακίστων
1901 2530 2102 2577 γραμμάτων
2118 2529 2295 2577 ὑπηρέτινς

1264 2589 1360 2618 ΑΓΑ.
1382 2584 1516 2629 εἰσορῶ,
1535 2584 1588 2618 καὶ
1605 2587 1719 2630 πρῶτα
1736 2583 1856 2627 ταύτην
1873 2587 1945 2619 σῶν
1964 2582 2160 2626 ἀπάλλαξον
2176 2585 2294 2629 χερῶν.

1266 2641 1340 2670 ME.

1369 2635 1419 2679 οὓ,
1446 2637 1525 2681 πρὶν
1550 2635 1590 2669 ἂν
1616 2635 1715 2679 δείξω
1740 2650 1780 2681 γε
1807 2637 1945 2671 Δαναοῖς
1970 2636 2056 2670 πᾶσι
2085 2634 2295 2681 τάγγεγραμ-

1417 2701 1510 2732 μενα.

1264 2745 1358 2775 ΑΓΛ.
1379 2737 1399 2783 ἦ
1427 2741 1493 2785 γὰρ
1522 2735 1609 2774 οἶσθ’
1641 2738 1662 2774 ἃ
1691 2738 1736 2784 μή
1765 2754 1807 2775 σε
1838 2740 1949 2786 καιρὸς
1976 2738 2105 2780 εἰδέναι,
2138 2724 2295 2784 σήμαντρ’

1265 2849 1338 2879 ΜΕ.

1418 2790 1529 2830 ἀνείς;
2238 2803 2296 2835 3²5

1368 2843 1457 2878 ὥστε
1479 2840 1515 2877 σ’
1537 2842 1677 2889 ἀλγῦναί
1702 2843 1749 2890 γ’,
1777 2843 1920 2887 ἀνοίξας,
1945 2841 1967 2878 ἃ
1990 2843 2035 2879 σὺ
2056 2841 2127 2877 κάκ’
2147 2843 2294 2889 εἰργάσω

1417 2893 1538 2941 λάθρα.

1264 2953 1358 2983 ΑΓΛ.
1379 2949 1444 2981 ποῦ
1475 2946 1512 2981 δὲ
1544 2947 1688 2989 κᾶλαβές
1719 2960 1790 2987 νιν,·
1817 2945 1843 2981 ὧ
1871 2946 1953 2987 θεοὶ,
1985 2948 2048 2992 σῆς
2077 2945 2298 2992 ἀναισχύντου

1264 3057 1337 3086 ME.

1262 3368 1355 3399 ΑΓΑ.
1376 3362 1452 3407 οὐχὶ
1470 3362 1583 3402 δεινάς
1610 3363 1668 3398 τὸν
1685 3363 1764 3408 ε’μὸν
1781 3364 1882 3399 οἶκεῖν
1899 3360 1988 3398 οἶκον
2005 3363 2064 3398 οὐκ
2081 3362 2244 3410 ἐάσομαι,·

1418 2999 1553 3044 φρενός.

1365 3051 1564 3097 προσδοκῶν
1590 3050 1655 3095 σὴν
1674 3049 1765 3087 παῖδ’
1793 3048 1851 3086 ἀπ’
1870 3049 2028 3098 Ἀργους,
2057 3051 2087 3085 εἰ
2115 3048 2297 3098 στράτευμ’

1417 3101 1585 3147 ἀφίξεται.

1160 3165 1218 3199 275
1263 3161 1356 3190 ΑΓΛ.
1375 3154 1410 3189 τί
1435 3154 1473 3188 δέ
1495 3169 1537 3189 σε
1565 3154 1653 3199 τάμὰ
1673 3155 1726 3190 δεῖ
1749 3155 1966 3200 φυλάσσειν,·
1994 3155 2052 3190 οὐκ
2073 3154 2295 3201 ἀναισχύντου

1418 3206 1495 3241 τόδε
1505 3221 1517 3246 ,·

1143 3273 1217 3304 στρ.
1265 3264 1338 3294 ΜΕ.
1367 3257 1418 3292 ὅτι
1443 3258 1483 3292 τὸ
1509 3256 1704 3301 βούλεσθαί
1729 3259 1762 3304 μ’
1790 3260 1906 3303 ἔκνιζε,
1934 3259 1995 3296 σὸς
2022 3259 2059 3294 δὲ
2088 3260 2208 3295 δοῦλος
2238 3259 2297 3293 οὐκ

1416 3310 1512 3355 ἔφυν.
2234 3325 2252 3355 3
2258 3325 2298 3354 30

1263 3421 1336 3449 ME.
1356 3414 1484 3461 πλάγια
1517 3415 1583 3461 γὰρ
1618 3417 1766 3462 φρονεῖς,
1796 3417 1838 3450 τὰ
1866 3416 1928 3461 μὲν
1957 3417 2024 3456 νῦν,
2042 3416 2084 3450 τὰ
2113 3416 2151 3451 δὲ
2179 3417 2293 3462 πάλαι,

1413 3466 1455 3500 τὰ
1473 3465 1502 3500 δ’
1520 3465 1647 3502 αὗτίκα.

1262 3523 1357 3554 ArA.
1377 3515 1414 3552 εὖ
1424 3518 1664 3564 κεκόμψευσαι·
1686 3520 1830 3566 πονηρὸν
1839 3518 1974 3565 γλῶσσ’
1987 3519 2040 3555 ἐπὶ
2051 3519 2177 3566 φθόνον
2189 3517 2295 3563 σοφή.
