2488 3860
852 269 1132 311 ΗΡΑΚΛΗΣ
1175 271 1601 314 ΜΑῙΝΟΜΕΝΟΣ.

165 372 261 405 ΛΥΚ.
280 370 300 404 6
317 366 348 404 δ’
367 368 407 404 οὐ
423 369 598 416 πάρεστιν,
617 370 693 405 οὐδὲ
710 371 755 416 μὴ
772 373 861 417 μόλῃ
878 372 970 408 ποτέ.

162 427 239 458 ΔΜ.
266 420 336 462 οὐκ,
355 419 388 456 εἴ
400 435 442 467 γε
457 420 502 466 μή
519 435 570 458 τις
588 421 672 456 θεῶν
689 423 892 469 ἀναστήσειέ
907 438 966 460 νιν.

162 479 259 509 ΛΥΚ.
278 473 382 520 χώρει
397 474 483 518 πρὸς
499 473 600 518 αὐτὴν
612 475 666 509 και
684 475 792 520 κόμιζ’
811 477 848 511 ἐκ
865 477 1032 522 δωμάτων.

1135 487 1196 521 720

161 532 238 561 AM.
265 524 407 571 μέτοχος
424 523 514 560 ἀν’
482 540 552 570 ειην
567 529 628 561 τοῦ
645 527 753 572 φόνου
771 529 899 576 δράσας
915 529 1002 564 τόδε

164 583 258 614 ΛΥΚ.
277 575 379 622 ἡμεῖς,
399 577 511 622 ἐπειδὴ
530 579 587 613 σοὶ
603 579 712 614 τόδ’”
692 578 765 615 εστ’
785 579 947 626 ἐνθύμιον,

161 789 236 822 ΑΜ.

160 1206 228 1237 ΧΟ.

262 630 296 664 οἶ
313 630 474 675 δειμάτων
490 629 626 673 ἔξωθεν,
644 630 891 678 ἐκπορεύσομεν

262 680 328 716 σὺν
342 682 442 728 μητρὶ
458 682 588 719 παῖδας.
625 683 714 730 δεῦρ’
730 683 865 726 ἕπεσθε,
883 685 1086 732 πρόσπολοι,

262 733 307 770 ὥς
323 733 364 768 ἂν
381 734 514 780 σχολὴν
529 735 689 780 λάβωμεν
706 735 845 782 ἅσμενοι
861 739 983 773 πόνων.
1132 747 1192 782 725

264 786 310 821 σὺ
326 785 357 821 δ’
376 785 435 821 οὐν
450 784 510 828 ἴθ’,
529 787 621 833 ἔρχει
639 787 667 822 δ’
686 785 723 823 οἶ
735 791 855 835 χρεών·
882 790 924 824 τὰ
941 788 970 824 δ’
988 786 1099 824 ἀλλ”
1084 803 1166 825 ισως

261 838 357 886 ἄλλω
374 837 529 884 μελήσει.
564 841 740 886 προσδόκα
757 841 794 876 δὲ
812 842 900 888 δρῶν
917 845 1023 878 κακῶς

264 892 363 925 κακόν
379 904 412 925 τι
428 891 578 937 πράξειν.
615 908 642 926 ω
658 894 823 956 γέροντες,
842 894 876 930 ἐς
893 894 997 928 καλὸν

263 942 402 988 στείχει,
420 945 582 989 βρόχοισι
599 943 630 979 δ’
649 943 778 990 ἀρκύων
795 944 971 990 δεδήσεται

262 994 500 1042 ξιφηφόροισι,
519 996 596 1032 τούς
612 996 720 1033 πέλας
737 998 842 1032 δοκῶν
859 999 991 1038 κτενεῖν,

262 1048 281 1080 ὁ
298 1047 536 1093 παγκάκιστος.
573 1045 639 1093 εἶμι
658 1047 702 1092 δ’,
721 1050 765 1086 ὣς
781 1048 844 1084 ’ίδω
862 1049 976 1095 νεκρὸν

259 1099 421 1134 πίπτοντ’·
448 1101 520 1146 ἔχει
535 1101 601 1147 γὰρ
619 1100 737 1145 ἡδονὰς
755 1100 908 1146 θνήσκων
925 1100 1006 1147 ἀνὴρ

262 1150 383 1198 ἐχθρὸς
398 1151 496 1187 τίνων
511 1167 549 1187 τε
565 1155 631 1187 τῶν
648 1153 854 1199 δεδραμένων
870 1153 971 1197 δίκην.

259 1204 434 1248 μεταβολὰ
451 1207 566 1239 κακῶν·
592 1205 695 1251 μέγας
708 1207 727 1240 6
739 1204 863 1252 πρόσθ’
883 1203 966 1248 ἅναξ
984 1218 1060 1251 στρ.
1073 1203 1113 1240 α’.
1135 1217 1193 1250 735

260 1257 368 1291 πάλιν
384 1256 594 1304 ὑποστρέφει
610 1257 727 1299 βίοτον
744 1259 792 1294 εἶς
803 1257 934 1293 ’Διδαω

262 1308 301 1343 ἶὼ
318 1308 393 1343 δίκα
410 1310 463 1343 καὶ
481 1309 565 1343 θεῶν
581 1310 765 1356 παλίρρους
781 1312 920 1356 πότμος.

260 1358 362 1404 ἦλθες
370 1363 481 1409 χρόνῳ
491 1361 551 1406 μὲν
564 1376 603 1396 ου
587 1361 708 1405 ’δίκην
718 1363 839 1399 δώσεις
850 1362 966 1403 θανὼν,
979 1375 1053 1407 στρ.
1065 1359 1113 1403 β’.
1134 1371 1194 1405 740

261 1410 378 1459 ὕβρεις
394 1413 540 1460 ὑβρίζων
557 1414 603 1450 εἶς
621 1413 791 1458 ἀμείνονας
808 1414 920 1450 σέθεν.

260 1467 423 1511 χαρμοναὶ
440 1464 589 1512 δακρύων
606 1467 727 1501 ἔδοσαν
744 1467 900 1509 ἐκβολάς·
964 1479 1040 1512 στρ.
1059 1464 1101 1512 γ’.
1131 1476 1190 1509 743

260 1518 363 1552 πάλιν
375 1518 495 1562 ἔμολεν
507 1517 529 1552 ἃ
538 1519 644 1564 πάρος
661 1520 781 1554 οὔποτε
794 1520 849 1554 διὰ
859 1519 983 1565 φρενὸς
994 1519 1051 1553 ἐπ-
1132 1529 1189 1563 745

261 1568 410 1613 ἡλπισεν
425 1569 544 1605 παθεῖν
559 1572 622 1617 γᾶς
639 1570 733 1614 ἅναξ.

260 1620 354 1662 ἀλλ’,
373 1621 400 1656 ὦ
415 1624 540 1669 γεραιὲ,
560 1623 613 1657 καὶ
629 1623 672 1657 τὰ
689 1624 847 1668 δωμάτων
864 1623 933 1658 ἔσω
1054 1621 1123 1657 ἀντ.
1141 1621 1190 1664 β’.

260 1677 446 1720 σκοπῶμεν,
466 1675 496 1710 εἶ
512 1676 662 1722 πράσσει
678 1690 728 1712 τις
746 1676 790 1712 ὧς
807 1676 873 1722 ἐγὼ
891 1674 981 1710 θέλω

1135 1007 1196 1042 730

159 1729 255 1761 AYK.
275 1726 313 1761 ἶῶ
330 1727 389 1772 μοί
403 1741 470 1772 μοι.

157 1782 227 1813 XO.

258 1779 336 1814 τόδε
353 1780 551 1827 κατάρχεται
567 1779 670 1826 μέλος
687 1780 759 1825 ἐμοὶ
777 1778 888 1815 κλύειν
965 1778 1036 1814 ἀντ.
1056 1777 1098 1813 α’.
1131 1789 1192 1823 750

259 1831 379 1877 φίλιον
396 1833 432 1867 ἐν
449 1834 573 1878 δόμοις·
601 1833 740 1869 θάνατος
756 1833 795 1867 οὐ
812 1834 942 1880 πρόσω.

256 1885 324 1930 βοᾷ
340 1885 448 1929 φόνου
465 1886 624 1932 φροίμιον
641 1885 807 1928 στενάζων
823 1884 918 1929 ἅναξ.
1133 1894 1191 1928 753

156 1941 253 1974 ΛΥΚ.
273 1935 299 1971 ὃ
315 1938 411 1972 πᾶσα
428 1938 563 1982 Κάδμου
579 1937 659 1985 γαῖ’,
678 1937 875 1983 ἀπόλλυμαι
893 1939 996 1985 δόλῳ.
1051 1950 1127 1983 στρ.
1147 1936 1189 1971 δ’.

156 1994 224 2025 XO.
254 1990 308 2024 καὶ
323 1990 389 2036 γὰρ
407 1991 562 2027 διώλλυς·
589 1990 759 2026 ἀντίποινα
776 1990 804 2025 δ’
824 1990 959 2025 ἐκτίνων
1132 2000 1191 2035 755

254 2043 375 2087 τόλμα,
390 2040 500 2079 διδούς
510 2057 552 2089 γε
562 2046 628 2079 τῶν
641 2042 845 2090 δεδραμένων
857 2042 957 2088 δίκην-

208 2130 219 2138 .
255 2094 306 2131 τίς
323 2096 341 2128 6
360 2094 456 2131 θεοὺς
472 2095 590 2140 ἀνομίᾳ
606 2096 762 2142 χραίνων,
780 2095 896 2140 θνητὸς
913 2095 969 2139 ὢν,
1057 2095 1127 2130 ἀντ.
1142 2093 1187 2142 γ’.

255 2146 387 2193 ἄφρονα
403 2148 508 2194 λόγον
527 2147 687 2194 οὐρανίων
702 2149 858 2195 μακάρων
875 2146 1047 2191 κατέβαλ’,

255 2199 299 2235 ὧς
315 2197 368 2246 ἄρ’
388 2199 427 2234 οὐ
445 2198 625 2235 σθένουσιν
642 2200 714 2235 θεοί
722 2215 734 2240 ;

253 2250 417 2297 γέροντες,
436 2251 541 2287 οὐκέτ’
560 2253 636 2287 ἔστι
652 2252 825 2297 δυσσεβὴς
842 2250 933 2297 ἀνήρ.
970 2251 1038 2287 ἀντ.
1059 2251 1098 2287 δ’.
1128 2255 1189 2296 760

255 2305 335 2349 σιγᾷ
355 2303 516 2351 μέλαθρα·
542 2306 627 2352 πρὸς
642 2305 765 2351 χοροὺς
781 2304 991 2351 τραπώμεθα·

254 2355 355 2401 φίλοι
372 2356 438 2403 γὰρ
456 2357 655 2403 εὐτυχοῦσιν
672 2356 729 2393 οὓς
747 2357 813 2403 ἐγὼ
831 2356 932 2392 θέλω.

252 2408 351 2454 χοροὶ
367 2409 465 2455 χοροὶ
482 2410 536 2444 καὶ
554 2409 667 2444 θαλίαι
684 2408 830 2453 μέλουσι
848 2407 966 2454 Θήβας
985 2409 1073 2455 ἱερὸν
1095 2407 1167 2443 κατ’

252 2461 459 2508 μεταλλαγαὶ
475 2462 541 2508 γὰρ
559 2460 716 2507 δακρύων,
899 2456 1016 2508 [ἄστυ.
1051 2475 1126 2508 στρ.
1146 2459 1184 2496 ε’.

251 2513 459 2559 μεταλλαγαὶ
477 2513 657 2559 συντυχίας
1125 2517 1183 2559 765

251 2565 363 2599 ἔτεκον
379 2565 503 2601 ἀοιδάς.

251 2614 372 2658 βέβακ’
390 2617 474 2661 ἅναξ
491 2619 510 2652 6
527 2618 647 2657 καινὸς,

252 2670 272 2702 6
289 2668 326 2703 δὲ
342 2670 543 2716 παλαίτερος

252 2723 375 2766 κρατεῖ,
394 2722 512 2766 λιμένα
528 2723 637 2757 λιπών
652 2736 694 2768 γε
709 2723 768 2756 τὸν
784 2722 1005 2769 Ἀχερόντιον·

252 2773 443 2817 δοκημάτων
460 2773 490 2809 δ’
510 2774 603 2810 ἐκτὸς
618 2772 722 2818 ἦλθεν
738 2774 846 2811 ἐλπίς.

252 2824 323 2859 θεοὶ
337 2824 406 2860 θεοὶ
419 2828 485 2860 τῶν
502 2826 623 2862 ἀδίκων
634 2826 780 2871 μέλουσι
797 2828 850 2862 καὶ
867 2830 932 2862 τῶν
949 2827 1053 2863 ὁσίων
1071 2827 1183 2874 ἐπᾴειν

251 2879 271 2911 ό
287 2878 416 2923 χρυσὸς
434 2877 455 2912 ἅ
472 2878 500 2913 τ’
520 2877 655 2923 εὐτυχία
1032 2875 1122 2929 [ἀντ.
1142 2880 1177 2916 ε’.

251 2929 384 2975 φρενῶν
399 2930 543 2976 βροτοὺς
560 2930 723 2976 ἐξάγεται,
1119 2944 1157 2978 77
1161 2945 1177 2978 5

251 2979 389 3016 δύνασιν
408 2978 557 3030 [ἄδικον]
578 2982 736 3027 ἐφέλκων

249 3035 375 3078 χρόνου
391 3036 458 3080 γὰρ
476 3037 566 3070 οὔτις
583 3035 664 3068 ἔτλα

249 3085 289 3119 τὸ
304 3086 408 3121 πάλιν
421 3087 567 3131 εἰσορᾶν,

249 3139 349 3182 νόμον
364 3138 556 3184 παρέμενος,
575 3138 693 3183 ἀνομίᾳ
709 3138 809 3186 χάριν
825 3137 945 3176 διδούς·

249 3188 393 3235 ἔθραυσε
411 3190 439 3225 δ’
459 3190 567 3232 ὄλβου
583 3191 735 3225 κελαινὸν
749 3190 847 3237 ἅρμα.

248 3240 374 3286 Ἰσμήν’
393 3241 420 3276 ὦ
437 3243 705 3288 στεφαναφόρει,

249 3293 368 3337 ξεσταί
385 3293 416 3328 θ’
436 3294 628 3330 ἑπταπύλου
644 3296 776 3330 πόλεως

247 3345 488 3392 ἀναχορεύσατ’
507 3348 628 3393 ἀγυιαὶ,

250 3397 354 3443 Δίρκα
371 3397 401 3432 θ’
419 3401 442 3432 ἁ
459 3398 726 3445 καλλιρρέεθρος,

248 3448 313 3484 σύν
328 3447 359 3483 τ’
379 3446 589 3487 Ἀσωπιάδες
606 3453 710 3496 κόραι,

247 3500 372 3546 πατρὸς
387 3499 476 3548 ὕδωρ
492 3504 577 3544 βᾶτε
593 3504 712 3538 λιποῦ-

248 3552 328 3587 σαι.
347 3554 517 3591 σνναοιδοὶ

1123 2735 1184 2769 770

1119 3198 1180 3238 780

1030 3259 1104 3292 στρ.
1126 3245 1175 3285 ς’.

1117 3458 1175 3498 78⁵

1235 2155 1285 2185 IP.

2196 272 2271 315 321

1341 373 1470 420 νύμφαι
1486 374 1545 408 τὸν
1561 372 1766 420 Ἡρακλέους

1341 425 1535 460 καλλίνικον
1549 422 1664 472 ἀγῶν’·
1692 426 1718 460 ὦ

1341 477 1472 513 Πυθίου
1489 478 1646 523 δενδρῶτι
1661 478 1768 524 πέτρα

1342 533 1492 566 Μουσῶν
1509 528 1541 564 θ’
1559 529 1782 566 Ἐλικωνίδων
1798 530 1941 576 δώματα,

1341 580 1433 626 ἥξετ’
1454 581 1589 628 εὐγαθεῖ
1605 583 1735 630 κελάδῳ

1342 634 1423 679 ἐμὰν
1437 636 1553 674 πόλιν,
1571 633 1634 679 ε’μὰ
1650 635 1757 680 τείχη,

1341 691 1502 733 Σπαρτῶν
1518 684 1572 721 ἵνα
1586 685 1683 732 γένος
1701 685 1819 732 ἐφάνη,

1340 738 1584 784 χαλκασπίδων
1599 739 1716 784 λόχος,
1734 737 1771 774 ὃς
1786 740 1852 784 γᾶν

1342 790 1464 825 τέκνων
1480 792 1605 826 τέκνοις
1622 790 1826 836 μεταμείβει,

1341 842 1470 887 Θήβαις
1489 842 1578 889 ἱερὸν
1595 842 1680 888 φῶς.

1342 895 1369 929 ὦ
1385 894 1535 941 λέκτρων
1552 893 1612 929 δύο
1631 896 1806 941 συγγενεῖς

1342 947 1444 989 εὐναὶ,
1462 947 1678 994 θνατογενοῦς
1694 961 1731 981 τε
1750 948 1803 982 καὶ

1342 1001 1433 1039 Διὸς,
1452 997 1491 1035 ὃς
1507 998 1610 1043 ἦλθεν
1627 999 1661 1035 ἐς
1678 998 1773 1034 εὐνὰς

1342 1050 1489 1096 Νύμφας
1505 1053 1564 1088 τᾶς
1581 1051 1779 1098 Περσηίδος·
1807 1051 1851 1087 ὧς

1339 1105 1464 1139 πιστόν
1480 1118 1538 1149 μοι
1555 1105 1594 1139 τὸ
1610 1103 1795 1139 παλαιὸν”
1773 1118 1809 1147 η-

1342 1156 1381 1199 δη
1399 1155 1513 1202 λέχος,
1533 1155 1559 1190 ὦ
1576 1158 1650 1199 Ζεῦ,
1667 1156 1707 1190 τὸ
1725 1155 1788 1190 σὸν
1805 1153 1864 1189 οὐκ

1343 1206 1394 1242 ε”π
1414 1208 1528 1243 ἐλπίδι
1546 1207 1670 1254 φάνθη,

1339 1259 1497 1307 λαμπραν
1513 1260 1542 1295 δ’
1562 1259 1660 1304 ἔδειξ’
1680 1261 1699 1294 6
1715 1261 1834 1306 χρόνος

1340 1312 1402 1347 τὰν
1417 1312 1602 1359 Ἡρακλέος
1620 1312 1735 1347 ἀλκάν·

1341 1363 1379 1400 ὃς
1395 1366 1458 1411 γᾶς
1476 1364 1579 1408 ἐξέβα
1596 1364 1763 1410 θαλάμων,

1341 1415 1540 1453 Πλούτωνος
1557 1417 1650 1462 δῶμα
1666 1417 1774 1452 λιπὼν
1791 1417 1953 1463 νέρτερον.

1342 1466 1510 1515 κρείσσων
1526 1483 1584 1514 μοι
1600 1468 1756 1514 τύραννος
1773 1469 1858 1514 ἔφυς

1340 1521 1361 1565 ἢ
1380 1519 1545 1568 δυσγένει’
1564 1521 1721 1556 ἀνάκτων.

1339 1573 1362 1607 ἃ
1380 1576 1438 1608 νῦν
1454 1574 1578 1620 ἐσορᾶν
1594 1572 1706 1618 φαίνει

1341 1625 1546 1672 ξιφηφόρων
1563 1626 1597 1661 ἐς
1614 1624 1749 1671 ἀγώνων

1338 1678 1497 1723 ἅμιλλαν,
1517 1678 1547 1712 εἶ
1564 1678 1603 1712 τὸ
1621 1677 1745 1711 δίκαιον

1341 1729 1429 1767 θεοῖς
1446 1729 1491 1765 ἔτ’
1510 1730 1656 1777 ἀρέσκει.

1338 1782 1378 1817 &a
1390 1783 1440 1817 ἔα.

1339 1833 1391 1882 ἆρ’
1410 1835 1444 1871 ἐς
1459 1836 1518 1870 τὸν
1535 1835 1634 1870 αὐτὸν
1650 1834 1789 1869 πίτυλον
1806 1831 1926 1877 ἥκομεν
1943 1829 2068 1875 φόβου,

1339 1887 1502 1934 γέροντες,
1522 1885 1593 1923 οἷον
1609 1885 1718 1933 φάσμ’
1737 1885 1821 1932 ὑπὲρ
1839 1884 1948 1930 δόμων
1965 1887 2031 1932 ὁρῶ
2044 1900 2056 1926 ,·

1339 1992 1441 2029 νωθὲς
1452 1942 1592 2039 ῗτέέἔιρε
1609 1994 1727 2032 κῶλον,
1748 1989 1896 2026 ἐκποδὼν
1913 1989 1986 2024 ἔλα.

1339 2043 1428 2088 ὦναξ
1446 2046 1564 2088 Παιὰν,

1338 2097 1527 2144 ἀπότροπος
1542 2097 1652 2145 γένοιό
1670 2113 1723 2143 μοι
1739 2100 1807 2133 τῶν
1823 2099 1994 2143 πημάτων,

1339 2149 1507 2196 θαρσεῖτε,
1527 2151 1655 2186 Νυκτὸς
1672 2149 1759 2192 τὴνᾶ
1781 2162 1919 2192 ορωντες
1937 2148 2071 2194 ἔκγονον

1336 2201 1487 2244 Λύσσαν,
1505 2203 1670 2250 γέροντες,
1690 2200 1771 2246 κάμὲ
1788 2200 1847 2245 τὴν
1865 2200 1949 2235 θεῶν
1964 2201 2093 2246 λάτριν,

1329 2252 1423 2301 Ἶριν·
1450 2256 1550 2291 πόλει
1563 2256 1630 2302 γὰρ
1647 2255 1742 2289 οὐδὲν
1760 2253 1879 2298 ἥκομεν
1896 2252 2039 2295 βλάβος,

1334 2308 1406 2344 ἐνὸς
1423 2307 1452 2343 δ’
1471 2306 1524 2344 ἐπ’
1543 2307 1660 2351 ἀνδρὸς
1677 2307 1810 2350 δώματα
1824 2303 2056 2351 στρατεύομεν,

1334 2358 1372 2394 ὅν
1389 2361 1498 2406 φασιν
1515 2357 1597 2395 εἶναι
1615 2360 1715 2403 Ζηνὸς
1731 2355 1916 2401 Ἀλκμήνης
1933 2355 1962 2390 τ’
1980 2355 2057 2391 ἀπο.

1333 2413 1412 2458 πρὶν
1428 2413 1489 2457 μὲν
1504 2413 1570 2459 γὰρ
1588 2411 1711 2446 ἄθλους
1730 2410 1962 2452 ἐκτελευτῆσαι
1979 2408 2127 2455 πικροὺς,

1332 2466 1371 2499 τὸ
1389 2467 1476 2511 χρῆν
1493 2478 1542 2499 νιν
1560 2463 1732 2507 ἐξέσωζεν,
1752 2461 1821 2496 οὐδ’
1840 2459 1891 2496 εἴα
1907 2460 2016 2506 πατὴρ

1332 2516 1413 2553 Ζεύς
1430 2531 1480 2552 νιν
1497 2520 1602 2552 κακῶς
1619 2516 1700 2561 δρᾶν
1717 2511 1787 2548 οὔτ’
1807 2513 1856 2556 ἔμ’
1876 2512 1947 2547 οὔθ’
1962 2511 2075 2559 ‘'pr
2090 2528 2185 2549 ποτε.

1333 2568 1404 2603 ἐπεὶ
1422 2570 1459 2604 δε
1475 2568 1623 2614 μόχθους
1640 2565 1808 2612 διεπέρασ’
1828 2564 2038 2611 Εὐρυσθέως,

1326 2618 1420 2665 Ἥρα
1435 2620 1617 2667 προσάψαι
1634 2619 1743 2653 κοινὸν
1760 2615 1827 2662 αἷμ’
1847 2617 1935 2664 αὐτῷ
1953 2616 2056 2659 θέλει,

1330 2674 1472 2737 παῖδαςῂ
1467 2671 1721 2712 κατακτείναντι,
1742 2669 1898 2704 συνθέλω
1917 2666 1947 2703 δ’
1967 2670 2043 2715 ἐγώ.

1330 2724 1409 2759 ἀλλ’
1430 2739 1485 2766 ει,
1504 2724 1662 2770 ατεγκτον
1679 2722 1906 2763 συλλαβοῦσα
1923 2721 2068 2765 καρδίαν,

1331 2777 1459 2812 Νυκτὸς
1476 2777 1627 2819 κελαινῆς
1644 2773 1815 2819 ἀνυμέναιε
1831 2772 1986 2819 παρθένε,

1328 2828 1445 2875 μανίας
1460 2828 1489 2862 τ’
1510 2826 1562 2862 ἐπ’
1582 2827 1675 2873 ἀνδρὶ
1692 2826 1778 2874 τῷδε
1795 2826 1848 2860 καὶ
1865 2825 2099 2863 παιδοκτόνους

1328 2882 1461 2927 φρενῶν
1477 2879 1665 2926 ταραγμοὺς
1683 2880 1736 2913 καὶ
1752 2878 1865 2913 ποδῶν
1881 2877 2089 2924 σκιρτήματα

1328 2933 1462 2972 ἔλαυνε,
1482 2934 1572 2972 κίνει,
1592 2932 1712 2977 φόνιον
1728 2930 1807 2973 ἐξίει
1826 2930 1948 2971 κάλων,

1328 2985 1372 3020 ὦς
1389 2984 1429 3018 ἂν
1445 2982 1613 3029 πορεύσας
1630 2983 1672 3018 δι’
1691 2981 1913 3028 Ἀχερούσιον
1928 2983 2034 3028 πόρον

1325 3038 1384 3071 τὸν
1402 3035 1604 3070 καλλίπαιδα
1621 3036 1791 3081 στέφανον
1809 3034 1948 3077 αὐθέντῃ
1967 3035 2062 3081 φόνῳ

1325 3091 1394 3135 γνῷ
1411 3088 1471 3132 μέν
1486 3089 1545 3122 τὸν
1556 3086 1666 3133 Ἤρας
1683 3084 1753 3123 οἷός
1771 3087 1840 3122 ἐστ’
1861 3086 1948 3133 αὐτῷ
1964 3088 2079 3132 χόλος,

1325 3140 1414 3185 μάθῃ
1432 3139 1467 3173 δὲ
1485 3140 1544 3173 τὸν
1561 3139 1650 3184 ε’μόν·
1677 3138 1697 3184 ἢ
1716 3139 1787 3174 θεοὶ
1803 3139 1864 3184 μὲν
1881 3138 2038 3183 οὐδαμοῦ,

1323 3193 1365 3226 τὰ
1383 3191 1483 3234 θνητὰ
1501 3190 1531 3226 δ’
1551 3191 1647 3226 ἔσται
1663 3192 1805 3238 μεγάλα,
1824 3189 1868 3235 μὴ
1887 3190 2001 3226 δόντος
2018 3189 2120 3235 δίκην.

2213 492 2275 524 790

2214 751 2273 785 795

2198 1003 2275 1035 ¹800

2207 1264 2267 1304 805

2198 1525 2271 1567 ‘810

2208 1787 2268 1829 815

2204 2048 2266 2080 820

2204 2310 2263 2350 825

2202 2572 2263 2610 830

2199 2832 2257 2872 835

2197 3090 2258 3129 840

1224 3251 1315 3281 ΛΥΤ.
1336 3244 1374 3287 ἐξ
1392 3243 1544 3289 εὖγενοῦς
1560 3244 1621 3288 μὲν
1636 3245 1762 3289 πατρὸς
1779 3244 1815 3277 ἔκ
1832 3256 1870 3277 τε
1885 3241 2026 3288 μητέρος

1324 3296 1470 3341 πέφυκα,
1491 3296 1619 3331 Νυκτὸς
1637 3295 1785 3342 Οὐρανοῦ
1802 3295 1832 3329 τ’
1852 3293 1912 3339 ἀφ’
1931 3292 2078 3339 αἵματος·

1322 3348 1417 3392 τιμὰς
1436 3344 1466 3381 δ’
1487 3348 1554 3393 ἔχω
1571 3347 1683 3387 τάσδ’,
1703 3349 1761 3382 οὐκ
1779 3344 1965 3393 ἀγασθῆναι
1982 3347 2109 3392 φίλοις,

1348 3400 1358 3412 9
1383 3398 1392 3413 9
1418 3399 1434 3411 C
1875 3399 1882 3410 Ῑ
2019 3400 2028 3412 Ι

1634 3397 1801 3412 22222

2191 3350 2250 3390 845

1322 3451 1520 3497 παραινέσαι
1538 3451 1584 3492 δὲ,
1603 3466 1682 3498 πριν
1699 3452 1894 3497 σφαλεῖσαν
1912 3450 2060 3491 εἰσιδεῖν,

1317 3502 1411 3549 Ἤρᾳ
1428 3502 1521 3537 θέλω
1540 3503 1599 3538 σοί
1614 3502 1656 3544 τ’,
1675 3502 1714 3548 ἦν
1730 3500 1871 3547 πίθησθ’
1891 3502 1981 3546 ἐμοῖς
1996 3502 2124 3548 λόγοις.

1323 3555 1405 3602 ἁνὴρ
1422 3553 1470 3590 ὅδ’
1489 3555 1548 3591 οὐκ
1567 3555 1696 3601 ἄσημος
1713 3555 1780 3591 οὔτ’
1800 3555 1853 3590 ἐπὶ
1869 3554 1966 3600 χθονὶ
