2488 3860
204 356 226 363 >-

158 419 219 453 m.

158 473 226 506 KP.

156 525 215 557 m.

158 577 224 609 KP.

157 629 216 661 ln.

158 683 224 715 KP.

158 735 214 767 ln.

159 788 224 818 KP.

159 840 214 870 19.

160 893 223 924 KP.

162 946 218 976 ln.

161 998 225 1029 KP.

160 1051 217 1081 m.

161 1104 227 1135 KP.

162 1156 219 1186 ΙΩ.

163 1210 225 1240 ΚΡ.

161 1262 217 1292 ΙΩ.

160 1315 225 1346 ΚΡ.

160 1367 218 1398 In.

161 1420 226 1450 KP.

161 1472 219 1504 ln.

161 1525 226 1555 ΚΡ.

162 1577 218 1608 m.

160 1629 227 1660 KP.

161 1682 220 1713 19.

159 1735 229 1766 KP.

159 1787 219 1818 10.

162 1841 227 1871 KP.

161 1893 220 1924 ῙΩ.

161 1946 228 1977 KP.
238 1954 245 1956 ·

163 1998 221 2029 m.

163 2051 231 2081 KP.

163 2102 221 2133 10.

162 2154 228 2186 KP.

164 2209 222 2239 10.

163 2262 230 2292 ΚΡ.

167 2314 223 2343 ΙΩ.

167 2365 232 2395 KP.

168 2417 225 2448 m.

158 3048 166 3056 “
175 3040 244 3070 ΧΟ.

179 3196 243 3228 ΚΡ.

257 361 406 401 πέπονθέ
419 376 470 400 τις
488 365 534 408 σῇ
550 364 650 411 μητρὶ
667 362 758 401 ταῦτ’
777 365 866 410 ι’ίλλη
879 363 975 412 γυνή.

255 415 327 458 τίςς
353 416 384 452 εἶ
399 417 504 452 πόνου
519 430 577 461 μοι
595 416 775 461 ξυλλάβοι,
793 417 968 465 χαίροιμεν
979 416 1029 452 ἄν.

259 468 299 514 ἧς
315 466 420 504 οὕνεκ’
439 467 546 513 ἦλθον
562 469 660 516 δεῦρο
678 472 757 516 πρὶν
772 472 876 506 πόσιν
891 471 1020 515 μολεῖν.

257 522 355 557 ποῖόν
370 535 404 556 τι
419 519 603 568 χρῄζουσ’,·
631 521 675 558 ὡς
691 522 906 569 ὑπουργήσω,
925 521 1030 569 γύναι.

260 575 428 619 μάντευμα
446 572 593 620 κρυπτὸν
608 574 744 619 δεομένη
763 575 892 617 Φοίβου
908 574 1035 620 μαθεῖν.

258 625 373 672 λέγοις
391 625 440 661 ἅν·
467 625 560 671 ἡμεῖς
575 626 686 660 τᾶλλα
702 625 966 673 προξενήσομεν.

261 678 360 713 ἄκουε
377 678 417 723 δὴ
433 679 492 714 τὸν
507 677 621 724 μῦθον.
658 679 737 714 ἄλλ’
756 679 944 725 αἶδούμεθα.

260 732 301 765 οὔ
316 730 400 778 τᾶρα
415 730 555 778 πράξεις
572 730 677 766 οὐδέν·
705 731 807 779 ἀργὸς
823 731 844 777 ἡ
863 731 946 767 θεός.

262 783 377 831 Φοίβῳ
394 783 530 830 μιγῆναί
547 783 638 828 φησί
654 797 704 819 τις
722 784 836 830 φίλων
854 784 952 830 ἐμῶν.

261 836 375 884 Φοίβῳ
392 837 474 882 γυνὴ
488 839 626 882 γεγῶσα
639 851 650 876 3
677 836 722 881 μὴ
739 836 825 883 λέγ’,
841 836 868 871 ὦ
885 835 972 880 ξένη.

262 889 315 924 καὶ
331 889 435 924 παῖδά
450 887 484 935 γ’
504 889 595 923 ἔτεκε
612 889 659 936 τῷ
677 888 742 936 θεῷ
758 889 869 931 λάθρα
885 889 1026 934 πατρός.

263 941 322 976 οὐκ
339 941 442 976 ἔστιν·
470 940 589 987 ἀνδρὸς
606 941 734 975 ἀδικίαν
751 940 958 986 αἰσχύνεται.

264 995 304 1027 οὔ
320 994 430 1039 φησιν
445 992 538 1037 αὐτή·
565 994 619 1028 καὶ
636 992 800 1028 πέπονθεν
816 993 930 1028 ἄθλια.

261 1046 294 1081 τί
310 1046 423 1092 χρῆμα
441 1045 598 1092 δράσασ’,
619 1046 648 1080 εἷ
667 1045 731 1093 θεῷ
750 1044 936 1091 συνεζύγης

265 1100 323 1133 τὸν
339 1098 429 1134 παῖδ’
449 1097 488 1132 ὃν
505 1098 614 1133 ἔτεκεν
632 1097 767 1142 ἐξέθηκε
785 1098 954 1143 δωμάτων.

265 1152 284 1185 ὁ
302 1148 332 1186 δ’
352 1149 495 1186 ἐκτεθεὶς
511 1152 589 1186 παῖς
606 1153 672 1186 ποῦ
691 1148 805 1191 ’σ-τινς
833 1151 951 1196 εἰσορᾷ
969 1150 1058 1196 φάος
1072 1165 1083 1189 ,-

263 1204 324 1238 οὐκ
341 1201 430 1238 οἶδεν
447 1202 565 1239 οὐδείς.
602 1205 706 1237 ταῦτα
724 1204 777 1239 καὶ
793 1202 1005 1248 μαντεύομαι.

263 1256 293 1290 εἶ
311 1254 341 1291 δ’
361 1255 466 1290 οὖκέτ’
486 1255 571 1296 ἔστι,
591 1254 655 1289 τίνι
673 1256 785 1303 τρόπῳ
804 1255 991 1302 διεφθάρη,-

264 1307 366 1355 θῆράς
384 1309 457 1355 σφε
474 1308 532 1342 τὸν
549 1307 713 1351 δύστηνον
731 1308 858 1350 ἐλπίζει
877 1309 1015 1343 κτανεῖν.

261 1360 348 1408 ποίῳ
364 1359 434 1395 τόδ’
454 1360 539 1407 ἔγνω
557 1359 709 1408 χρωμένη
727 1359 913 1408 τεκμηρίῳ,·

265 1412 404 1448 ἐλθοῦσ’
423 1411 463 1448 ἶν’
483 1412 583 1447 αὐτὸν
601 1411 727 1456 ἐξέθηκ’
747 1412 810 1458 οὔχ
827 1411 900 1458 ηὗρ’
921 1413 981 1447 ἔτι.

264 1464 304 1510 ἦν
321 1466 358 1500 δὲ
376 1466 572 1512 σταλαγμὸς
590 1464 625 1500 ἐν
643 1465 754 1512 στίβῳ
772 1478 822 1500 τις
839 1463 997 1510 α’ίματος,·

264 1520 304 1553 οὕ
321 1518 421 1563 φησι·
449 1517 555 1552 καίτοι
571 1515 676 1552 πόλλ’
697 1518 895 1563 ἐπεστράφη
913 1516 1026 1551 πέδον.

262 1573 384 1618 χρόνος
402 1571 438 1605 δὲ
455 1571 506 1607 τίς
522 1570 569 1618 τῷ
586 1570 679 1605 παιδὶ
699 1569 972 1616 διαπεπραγμένῳ
986 1583 997 1608 ,-

266 1624 324 1658 σοὶ
340 1624 460 1658 ταυτὸν
477 1622 573 1667 ἥβης,
594 1620 686 1668 εῖπερ
705 1620 753 1665 ἦν,
773 1618 837 1667 εἶχ’
857 1621 897 1656 ἂν
913 1621 1044 1667 μέτρον.

265 1675 372 1711 ἀδικεῖ
388 1689 438 1710 νιν
455 1677 474 1710 ὁ
493 1674 577 1710 θεός·
604 1673 624 1719 ἡ
643 1676 788 1708 τεκοῦσα
806 1672 836 1708 δ’
855 1673 969 1708 ἇθλία.

267 1729 386 1762 οὔκουν
402 1727 447 1762 ἔτ’
466 1728 574 1762 ἄλλον
590 1725 734 1770 ὕστερον
750 1725 853 1760 τίκτει
869 1730 981 1772 γόνον.

264 1781 298 1816 τί
315 1780 356 1824 δ’,
377 1780 406 1815 εἶ
422 1778 534 1826 λάθρα
552 1793 602 1814 νιν
619 1779 745 1820 Φοῖβος
762 1779 915 1825 ἐκτρέφει
931 1778 1072 1820 λαβών,·

266 1833 308 1867 τὰ
326 1833 418 1868 κοινὰ
435 1831 562 1878 χαίρων
580 1832 619 1866 οὐ
638 1831 747 1866 δίκαια
763 1831 826 1878 δρᾷ
843 1833 955 1877 μόνος.

265 1884 364 1931 οἴμοι·
390 1885 568 1932 προσῳδὸς
585 1883 606 1928 ἡ
622 1882 707 1929 τύχη
726 1883 824 1932 τῶμῷ
841 1882 953 1919 πάθει.

267 1939 322 1973 καὶ
339 1936 389 1979 σ’,
408 1937 434 1972 ὦ
453 1936 529 1980 ξέν’,
549 1933 641 1982 οἶμαι
657 1934 770 1982 μητέρ’
790 1935 911 1971 ἀθλίαν
927 1935 1055 1972 ποθεῖν.

266 1991 320 2026 καὶ
335 1989 380 2037 μή
397 1989 430 2037 γ’
450 1989 500 2025 ἐπ’
520 1987 631 2024 οἶκτόν
647 1989 681 2034 μ’
701 1988 793 2035 ἔξαγ’
812 1988 852 2023 οὗ
868 1987 1078 2033 λελήσμεϋα.

269 2045 366 2089 σιγῶ·
393 2042 527 2089 πέραινε
545 2042 573 2077 δ’
593 2042 639 2076 ὢν
657 2037 693 2076 σ’
714 2042 880 2088 ἀνιστορῶ
897 2041 986 2088 πέρι.

266 2093 356 2131 οἶσθ’
377 2093 435 2130 οὖν
452 2094 470 2129 ὃ
489 2095 602 2140 κάμνει
619 2095 679 2128 τοῦ
695 2094 801 2140 λόγου
818 2094 970 2139 μάλιστά
987 2105 1045 2128 σοι
1055 2106 1067 2132 ,-

265 2147 300 2184 τί
317 2144 347 2183 δ’
368 2148 427 2182 οὐκ
446 2147 550 2191 ἐκείνῃ
567 2149 608 2191 τῇ
625 2147 826 2194 ταλαιπώρῳ
843 2147 939 2181 νοσεῖ
950 2161 961 2185 ,-

265 2203 336 2236 πῶς
353 2202 372 2234 ὁ
391 2199 466 2236 θεὸς
483 2201 501 2234 ὃ
518 2199 636 2235 λαθεῖν
652 2198 814 2239 βούλεται
831 2197 1050 2243 μαντεύσεται
1064 2211 1073 2232 :

268 2250 362 2300 εἴπερ
379 2252 503 2295 καθίζει
520 2252 662 2298 τρίποδα
679 2252 788 2285 κοινὸν
803 2250 980 2286 Ἑλλάδος.

268 2303 461 2349 αἶσχύνεται
478 2305 517 2339 τὸ
534 2306 681 2351 πρᾶγμα·
708 2303 752 2348 μὴ
773 2302 931 2349 ’ξέλεγχέ
946 2317 1006 2337 νιν.

270 2355 447 2404 ἀλγύνεται
465 2356 503 2392 δέ
518 2356 550 2403 γ’
569 2356 589 2400 ἡ
607 2355 765 2391 παθοῦσα
782 2360 822 2400 τῇ
839 2355 937 2400 τύχῃ.

270 2410 330 2444 οὒκ
347 2409 442 2443 ἔστιν
459 2407 555 2444 ὅστις
572 2422 629 2443 σοι
646 2407 878 2454 προφητεύσει
895 2408 987 2442 τάδε.

271 2461 308 2496 ἐν
323 2463 393 2498 τοῖς
408 2461 474 2508 γὰρ
488 2461 589 2496 αὑτοῦ
607 2461 758 2504 δώμασιν
775 2460 872 2495 κακὸς
890 2459 1008 2504 φανεὶς

271 2515 395 2556 Φοῖβος
413 2514 545 2549 δικαίως
562 2513 620 2547 τὸν
638 2510 876 2556 θεμιστεύοντά
895 2526 952 2546 σοι

273 2566 427 2612 δράσειεν
444 2566 483 2599 ἄν
500 2580 532 2599 τι
549 2563 640 2609 πῆμ’·
668 2564 908 2603 ἀπαλλάσσου,
927 2561 1034 2609 γύναι·

274 2621 320 2666 τῷ
337 2618 404 2664 γὰρ
424 2617 488 2664 θεῷ
505 2615 648 2651 τάναντί’
669 2616 707 2650 οὗ
723 2616 932 2661 μαντευτέον.

275 2671 309 2706 ἐς
321 2670 386 2716 γὰρ
404 2671 567 2703 τοσοῦτον
584 2668 725 2714 ἀμαθίας
742 2667 899 2712 ἔλθοιμεν
916 2667 968 2709 ἂν,

275 2722 304 2756 εἶ
321 2721 399 2757 τοὺς
417 2720 511 2757 θεοὺς
529 2720 667 2756 ἄκοντας
685 2719 911 2764 ἐκπονήσομεν

273 2774 414 2820 φράζειν
430 2772 452 2807 ἃ
467 2772 512 2817 μὴ
532 2772 693 2807 θέλουσιν
710 2771 730 2816 ἦ
747 2772 953 2817 προβωμίοις

276 2827 449 2872 σφαγαῖσι
466 2823 613 2869 μήλωνῆ
633 2823 676 2858 δι’
697 2823 821 2858 οῖωνῶν
837 2825 981 2870 πτεροῖς.

275 2877 315 2913 ἂν
331 2879 397 2924 γὰρ
414 2877 476 2922 βίᾳ
493 2875 690 2920 σπεύδωμεν
707 2875 852 2910 ἀκόντων
870 2875 965 2914 θεῶν,

276 2930 335 2964 οὒκ
353 2929 432 2964 ὅντα
449 2927 658 2973 κεκτήμεσθα
675 2926 806 2971 τάγάθ’,
827 2926 853 2961 ὦ
869 2926 976 2974 γύναι·

276 2981 298 3016 ἃ
315 2982 342 3017 δ’
363 2981 403 3016 ἂν
420 2979 534 3016 διδῶσ’
554 2982 692 3019 ἑκόντες,
712 2977 944 3024 ὠφελούμεθα.

275 3033 404 3069 πολλαί
419 3047 461 3079 γε
477 3033 620 3068 πολλοῖς
638 3032 706 3066 εἶσι
726 3031 900 3077 συμφοραὶ
916 3033 1059 3077 βροτῶν,

276 3085 407 3132 μορφαὶ
425 3085 461 3120 δὲ
480 3084 711 3130 διαφέρουσιν.
750 3082 785 3117 ἓν
802 3081 833 3117 δ’
851 3081 892 3117 ἂν
911 3083 1046 3128 εὐτυχὲς

278 3137 377 3182 μόλις
393 3136 468 3172 ποτ’
490 3135 618 3182 ἐξεύροι
635 3149 686 3171 τις
702 3134 884 3181 ἀνθρώπων
900 3136 978 3182 βίῳ.

282 3189 309 3223 ὦ
323 3190 439 3231 Φοῖβε,
460 3188 552 3222 κάκεῖ
570 3185 702 3221 κάνθάδ’
722 3186 762 3221 οὗ
780 3187 905 3222 δίκαιος
922 3184 956 3221 εἶ

281 3241 315 3277 ἐς
331 3241 391 3284 τὴν
407 3240 571 3278 ἀποῦσαν,
590 3238 629 3284 ἧς
645 3239 802 3285 πάρεισιν
819 3240 850 3272 οἱ
867 3239 977 3284 λόγοι.

282 3291 327 3327 σύ
339 3292 368 3327 τ’
387 3292 446 3326 οὐκ
464 3293 598 3327 ἔσωσας
615 3293 674 3325 τὸν
691 3291 764 3331 σὸν,
784 3289 822 3324 ὃν
840 3290 952 3325 σῶσαί
970 3290 1003 3325 σ’
1023 3290 1136 3336 ἐχρῆν,

282 3342 355 3379 οὗθ’
377 3343 561 3390 ἱστορούσῃ
579 3343 677 3389 μητρὶ
693 3343 810 3386 μάντις
826 3341 872 3376 ὢν
889 3342 984 3388 ἐρεῖς,

284 3397 339 3438 ὣς,
358 3396 388 3430 εἷ
405 3396 467 3440 μὲν
483 3394 588 3429 οὐκέτ’
606 3395 711 3435 ἔστιν,
730 3393 862 3440 ὀγκωθῇ
879 3394 990 3442 τάφῳ,

283 3448 314 3483 εἳ
331 3447 360 3483 δ’
379 3449 483 3488 ἔστιν,
503 3446 590 3490 ἔλθῃ
607 3446 731 3492 μητρὸς
748 3445 794 3481 εἷς
812 3445 896 3491 ὄψιν
911 3446 1002 3480 ποτέ.

284 3499 363 3535 ἀλλ’
381 3498 440 3534 οὖν
458 3500 514 3534 ε’ἃν
530 3513 571 3546 γε
587 3497 653 3544 χρὴ
671 3497 756 3538 τάδ’,
774 3497 804 3531 εἷ
818 3498 903 3543 πρὸς
919 3500 978 3532 τοῦ
997 3497 1076 3533 θεοῦ

287 3550 506 3597 κωλυόμεσθα
522 3551 566 3596 μὴ
584 3549 701 3595 μαθεῖν
717 3549 738 3583 ἃ
755 3547 933 3594 βούλομαι.

1151 261 1272 303 ῙΩΝ.

1131 378 1194 409 330

1131 639 1191 670 335
1215 652 1218 675 2

1133 900 1196 930 3⁴0

1135 1162 1195 1192 345
1241 1150 1309 1182 Ξ·

1138 1425 1200 1456 350

1140 1684 1181 1718 3}

1185 1689 1201 1710 J·

1138 1936 1203 1981 360

1139 2198 1205 2242 3⁶5

1146 2468 1209 2503 ³70

1149 2730 1209 2764 375

1144 2983 1208 3022 380

1152 3243 1212 3282 ³85

1243 995 1268 1023 Κ
1273 996 1304 1024 P.

1245 1310 1308 1339 KP.

1243 1466 1313 1498 ΞΟ.

1245 1519 1303 1550 ΙΩ.

1185 1685 1200 1719 j
1247 1675 1317 1709 ΞΟ.

1251 2096 1318 2127 ΚΡ.

1251 2305 1310 2336 m.

2183 262 2265 307 263

1340 362 1432 403 ἀλλ’,
1448 361 1474 398 ὦ
1492 361 1570 408 ξέν’,
1590 363 1712 411 εἰσορῶ
1729 365 1794 412 γὰρ
1813 365 1928 413 εὐγενῆ
1944 367 2048 403 πόσιν

1341 415 1469 452 Ξοῦθον
1485 416 1592 452 πέλας
1610 417 1649 461 δὴ
1667 417 1772 458 τόνδε,
1792 420 1850 454 τὰς
1867 419 2065 466 Τροφωνίου

1339 470 1481 504 λιπόντα
1499 468 1661 513 θαλάμας,
1679 470 1756 506 τοὺς
1773 471 1995 517 λελεγμένους
2012 473 2135 516 λόγους

1340 520 1422 568 σίγα
1438 522 1523 567 πρὸς
1541 521 1653 567 ἄνδρα,
1671 520 1716 566 μή
1734 522 1794 557 τιν’
1813 522 1976 568 αἰσχύνην
1992 525 2090 566 λάβω

1340 573 1539 607 διακονοῦσα
1557 574 1694 619 κρυπτὰ,
1715 575 1767 608 καὶ
1784 576 1896 620 προβῇ
1914 576 2016 621 λόγος

1342 626 1406 671 οὐχ
1421 622 1507 671 ᾗπερ
1524 624 1617 670 ἡμεῖς
1634 625 1733 661 αὐτὸν
1751 626 1997 672 ἐξειλίσσομεν.

1339 678 1381 712 τὰ
1397 679 1463 724 γᾶρ
1480 681 1643 723 γυναικῶν
1661 678 1809 724 δυσχερῆ
1826 679 1911 725 πρὸς
1928 679 2080 725 ἄρσενας,

1343 730 1403 764 κάν
1419 731 1491 765 ταῖς
1508 731 1660 764 κακαῖσιν
1678 730 1798 774 ἁγαθαὶ
1812 731 2007 776 μεμιγμέναι

1340 781 1528 826 μισούμεθ’·
1556 779 1642 816 οὕτω
1661 782 1838 828 δυστυχεῖς
1851 782 2058 828 πεφύκαμεν.

2210 536 2269 570 395

2214 800 2275 828 400

1216 869 1219 884 ἑ
1239 837 1306 868 ΞΟ.
1338 837 1470 879 πρῶτον
1486 834 1547 877 μὲν
1564 836 1582 868 ὁ
1602 834 1677 870 θεὸς
1693 839 1759 869 τῶν
1777 835 1863 879 ἐμῶν
1879 835 2176 881 προσφθεγμάτων

1341 887 1459 928 λαβὼν
1476 887 1628 932 ἀπαρχὰς
1644 887 1799 933 χαιρέτω,
1820 885 1865 921 σύ
1882 886 1926 929 τ’,
1946 887 1972 921 ὦ
1989 887 2097 934 γύναι.

1342 942 1413 982 μῶν
1429 940 1563 984 χρόνιος
1581 938 1691 972 ἐλθών
1709 941 1743 974 σ’
1763 939 1918 983 ἐξέπληξ’
1937 940 2102 986 ὀρρωδία,·

1345 991 1443 1024 οὐδέν
1458 989 1506 1037 γ’·
1534 990 1659 1036 ἀφίκου
1678 990 1708 1025 δ’
1729 992 1762 1027 ἐς
1779 991 1949 1038 μέριμναν.
1986 993 2077 1026 ἀλλά
2094 1007 2150 1037 μοι
2202 1001 2206 1009 ’

1342 1042 1446 1086 λέξον
1462 1040 1498 1077 τί
1513 1043 1675 1088 θέσπισμ’
1695 1044 1731 1077 ἐκ
1749 1045 1945 1090 Τροφωνίου
1963 1045 2089 1090 φέρεις,

1342 1095 1469 1130 παίδων
1486 1095 1575 1131 ὅπως
1593 1098 1657 1143 νῷν
1675 1097 1809 1142 σπέρμα
1828 1095 2109 1143 συγκραθήσεται.

1342 1147 1401 1181 οὔκ
1418 1146 1545 1192 ἠξίωσε
1562 1151 1622 1182 τοῦ
1641 1149 1719 1183 θεοῦ
1736 1149 1990 1195 προλαμβάνειν

1344 1199 1543 1245 μαντεύμαθ’
1548 1216 1555 1223 ·
1584 1199 1620 1234 ἓν
1636 1200 1666 1235 δ’
1686 1200 1744 1235 οὖν
1762 1198 1864 1240 εἶπεν,
1884 1201 1943 1235 οὐκ
1961 1201 2084 1236 ἄπαιδά
2101 1217 2142 1246 με

1344 1253 1429 1298 πρὸς
1446 1250 1536 1287 οἷκον
1554 1252 1646 1297 ἥξειν
1663 1253 1739 1287 οὐδὲ
1758 1252 1794 1288 σ’
1814 1254 1850 1288 ἐκ
1867 1255 2089 1299 χρηστηρίων.

1340 1303 1366 1338 ὦ
1383 1307 1501 1339 πότνια
1519 1306 1648 1346 Φοίβου
1664 1307 1780 1352 μῆτερ,
1799 1306 1829 1341 εἶ
1846 1307 1912 1352 γὰρ
1928 1306 2046 1341 αἰσίως

1347 1357 1518 1402 ἔλθοιμεν,
1537 1358 1559 1391 ἃ
1576 1372 1613 1392 τε
1630 1359 1694 1406 νῷν
1711 1359 1906 1402 συμβόλαια
1922 1358 2073 1404 πρόσθεν
2091 1356 2131 1402 ἦν

1348 1410 1381 1445 ἐς
1391 1410 1493 1445 παῖδα
1510 1410 1568 1444 τὸν
1586 1411 1659 1450 σὸν,
1679 1411 1862 1455 μεταπέσοι
1879 1410 2052 1452 βελτίονα.

1350 1463 1446 1496 ἔσται
1464 1461 1549 1497 τάδ’·
1577 1463 1669 1497 ἀλλὰ
1685 1462 1736 1498 τίς
1752 1462 1958 1509 προφητεύει
1977 1462 2055 1497 θεοῦ
2069 1478 2080 1502 ,-

1349 1514 1441 1559 ἡμεῖς
1459 1516 1500 1549 τά
1517 1513 1551 1560 γ’
1571 1514 1646 1557 ἔξω,
1665 1518 1731 1549 τῶν
1747 1516 1816 1550 ἔσω
1835 1514 1864 1550 δ’
1883 1516 2002 1550 ἄλλοις
2019 1515 2128 1559 μέλει,

1349 1564 1381 1601 οἳ
1398 1567 1546 1610 πλησίον
1565 1567 1738 1602 θάσσουσι
1755 1567 1921 1614 τρίποδος,
1941 1567 1967 1601 ὦ
1985 1566 2071 1611 ξένε,

1350 1620 1497 1664 Δελφῶν
1514 1619 1665 1666 ἀριστῆς,
1685 1619 1743 1656 οὓς
1761 1619 1952 1666 ἐκλήρωσεν
1969 1620 2088 1656 πάλος.

1355 1673 1475 1707 καλῶς·
1503 1672 1569 1716 ἔχω
1589 1671 1628 1715 δὴ
1646 1671 1742 1706 πάνθ’
1762 1672 1854 1707 ὅσων
1872 1671 2063 1718 ἐχρῄζομεν.

1350 1723 1515 1769 στείχοιμ’
1536 1724 1575 1758 ἂν
1593 1722 1686 1758 ε’ίσω·
1714 1725 1767 1758 καὶ
1784 1725 1861 1770 γὰρ,
1883 1725 1926 1760 ὡς
1945 1724 2009 1770 ἐγὼ
2025 1723 2127 1764 κλύω,

1350 1776 1557 1823 χρηστήριον
1573 1777 1725 1811 πέπτωκε
1743 1778 1813 1812 τοῖς
1831 1775 1976 1820 ἐπήλυσι

1351 1830 1460 1864 κοινὸν
1475 1829 1542 1874 πρὸ
1561 1831 1650 1863 ναοῦ·
1678 1827 1847 1874 βούλομαι
1865 1829 1893 1863 δ’
1914 1829 1949 1863 ἐν
1966 1827 2070 1875 ἡμέρᾳ

1352 1881 1436 1926 τῇδ’,
1456 1881 1551 1916 αἷσία
1567 1881 1643 1927 γὰρ,
1664 1881 1741 1916 θεοῦ
1758 1881 1879 1923 λαβεῖν
1895 1880 2112 1927 μαντεύματα.

1354 1934 1399 1969 σὺ
1417 1933 1445 1968 δ’
1463 1934 1553 1979 ἀμφὶ
1570 1934 1715 1979 βωμοὺς.
1731 1933 1757 1967 ὦ
1774 1932 1880 1979 γύναι,
1896 1934 2134 1981 δαφνηφόρους

1354 1987 1515 2028 λαβοῦσα
1531 1987 1660 2022 κλῶνας
1677 1985 1846 2023 εὐτέκνους
1862 1988 1963 2031 εὔχου
1982 1982 2069 2022 θεοῖς

1353 2037 1529 2084 χρησμούς
1547 2037 1579 2082 μ’
1598 2039 1742 2085 ἐνεγκεῖν
1760 2038 1797 2082 ἐξ
1814 2039 2030 2075 Ἀπόλλωνος
2048 2039 2169 2084 δόμων.

1355 2092 1451 2125 ἔσται
1468 2087 1542 2125 τάδ’
1563 2092 1671 2125 ἕσται.
1709 2090 1831 2134 Λοξίας
1848 2090 1879 2126 δ’
1899 2091 1956 2126 ἐὰν
1974 2090 2056 2135 θέλῃ

1354 2146 1412 2179 νῦν
1429 2144 1519 2178 ἀλλὰ
1537 2145 1596 2179 τὰς
1613 2144 1692 2189 πρὶν
1709 2144 1889 2185 ἀναλαβεῖν
1906 2143 2077 2189 ἁμαρτίας.

1354 2196 1440 2231 ἅπας
1457 2195 1517 2240 μὲν
1534 2195 1574 2230 οὗ
1590 2195 1710 2241 γένοιτ’
1731 2196 1772 2230 ἂν
1789 2195 1836 2231 εἷς
1852 2195 1937 2240 ἡμᾶς
1955 2196 2070 2241 φίλος,

1355 2248 1438 2283 ὅσον
1456 2248 1492 2282 δὲ
1510 2247 1639 2293 χρῄζει,
1656 2247 1731 2283 θεὸς
1747 2248 1813 2294 γάρ
1832 2247 1917 2288 ἐστι,
1933 2247 2080 2292 δέξομαι.

1351 2301 1384 2335 τί
1400 2314 1483 2335 ποτε
1500 2301 1658 2345 λόγοισιν
1674 2299 1694 2344 ἡ
1713 2299 1789 2343 ξένη
1807 2301 1891 2346 πρὸς
1905 2301 1964 2334 τὸν
1981 2299 2058 2334 θεὸν

1355 2355 1550 2399 κρυπτοῖσιν
1566 2352 1618 2386 ἀεὶ
1634 2350 1828 2398 λοιδοροῦσ’
1848 2351 2037 2386 αἰνίσσεται

1355 2407 1428 2450 ἤτοι
1446 2405 1600 2450 φιλοῦσά
1617 2404 1649 2451 γ’
1665 2403 1704 2448 ἧς
1721 2402 1805 2450 ὕπερ
1823 2403 2026 2449 μαντεύεται,

1357 2457 1377 2502 ἦ
1397 2458 1450 2492 καί
1467 2471 1499 2491 τι
1518 2456 1642 2504 σιγῶσ’
1663 2456 1707 2490 ῶν
1726 2455 1920 2491 σιωπᾶσθαι
1936 2457 2066 2502 χρεών,·

1357 2510 1441 2556 ἀτὰρ
1460 2509 1624 2556 θυγατρὸς
1640 2510 1699 2552 τῆς
1717 2507 1904 2555 Ἐρεχθέως
1921 2508 1956 2542 τί
1972 2521 2030 2553 μοι

1356 2562 1452 2607 μέλει
1469 2561 1670 2607 προσήκοντ’
1690 2560 1811 2600 οὗδένς
1838 2561 1930 2595 ἀλλὰ
1945 2561 2107 2607 χρυσέαις

1356 2615 1538 2660 πρόχοισιν
1556 2612 1666 2647 ἐλθὼν
1683 2613 1731 2649 εἷς
1748 2611 1993 2659 ἀπορραντήρια

1357 2667 1481 2712 δρόσον
1499 2664 1646 2710 καθήσω.
1684 2664 1893 2709 νουθετητέος
1912 2665 1951 2700 δέ
1964 2678 2022 2710 μοι

1358 2719 1493 2760 Φοῖβος,
1512 2718 1545 2752 τί
1561 2718 1706 2762 πάσχων
1721 2716 1906 2762 παρθένους
1921 2717 1982 2762 βίᾳ
1998 2721 2113 2764 γαμῶν

1357 2770 1555 2815 προδίδωσι,
1573 2770 1693 2805 παῖδάς
1709 2767 1740 2803 τ’
1761 2768 2009 2814 ἐκτεκνούμενος
2025 2769 2135 2815 λάθρα

1360 2820 1564 2865 θνήσκοντας
1582 2820 1710 2865 ἀμελεῖ.
1747 2821 1791 2866 μὴ
1811 2820 1856 2856 σύ
1873 2820 1918 2867 γ’·
1946 2820 2025 2855 ἀλλ’
2046 2822 2117 2856 ἐπεὶ
2136 2821 2273 2871 κρατεῖς,

1359 2873 1478 2919 ἀρετὰς
1495 2873 1604 2908 δίωκε.
1642 2875 1695 2908 καὶ
1712 2874 1778 2920 γὰρ
1797 2872 1892 2909 ὅστις
1909 2873 1950 2908 ἃν
1965 2875 2098 2920 βροτῶν
2230 2884 2292 2914 440

1360 2926 1457 2960 κακὸς
1473 2924 1620 2971 πεφύκῃ,
1639 2926 1813 2970 ζημιοῦσιν
1830 2927 1861 2960 οἶ
1879 2925 1962 2960 θεοί.

1359 2980 1430 3013 πῶς
1446 2976 1505 3011 οὖν
1522 2977 1652 3012 δίκαιον
1667 2978 1746 3014 τοὺς
1763 2980 1883 3023 νόμους
1899 2977 1983 3022 ὑμᾶς
1999 2978 2136 3023 βροτοῖς

1360 3029 1559 3075 γράψαντας
1576 3029 1694 3066 αὐτοὺς
1711 3029 1849 3075 ἇνομίαν
1865 3029 2110 3076 ὀφλισκάνειν,-

1362 3081 1392 3115 εἴ
1410 3081 1450 3124 δ’,
1469 3082 1508 3115 οὗ
1525 3082 1592 3128 γὰρ
1609 3081 1718 3122 ἔσται,
1735 3083 1782 3128 τῷ
1798 3083 1892 3129 λόγῳ
1911 3082 1947 3116 δέ
1964 3080 2147 3127 χρήσομαι,

1362 3133 1453 3168 δίκας
1469 3134 1589 3170 βιαίων
1606 3133 1726 3168 δώσετ’
1746 3133 1931 3180 ἀνθρώποις
1948 3135 2072 3180 γάμων,

1364 3184 1409 3219 σὺ
1427 3185 1480 3219 καὶ
1498 3185 1674 3220 Ποσειδῶν
1691 3185 1771 3222 Ζεύς
1789 3185 1819 3220 θ’
1839 3185 1876 3222 ὃς
1893 3186 2033 3232 οὐρανοῦ
2051 3186 2174 3230 κρατεῖ,

1362 3236 1458 3272 ναοὺς
1475 3237 1619 3272 τίνοντες
1635 3237 1762 3274 ἀδικίας
1779 3238 1952 3272 κενώσετε.

1362 3288 1422 3324 τὰς
1437 3287 1556 3332 ἡδονὰς
1571 3289 1637 3336 γὰρ
1653 3292 1711 3334 τῆς
1728 3289 1913 3336 προμηθίας
1930 3289 2036 3335 πάρος

1363 3339 1564 3377 σπεύδοντες
1581 3340 1727 3376 ἀδικεῖτ’·
1755 3339 1862 3376 οὐκετ’
1881 3340 2074 3386 ἀνθρώπους
2091 3339 2209 3376 κακοὺς

2217 1057 2277 1088 405

2220 1319 2282 1349 4¹0

2223 1579 2282 1610 4¹5

2223 1839 2287 1871 420

2226 2100 2285 2133 425

2226 2364 2288 2394 430

2229 2624 2289 2654 435

2230 3143 2292 3175 445

1361 3390 1475 3438 λέγειν
1491 3392 1627 3432 δίκαιον,
1647 3393 1678 3427 ει’
1693 3393 1736 3427 τὰ
1751 3397 1818 3428 τῶν
1835 3393 1920 3428 θεῶν
1937 3392 2019 3428 κακὰ
2230 3402 2292 3436 450

1363 3442 1554 3488 μιμούμεθ’,
1571 3444 1663 3478 ἀλλὰ
1679 3445 1757 3481 τοὺς
1775 3446 1991 3481 διδάσκοντας
2006 3444 2095 3480 τάδε.

1155 3510 1218 3542 390
1261 3502 1331 3532 XO.
1360 3496 1403 3530 σὲ
1419 3495 1480 3530 τὰν
1496 3495 1620 3531 ὦδίνων
1636 3497 1758 3541 λοχιᾶν
2214 3509 2288 3541 στρ.

1363 3546 1593 3590 ἀνειλείθυιαν,
1612 3548 1692 3592 ε’μᾶν
