2488 3860
251 281 331 329 ⁵86

258 2075 322 2105 rY.

258 2180 328 2209 ΚΑ.

260 2232 322 2262 ΓΥ.

261 2285 329 2315 ΚΑ.

263 2547 328 2576 ΓΥ.

262 2599 332 2628 ΚΑ.

261 2755 331 2785 ΚΑ.

314 1047 322 1054 .
352 1020 390 1065 νὴ
403 1020 486 1057 ,τοὺς
504 1018 600 1055 θεοὺς
617 1020 723 1066 ἔγωγε
739 1020 784 1064 μὴ
803 1019 950 1066 φθάσειέ
965 1033 1008 1064 με

313 1885 322 1896 .
360 1857 379 1905 ἦ
398 1858 465 1896 πού
484 1875 526 1896 σε
543 1860 598 1896 διὰ
616 1859 705 1896 τοῦτ’
725 1860 822 1897 εὐθὺς
840 1859 1074 1904 ἐβδελύττετο.

319 1936 328 1948 .
356 1912 428 1955 οὒκ,
447 1912 526 1949 ἀλλ’
544 1913 646 1949 Ἰασὼ
663 1913 724 1959 μέν
741 1927 792 1950 τις
809 1912 1031 1949 άκολουθοῦσ’
1050 1914 1117 1959 ἅμα

1094 265 1549 330 ΑΡΙΣΤΟΦΑΝΟΎΣ

351 390 477 437 ἀθάρης
494 387 604 437 χύτρα
622 404 672 428 τις
690 390 871 435 ἐξέπληττε
891 391 1019 437 κειμένη

349 444 468 491 ὀλίγον
485 442 617 478 ἄπωθεν
634 444 694 488 τῆς
711 444 862 490 κεφαλῆς
879 458 939 479 του
957 444 1108 491 γρᾳδίου,

350 495 406 542 ἐφ’
426 494 466 540 ἢν
483 494 668 540 ἐπεθύμουν
686 496 862 540 δαιμονίως
880 496 1083 543 ἐφερπύσαι.

349 547 450 583 ἔπειτ’
470 547 671 594 ἀναβλέψας
689 551 756 595 ὁρῶ
773 550 832 593 τὸν
850 549 938 596 ἱερέα

350 601 428 637 τοὺς
446 600 549 647 φθοῖς
566 600 809 647 ἀφαρπάζοντα
826 602 880 636 καὶ
897 602 956 638 τὰς
975 602 1118 648 ἰσχάδας

350 654 416 689 ἀπὸ
436 654 496 698 τῆς
512 652 676 699 τραπέζης
692 654 751 698 τῆς
770 654 872 700 ἱερᾶς.
899 654 984 699 μετὰ
1001 656 1100 688 τοῦτο
1119 654 1154 688 δὲ

350 705 512 753 περιῆλθε
530 705 609 742 τοὺς
623 705 761 750 βωμοὺς
777 707 924 743 ἅπαντας
942 707 977 742 ἐν
995 705 1117 753 κύκλῳ,

352 756 464 794 εἵπου
481 759 632 794 πόπανον
648 756 698 802 εἴη
715 772 748 793 τι
766 758 1077 803 καταλελειμμένον·

352 811 467 846 ἔπειτα
483 809 580 846 ταῦθ’
601 809 714 858 ἥγιζεν
733 811 768 849 ἐς
785 812 912 847 σάκταν
929 812 1011 847 τινά.

353 863 444 910 κάγὼ
463 862 604 907 νομίσας
620 861 755 907 πολλὴν
772 864 871 898 ὁσίαν
887 865 948 897 τοῦ
965 863 1160 909 πράγματος

354 916 409 951 ἐπὶ
426 915 486 960 τὴν
502 913 630 961 χύτραν
646 915 707 960 τὴν
723 916 782 960 τῆς
799 914 924 962 ἀθάρης
941 915 1131 959 ἀνίσταμαι.

354 966 530 1004 ταλάντατ’
548 967 688 1014 ἀνδρῶν,
707 967 767 1002 οὐκ
785 967 960 1003 ἐδεδοίκεις
977 969 1035 1001 τὸν
1053 966 1129 1002 θεόν
1144 979 1152 1007 ;

1230 501 1288 540 655

353 1073 409 1108 ε’πὶ
426 1072 486 1118 τὴν
502 1070 629 1118 χύτραν
647 1072 757 1106 ἐλθὼν
774 1073 862 1117 ἔχων
879 1072 920 1106 τὰ
939 1071 1123 1116 στέμματα.

354 1128 373 1160 ὁ
390 1125 456 1173 γὰρ
475 1124 581 1170 ἱερεὺς
598 1124 700 1158 αὐτοῦ
716 1139 758 1168 με
775 1124 1033 1170 προύδιδάξατο.

354 1178 392 1212 τὸ
409 1176 548 1224 γρᾴδιον
566 1175 594 1211 δ’
615 1177 658 1212 ὡς
674 1175 842 1221 ᾑσθάνετό
858 1190 924 1221 μου
942 1177 1000 1210 τὸν
1017 1176 1150 1223 ψόφον,

355 1229 414 1274 τὴν
429 1228 515 1276 χεῖρ’
535 1227 670 1275 ὑφῄρει·
700 1225 782 1275 κᾷτα
801 1228 941 1275 συρίξας
960 1228 1026 1275 ε’γὼ

354 1281 439 1326 ὀδὰξ
457 1282 640 1326 ἐλαβόμην,
660 1281 704 1317 ὡς
721 1281 859 1326 παρείας
877 1281 922 1315 ὢν
940 1280 1031 1326 ὄφις.

354 1334 374 1378 ἡ
393 1333 421 1369 δ’
441 1333 562 1369 εὐθέως
579 1333 639 1378 τὴν
655 1335 754 1379 χεῖρα
771 1334 875 1368 πάλιν
892 1333 1076 1372 ἀνέσπασε,

357 1387 523 1421 κατέκειτο
541 1385 570 1420 δ’
590 1386 692 1430 αὑτὴν
710 1385 900 1429 ἐντυλίξασ’
919 1384 1044 1432 ἡσυχῆ,

355 1439 421 1473 ὑπὸ
439 1440 499 1472 τοῦ
518 1438 613 1474 δέους
629 1437 781 1480 βδέουσα
800 1436 997 1484 δριμύτερον
1012 1440 1132 1484 γαλῆς.

355 1491 446 1537 κάγὼ
464 1489 532 1526 τότ’
551 1491 612 1535 ἤδη
631 1491 690 1535 τῆς
707 1489 832 1536 ἀθάρης
849 1490 983 1534 πολλὴν
1000 1491 1131 1536 ἔφλων·

356 1542 457 1579 ἔπειτ’
477 1542 590 1588 ἐπειδὴ
608 1544 733 1588 μεστὸς
750 1541 802 1587 ἦν,
822 1543 1043 1588 ἀνεπαυόμην.

362 1598 380 1631 ὁ
399 1596 435 1633 δέ
454 1595 529 1632 θεὸς
546 1595 623 1641 ὑμῖν
641 1595 680 1632 ού
698 1594 862 1642 προσῄειν
876 1609 885 1636 ;

898 1648 1040 1685 οὐδέπω.

357 1702 442 1747 μετὰ
459 1704 559 1738 τοῦτο
578 1701 606 1736 δ’
626 1702 687 1747 ἤδη
707 1701 760 1736 καὶ
777 1703 914 1749 γέλοιον
932 1702 1015 1747 δῆτά
1032 1715 1063 1737 τι

359 1754 512 1799 ἐποίησα.
542 1756 744 1802 προσιόντος
760 1754 825 1801 γὰρ
843 1754 946 1790 αὐτοῦ
962 1753 1048 1803 μέγα
1064 1755 1151 1792 πάνυ

358 1806 562 1855 ἀπέπαρδον·
591 1807 610 1853 ἡ
628 1807 761 1855 γαστὴρ
778 1807 844 1854 γὰρ
862 1806 1058 1854 ἐπεφύσητό
1075 1821 1152 1853 μου.

1235 1286 1296 1326 690

1233 1548 1294 1594 695

1235 1871 1296 1909 700

359 1965 588 2014 ὑπηρυθρίασε
603 1964 648 2012 χή
667 1965 820 2002 Πανάκει’
839 1966 1043 2014 ἀπεστράφη

359 2017 419 2062 τὴν
435 2015 496 2063 ῥῖν’
515 2015 730 2058 ἐπιλαβοῦσ’·
759 2016 799 2050 οὐ
816 2017 1005 2059 λιβανωτὸν
1021 2016 1086 2063 γὰρ
1103 2016 1204 2059 βδέω.

363 2070 462 2106 αὐτὸς
479 2068 508 2105 δ’
527 2069 670 2109 ἐκεῖνος;
700 2073 771 2103 KA.
792 2068 832 2103 οὐ
849 2069 896 2114 μὰ
915 2068 970 2104 Δί’
989 2067 1057 2103 οὐδ’
1078 2069 1290 2115 ἐφρόντισεν.

360 2122 473 2169 λέγεις
490 2121 647 2168 ἄγροικον
664 2120 728 2167 ἄρα
747 2119 792 2155 σύ
808 2120 841 2167 γ’
861 2117 943 2155 εἶναι
961 2122 1019 2155 τὸν
1037 2120 1124 2156 θεόν.

357 2175 402 2217 μὰ
421 2173 476 2209 Δί’
496 2174 555 2208 οὐκ
573 2172 682 2221 ἔγωγ’,
703 2173 793 2207 ἀλλὰ
813 2174 1042 2219 σκατοφάγον.

970 2223 1004 2260 αἳ
1021 2226 1137 2260 τάλαν.

362 2279 446 2324 μετὰ
463 2278 553 2314 ταῦτ’
574 2279 639 2325 ἐγὼ
657 2279 716 2322 μὲν
734 2278 830 2314 εὐθὺς
849 2278 1104 2324 ἐνεκαλυψάμην

361 2332 488 2372 δείσας,
508 2331 630 2367 ἐκεῖνος
647 2330 675 2366 δ’
695 2331 730 2365 ἐν
748 2329 858 2378 κύκλῳ
876 2330 918 2364 τὰ
936 2328 1106 2375 νοσήματα

362 2387 499 2419 σκοπῶν
514 2382 642 2430 περιῄει
659 2383 766 2418 πάντα
783 2383 931 2426 κοσμίως
947 2383 1045 2418 πάνυ.

361 2437 473 2472 ἔπειτα
490 2437 568 2472 παῖς
585 2436 673 2483 αὐτῷ
689 2435 819 2470 λίθινον
837 2435 981 2469 θυείδιον

362 2488 527 2535 παρέθηκε
545 2488 597 2523 καὶ
616 2488 750 2522 δοίδυκα
768 2488 820 2522 καὶ
839 2489 1006 2529 κιβώτιον.

361 2541 511 2580 λίθινον;

540 2593 586 2637 μὰ
605 2592 660 2627 Δί’
680 2592 719 2626 οὗ
738 2592 820 2636 δῆτ’,
841 2592 918 2637 οὐχὶ
935 2593 974 2626 τό
991 2606 1031 2638 γε
1050 2594 1206 2634 κιβώτιον

366 2645 410 2680 σὺ
428 2646 464 2680 δὲ
481 2648 552 2681 πῶς
570 2646 685 2690 ε’ώρας,
706 2644 731 2678 ὦ
750 2643 878 2679 κάκιστ’
898 2642 1117 2689 ἀπολούμενε,

363 2696 399 2733 ὃς
417 2695 665 2744 ἐγκεκαλύφθαι
682 2696 751 2743 φῄς
767 2709 776 2737 ;

799 2749 853 2783 διὰ
870 2751 930 2783 τοῦ
947 2749 1138 2795 τριβωνίου.

362 2802 446 2837 ὀπὰς
462 2802 527 2848 γὰρ
546 2799 636 2847 εἶχεν
653 2801 712 2836 οὐκ
730 2801 848 2848 ὀλίγας
864 2801 910 2846 μὰ
927 2802 986 2836 τὸν
1004 2801 1079 2836 Δία.

362 2857 495 2899 πρῶτον
512 2853 548 2888 δὲ
565 2854 698 2888 πάντων
714 2855 762 2902 τῷ
779 2853 962 2897 Νεοκλείδῃ
981 2854 1158 2899 φάρμακον

363 2906 599 2940 καταπλαστὸν
617 2905 807 2952 ἐνεχείρησε
824 2905 963 2952 τρίβειν,
984 2906 1141 2949 ἐμβαλὼν

365 2958 537 3003 σκορόδων
555 2958 706 3003 κεφαλὰς
722 2959 811 3004 τρεῖς
827 2958 964 3000 Τηνίων.
994 2956 1094 2993 ἔπειτ’
1112 2958 1203 3003 ἔφλα

364 3010 400 3044 ἐν
416 3010 456 3054 τῇ
475 3009 567 3054 θυείᾳ
585 3008 894 3056 συμπαραμιγνύων
907 3009 990 3044 ὀπὸν

365 3061 418 3096 καὶ
436 3063 565 3106 σχῖνον·
596 3058 653 3096 εἶτ’
673 3061 743 3105 ὄξει
761 3062 908 3105 διέμενος
925 3062 1092 3110 Σφηττίῳ,

366 3112 576 3149 κατέπλασεν
593 3113 695 3147 αὐτοῦ
713 3113 754 3147 τὰ
771 3112 920 3159 βλέφαρ’
941 3114 1144 3159 ἐκστρέψας,
1164 3112 1216 3149 ἵνα

364 3164 510 3213 ὀδυνῷτο
527 3166 670 3209 μᾶλλον.
700 3167 719 3198 ὁ
738 3165 773 3200 δὲ
792 3166 957 3211 κεκραγὼς
974 3167 1027 3200 καὶ
1044 3168 1138 3208 βοῶν

365 3215 482 3264 ἔφευγ’
500 3215 632 3262 ἀνᾴξας’
661 3219 680 3251 ὁ
698 3217 734 3251 δέ
753 3216 827 3252 θεὸς
843 3218 995 3263 γελάσας
1012 3218 1091 3263 ἔφη·

366 3267 506 3304 ἐνταῦθα
523 3270 581 3303 νῦν
598 3268 725 3312 κάθησο
745 3269 1076 3312 καταπεπλασμένος,

364 3319 404 3356 ἵν’
419 3318 647 3366 ὑπομνύμενον
663 3318 784 3355 παύσω
804 3335 844 3354 σε
861 3322 920 3365 τῆς
938 3322 1129 3366 ἐκκλησίας.
1243 3334 1299 3366 725

368 3373 412 3410 ὣς
429 3372 616 3418 φιλόπολίς
633 3373 684 3408 τίς
702 3371 778 3406 ἐσθ’
798 3374 816 3406 ὁ
835 3373 958 3417 δαίμων
976 3373 1028 3407 καὶ
1047 3375 1170 3420 σοφός.

1235 2134 1291 2166 705

327 3452 335 3461 .
368 3425 451 3470 μετὰ
468 3427 567 3460 τοῦτο
584 3425 632 3472 τῷ
649 3422 825 3459 Πλούτωνι
843 3425 1094 3470 παρεκαθέζετο,

367 3478 421 3513 καὶ
436 3480 552 3524 πρῶτα
568 3477 629 3521 μὲν
646 3474 686 3520 δή
704 3477 762 3519 τῆς
780 3477 931 3521 κεφαλῆς
948 3475 1122 3523 ἐφήψατο,

367 3530 480 3565 ἔπειτα
497 3528 640 3575 καθαρὸν
658 3526 832 3572 ἡμιτύβιον
849 3529 967 3569 λαβὼν

365 3582 406 3624 τὰ
424 3581 584 3631 βλέφαρα
602 3580 822 3629 περιέψησεν
853 3578 871 3626 ἡ
891 3582 1055 3618 Πανάκεια
1075 3582 1109 3618 δέ

1232 763 1293 793 080
1319 768 1320 797 ξ

1233 1024 1290 1064 685
1317 1048 1319 1059 2

1319 3154 1321 3158 ’
1345 3175 1410 3205 κε’.

1321 647 1323 651 ¹
1345 610 1414 639 ΚΑ.

1345 2181 1410 2212 ξ

1444 393 1639 430 κατεπέτασ’
1658 393 1758 429 αὐτοῦ
1777 391 1835 438 τὴν
1853 390 2003 439 κεφαλὴν
2021 390 2180 439 φοινικιδι

1445 448 1497 481 καὶ
1514 449 1581 482 πᾶν
1598 448 1636 481 τὸ
1654 448 1848 493 πρόσωπον·
1879 442 1941 480 εἷθ’
1962 447 1980 480 ὁ
1998 444 2074 481 θεὸς
2091 445 2300 480 ἐπόππυσεν.

1445 500 1606 543 ἐξῃξάτην
1623 498 1681 534 οὖν
1699 497 1758 534 δύο
1776 498 1924 544 δράκοντ’
1945 498 1980 532 ἐκ
1998 499 2058 532 τοῦ
2075 496 2137 532 νεὼ
2184 519 2190 523 -

1445 552 1627 598 ὑπερφυεῖς
1644 552 1682 586 τὸ
1699 550 1851 598 μέγεθος.
1907 556 1971 586 ΓΥ.
2001 549 2027 584 ὦ
2045 550 2146 595 φίλοι
2165 548 2247 583 θεοί.

1448 603 1555 638 τούτω
1574 603 1603 639 δ’
1623 603 1687 639 ὑπὸ
1705 603 1765 648 τὴν
1782 602 1942 649 φοινικίδ’
1961 600 2121 638 ὑποδύνθ’
2140 601 2251 647 ἡσυχῆ

1444 656 1486 690 τὰ
1501 655 1664 703 βλέφαρα
1680 655 1903 703 περιέλειχον,
1925 655 1968 691 ὥς
1984 655 2016 702 γ’
2037 655 2218 700 ε’μοῦδόκει·

1445 709 1499 744 καὶ
1514 709 1594 755 πρίν
1612 723 1654 743 σε
1671 707 1814 744 κοτύλας
1832 708 1954 742 ἐκπιεῖν
1971 705 2063 742 οἴνου
2080 706 2159 742 δέκα

1445 763 1463 794 ὁ
1480 762 1648 800 Πλοῦτος,
1668 760 1694 795 ὦ
1712 758 1873 799 δέσποιν’,
1896 758 2069 804 ἀνεστήκει
2082 759 2232 801 βλέπων·

1445 813 1511 856 ἐγὼ
1529 813 1566 848 δέ
1583 813 1629 847 τὼ
1647 812 1732 859 χεῖρ’
1750 811 1943 859 ἀνεκρότησ’
1962 812 2022 858 ὑφ’
2040 811 2169 856 ἡδονῆς,

1445 865 1503 899 τὸν
1520 865 1688 909 δεσπότην
1705 862 1734 899 τ’
1751 867 1895 911 ἤγειρον.
1926 866 1944 898 ὁ
1963 863 2038 899 θεὸς
2056 863 2084 899 δ’
2103 862 2223 899 εὐθέως

1445 913 1612 962 ἠφάνισεν
1628 917 1728 952 αὑτὸν
1745 915 1781 952 οἷ
1794 916 1823 951 τ’
1843 916 1940 963 ὄφεις
1957 916 2005 952 εἷς
2022 917 2080 951 τὸν
2097 916 2188 951 νεών.

1446 970 1478 1004 οἱ
1497 968 1525 1004 δ’
1546 969 1809 1016 ἐγκατακείμενοι
1826 969 1902 1015 παρ’
1923 969 2011 1016 αὐτῷ
2028 971 2098 1004 πῶς
2116 969 2223 1003 δοκεῖς

1446 1023 1504 1056 τὸν
1521 1023 1678 1057 Πλοῦτον
1695 1019 1884 1066 ἠσπάζοντο
1903 1022 1956 1055 καὶ
1973 1021 2032 1064 τὴν
2050 1019 2148 1066 νύχθ’
2167 1020 2248 1064 ὅλην

1448 1073 1687 1120 ἐγρηγόρεσαν,
1708 1073 1769 1110 ἕως
1787 1073 1976 1120 διέλαμψεν
1993 1071 2107 1119 ἡμέρα.

1447 1126 1513 1173 ἐγὼ
1531 1125 1560 1160 δ’
1579 1125 1721 1171 ἐπῄνουν
1737 1127 1796 1160 τὸν
1813 1125 1889 1160 θεὸν
1905 1126 1992 1160 πάνυ
2011 1125 2160 1171 σφόδρα,

1447 1177 1498 1214 ὅτι
1515 1178 1657 1220 βλέπειν
1675 1178 1812 1222 ἐποίησε
1830 1179 1888 1213 τὸν
1906 1179 2064 1213 Πλοῦτον
2080 1177 2178 1222 ταχὺ,

1447 1231 1505 1265 τὸν
1522 1229 1559 1265 δέ
1577 1230 1781 1274 Νεοκλείδην
1797 1231 1931 1275 μᾶλλον
1949 1229 2107 1274 ἐποίησεν
2123 1230 2268 1276 τυφλόν.

1450 1282 1535 1327 ὅσην
1552 1283 1641 1328 ἔχεις
1658 1283 1718 1327 τὴν
1736 1281 1883 1328 δύναμιν,
1904 1281 1992 1325 ὦναξ
2010 1282 2171 1318 δέσποτα.

1447 1335 1531 1381 ἀτὰρ
1549 1336 1688 1382 φράσον
1704 1349 1772 1380 μοι,
1791 1337 1857 1373 ποῦ
1874 1333 1946 1372 ’σθ’
1966 1336 1984 1369 ὁ
2003 1335 2179 1373 morarum

2194 1386 2339 1432 ἔρχεται.

1447 1439 1525 1477 ἀλλ’
1542 1439 1582 1484 ἧν
1599 1441 1675 1487 περὶ
1693 1440 1793 1479 αὐτὸν
1811 1439 1916 1486 ὄχλος
1935 1438 2107 1485 ὑπερφυὴς
2125 1437 2219 1477 ὅσος.
2325 1449 2384 1484 750

1448 1493 1480 1531 οἱ
1497 1494 1562 1540 γὰρ
1581 1493 1700 1528 δίκαιοι
1719 1495 1883 1540 πρότερον
1900 1491 1992 1528 ὄντες
2010 1491 2063 1527 καὶ
2079 1491 2158 1533 βίον

1449 1546 1583 1591 ἔχοντες
1600 1545 1719 1592 ὀλίγον
1736 1545 1836 1581 αὐτὸν
1853 1543 2043 1590 ἠσπάζοντο
2062 1545 2115 1581 καὶ

1450 1597 1631 1642 ἐδεξιοῦνθ’
1650 1598 1791 1635 ἅπαντες
1810 1598 1874 1635 ὑπὸ
1892 1598 1949 1642 τῆς
1966 1596 2096 1642 ἡδονῆς·

1449 1650 1526 1687 ὅσοι
1545 1649 1573 1686 δ’
1594 1649 1780 1687 ἐπλούτουν
1798 1650 1917 1686 οὐσίαν
1935 1649 1963 1684 τ’
1983 1646 2076 1696 εἶχον
2094 1648 2222 1699 συχνὴν

1450 1703 1509 1739 οὐκ
1528 1703 1563 1739 ἐκ
1582 1704 1708 1739 δικαίου
1726 1704 1785 1739 τὸν
1801 1703 1880 1746 βίον
1898 1702 2098 1748 κεκτημένοι,

1448 1757 1558 1804 ὀφρῦς
1577 1758 1722 1804 συνῆγον
1740 1755 1995 1803 ἐσκυθρώπαζόν
2013 1754 2047 1792 θ’
2065 1755 2144 1801 ἅμα.

1449 1811 1481 1846 οἷ
1499 1809 1526 1846 δ’
1546 1808 1751 1856 ἠκολούθουν
1769 1811 1906 1846 κατόπιν
1924 1807 2204 1855 ἐστεφανωμένοι,

1447 1864 1624 1911 γελῶντες,
1644 1863 1882 1910 εὐφημοῦντες·
1912 1862 2082 1898 ἐκτυπεῖτο
2101 1861 2138 1898 δι’

1451 1916 1556 1960 ἐμβὰς
1572 1917 1738 1964 γερόντων
1755 1914 1930 1963 εὐρύθμοις
1946 1911 2175 1962 προβήμασιν.

1447 1967 1526 2004 ἀλλ’
1546 1966 1579 2004 εἶ
1584 1969 1844 2013 ’ἁπαξάπαντες
1862 1968 1935 2012 ἐξ’
1918 1969 1989 2004 ενὸς
2005 1969 2112 2027 λόγου

1448 2018 1609 2065 ὀρχεῖσθε
1627 2019 1680 2053 καὶ
1698 2019 1855 2064 σκιρτᾶτε
1873 2018 1926 2053 και
1943 2015 2111 2064 χορεύετε·

1449 2071 1557 2107 οὐδεὶς
1573 2071 1639 2117 γὰρ
1657 2071 1733 2115 ὑμῖν
1750 2070 1917 2105 εἰσιοῦσιν
1934 2070 2074 2117 ἀγγελεῖ

1449 2125 1492 2160 ὡς
1509 2124 1626 2169 ἄλφιτ’
1644 2123 1703 2157 οὐκ
1721 2123 1850 2157 ἔνεστιν
1868 2123 1902 2157 ἐν
1919 2124 1966 2171 τῷ
1983 2122 2130 2168 θυλάκῳ.

1451 2176 1488 2220 νὴ
1506 2176 1566 2221 τὴν
1581 2174 1732 2220 Ἑκάτην,
1753 2175 1842 2222 κάγὼ
1861 2174 1890 2209 δ’
1909 2175 2071 2219 ἀναδῆσαι
2088 2171 2257 2219 βούλομαι

1448 2228 1631 2275 εὐαγγέλιά
1650 2242 1691 2262 σε
1709 2229 1921 2273 κριβανωτῶν
1938 2226 2084 2275 ὁρμαθῷ,

1448 2279 1570 2316 τοιαῦτ’
1589 2280 1849 2326 ἀπαγγείλαντα.

1876 2331 1920 2377 μή
1939 2346 1996 2367 νυν
2012 2329 2115 2377 μέλλ’
2133 2345 2193 2370 ετι,

1449 2386 1492 2421 ὡς
1509 2385 1658 2431 ἅνδρες’
1644 2383 1764 2451 εγγύς
1761 2385 1846 2420 εἰσιν
1864 2386 1924 2429 ηδη
1943 2389 2009 2420 τῶν
2026 2384 2146 2431 θυρῶν.

1449 2438 1534 2504 φέρε
1552 2452 1609 2473 νυν
1627 2437 1715 2472 ἷοῦσ’
1733 2452 1814 2472 εισω
1833 2437 1962 2480 κομίσω
1981 2434 2222 2482 καταχύσματα

1448 2490 1564 2536 ὥσπερ
1582 2488 1794 2534 νεωνήτοισιν
1811 2490 2039 2536 ὀφθαλμοῖς’
2022 2491 2099 2536 εγώ.

1451 2543 1516 2590 ἐγὼ
1534 2541 1563 2577 δ’
1582 2542 1771 2586 ἀπαντῆσαί
1787 2541 1819 2588 γ’
1839 2542 1973 2578 ἐκείνοις
1989 2541 2171 2586 βούλομαι.

2280 651 2287 657 Ι
2319 607 2377 646 7³⁵

2321 873 2380 909 740

2323 1134 2382 1169 7⁴5

2324 1711 2383 1750 m

2325 2550 2386 2585 ⁷70

1410 2621 1419 2630 .
1449 2595 1501 2629 καὶ
1518 2599 1696 2641 προσκυνῶ
1713 2609 1753 2641 γε
1771 2598 1886 2641 πρῶτα
1902 2595 1963 2639 μὲν
1980 2595 2038 2629 τὸν
2048 2593 2186 2633 Ἥλιον,

1448 2648 1561 2682 ἔπειτα
1578 2648 1701 2691 σεμνῆς
1719 2647 1901 2682 Παλλάδος
1918 2648 2048 2681 κλεινὸν
2064 2646 2178 2686 πέδον,

1447 2700 1561 2745 χώραν
1578 2714 1614 2734 τε
1631 2701 1746 2734 πᾶσαν
1764 2699 1946 2746 Κέκροπος,
1967 2698 1989 2744 ἥ
2006 2696 2040 2743 μ’
2061 2697 2210 2742 ἐδέξατο.

1449 2750 1651 2797 αἰσχύνομαι
1670 2751 1706 2786 δὲ
1724 2752 1782 2787 τὰς
1801 2752 1943 2796 ἐμαυτοῦ
1962 2751 2154 2797 συμφορὰς,

1449 2801 1530 2840 οἵοις
1547 2803 1598 2848 ἄρ’
1617 2803 1803 2849 ἀνθρώποις
1821 2804 1926 2847 ξυνὼν
1944 2803 2140 2843 ἐλάνθανον,

1447 2855 1525 2892 τοὺς
1542 2856 1657 2900 ἀξίους
1675 2856 1710 2890 δὲ
1728 2858 1787 2900 τῆς
1805 2856 1884 2900 ἐμῆς
1902 2856 2033 2900 ὁμιλίας

1448 2909 1605 2955 ἔφευγον,
1626 2908 1720 2944 εἰδὼς
1737 2909 1845 2943 οὐδέν·
1875 2907 1901 2943 ὦ
1919 2907 2054 2952 τλήμων
2073 2907 2150 2954 ε’γῶ.

1449 2961 1494 2996 ὣς
1511 2959 1580 2994 οὔτ’
1599 2961 1690 2994 ἐκεῖν’
1710 2958 1762 3005 ἄρ’
1780 2961 1856 2995 οὔτε
1873 2959 1964 2995 ταῦτ’
1982 2959 2090 3007 ὀρθῶς
2107 2959 2223 3006 ἔδρων·

1449 3011 1527 3047 ἀλλ’
1545 3012 1628 3047 αὐτὰ
1645 3014 1751 3048 πάντα
1768 3013 1871 3047 πάλιν
1888 3012 2105 3059 ἀναστρέψας
2123 3011 2189 3057 ἐγὼ

1449 3065 1548 3108 δείξω
1565 3066 1604 3099 τὸ
1621 3066 1742 3100 λοιπὸν
1758 3066 1864 3100 πᾶσιν
1881 3064 2067 3111 ἀνθρώποις
2085 3063 2138 3098 ὅτι

1447 3116 1535 3151 ἄκων
1553 3117 1694 3161 ἐμαυτὸν
1711 3119 1780 3153 τοῖς
1797 3118 1955 3163 πονηροῖς
1973 3116 2148 3151 ἐνεδίδουν.

1446 3167 1553 3211 βάλλ’
1574 3169 1608 3205 ἐς
1626 3171 1777 3215 κόρακας·
1808 3169 1852 3205 ὣς
1868 3169 2019 3214 χαλεπόν
2036 3167 2124 3203 εἶσιν
2140 3167 2174 3202 οἶ
2190 3165 2291 3214 φίλοι

1448 3221 1480 3255 οἶ
1498 3222 1692 3266 φαινόμενοι
1710 3219 1899 3267 παραχρῆμ’
1917 3220 1997 3255 ὅταν
2013 3221 2141 3267 πράττη
2158 3232 2210 3256 τις
2227 3216 2276 3254 εὖ.

1449 3271 1607 3307 νύττουσι
1624 3274 1690 3320 γὰρ
1709 3274 1762 3308 καὶ
1779 3274 1900 3318 φλῶσι
1917 3270 2139 3317 τάντικνήμια,

1449 3323 1690 3369 ἐνδεικνύμενος
1709 3325 1849 3361 ἕκαστος
1867 3325 1995 3360 εὔνοιάν
2011 3338 2096 3359 τινα.

1449 3376 1505 3421 ἐμὲ
1522 3377 1587 3422 γὰρ
1606 3377 1656 3412 τίς
1674 3377 1713 3411 οὐ
1730 3379 1894 3423 προσεῖπε
1910 3390 1919 3416 ;
1950 3378 2044 3413 ποῖος
2061 3376 2121 3411 οὐκ
2138 3374 2244 3422 ὄχλος

1448 3430 1768 3474 περιεστεφάνωσεν
1785 3429 1820 3464 ἐν
1837 3429 1944 3475 ἀγορᾷ
1960 3429 2208 3475 πρεσβυτικόςς

1449 3479 1475 3514 ὦ
1493 3479 1629 3525 φίλτατ’
1648 3479 1787 3526 ἀνδρῶν,
1807 3481 1861 3515 καὶ
1878 3480 1924 3515 σὺ
1941 3482 1994 3515 καὶ
2012 3479 2058 3515 σὺ
2075 3481 2216 3525 χαίρετε.

1448 3531 1534 3578 φέρε
1553 3546 1620 3570 νυν,
1641 3534 1740 3576 νόμος
1756 3533 1822 3578 γάρ
1841 3532 1927 3570 ἐστι,
1946 3533 1987 3566 τὰ
2006 3531 2244 3579 καταχύσματα

1448 3585 1541 3621 ταυτὶ
1562 3583 1711 3631 καταχέω
1731 3598 1795 3621 σου
1813 3587 1983 3627 λαβοῦσα.
