2488 3860
211 270 288 329 mo

210 394 272 423 ΤΡ.
313 389 329 401 ”

209 758 289 789 ΜΗ.

206 916 267 947 ΤΡ.

205 1596 290 1626 ΜΗ.

204 1856 264 1885 ΤΡ.

206 2684 276 2717 XO.

208 3050 270 3082 TP.

210 3311 293 3342 ΜΗ.

212 3566 283 3605 XO.

315 389 367 429 ιτ’,
388 390 424 424 εὖ
440 391 506 437 γὰρ
524 391 631 432 ἔσται,
651 391 810 437 δωμάτων
827 393 908 434 ἔσω,
928 396 1035 430 τέκνα.

313 441 358 476 σὺ
375 442 404 477 δ’
424 443 467 478 ὡς
483 444 634 486 μάλιστα
651 443 766 480 τούσδ’
786 446 959 492 ἐρημώσας
977 448 1047 492 ἔχε,

312 495 365 528 καὶ
382 494 426 539 μὴ
444 495 572 538 πέλαζε
588 496 688 543 μητρὶ
706 498 971 544 δυσθυμουμένῃ.

309 547 370 590 ἤδη
388 547 453 593 γὰρ
472 543 597 582 Aaou*
577 563 667 593 ομμα
684 563 734 584 νιν
751 550 974 597 ταυρουμένην

309 598 428 638 .οῖσδ’,
449 599 493 635 ὥς
510 613 542 634 τι
561 600 798 646 δρασείουσαν·
826 603 903 638 οὐδὲ
921 617 1085 638 παυσεται

307 652 428 695 χόλου,
450 651 535 696 σάφ’
555 649 641 693 οἶδα,
660 655 739 701 πριν
756 655 974 701 κατασκῆψαί
995 670 1072 690 τινι.

308 702 449 749 ἐχθρούς
466 718 506 751 γε
522 705 646 749 μέντοι,
665 706 710 751 μὴ
729 706 866 753 φίλους,
887 708 1024 754 δράσειέ
1039 722 1084 743 τι.

310 753 361 795 ἷὼ,

308 806 471 845 δύστανος
488 808 554 856 ἐγὼ
571 811 675 854 μελέα
692 826 728 846 τε
745 813 865 852 πόνων,

310 859 349 894 ἷώ
366 860 426 905 μοί
441 875 510 906 μοι,
529 865 600 898 πῶς
617 862 658 898 ἂν
675 863 828 908 ὀλοίμαν.

307 911 376 947 τόδ’
391 913 507 954 ἐκεῖνο,
527 914 627 959 φίλοι
644 916 770 952 παῖδες·
796 911 903 962 μήτηρ

308 967 391 999 κινεῖ
406 966 552 1012 κραδίαν,
572 969 655 1001 κινεῖ
671 968 708 1002 δὲ
724 969 842 1013 χόλον.

312 1016 484 1052 σπεύσατε
502 1018 636 1054 θᾶσσον
653 1019 803 1065 δώματος
820 1018 914 1060 εἵσω,

307 1070 360 1104 καὶ
376 1070 421 1114 μὴ
438 1070 602 1115 πελάσητ’
621 1070 766 1116 ὄμματος
784 1072 895 1119 ἐγγὺς,

306 1122 389 1166 μηδὲ
406 1121 627 1169 προσέλθητ’,
647 1124 738 1158 ἀλλὰ
756 1123 982 1170 φυλάσσεσθ“

306 1173 423 1220 ἄγριον
439 1172 520 1218 ἦθος
539 1176 704 1222 στυγερόν
721 1190 759 1210 τε
778 1175 886 1222 φύσιν

306 1226 430 1272 φρενὸς
448 1227 624 1263 αὐθάδους.

305 1275 357 1312 ’ίτε
374 1293 431 1314 νυν
447 1279 586 1326 χωρεῖθ’
606 1280 650 1316 ὣς
667 1280 770 1325 τάχος
788 1279 882 1316 εἵσω.

307 1330 411 1374 δῆλον
428 1330 457 1366 δ’
476 1332 581 1378 ἀρχῆς
600 1332 811 1378 ε’ξαιρόμενον

308 1382 411 1428 νέφος
428 1383 573 1430 οἰμωγῆς
591 1384 635 1420 ὡς
652 1383 726 1429 τάχ’
745 1385 869 1431 ἀνάψει

305 1435 431 1479 μείζονι
449 1435 553 1483 θυμῷ·
582 1436 616 1470 τί
631 1435 706 1471 ποτ’
726 1436 905 1483 ἐργάσεται

304 1488 632 1533 μεγαλόσπλαγχνος
650 1488 948 1524 δυσκατάπαυστος

305 1539 404 1585 ψυχὴ
423 1539 587 1585 δηχθεῖσα
605 1542 778 1576 κακοῖσιν·
769 1567 779 1582 ,

312 1590 390 1633 αἶαι,

305 1643 428 1678 ἔπαθον
445 1644 581 1689 τλάμων
598 1644 722 1680 ἔπαθον
737 1646 894 1692 μεγάλων

307 1694 371 1738 ἄξι’
390 1695 551 1742 ὀδυρμῶν·
582 1695 608 1731 ὦ
626 1698 803 1744 κατάρατοι

306 1747 421 1783 παῖδες
440 1748 580 1783 ὄλοισθε
599 1751 764 1796 στυγερᾶς
781 1750 905 1796 ματρὸς

305 1799 365 1841 ξὺν
381 1800 493 1846 πατρὶ,
514 1802 566 1835 καὶ
584 1803 649 1837 πᾶς
666 1802 766 1846 δόμος
784 1802 887 1848 ἔρροι.

305 1850 342 1884 ἶώ
360 1852 418 1893 μοί
434 1866 504 1896 μοι.
533 1852 572 1886 ἰὼ
589 1852 735 1897 τλήμων.

301 1902 333 1935 τί
351 1901 391 1935 δέ
407 1916 464 1936 σοι
481 1903 597 1938 παῖδες
614 1903 740 1946 πατρὸς
757 1901 944 1946 ἀμπλακίας

301 1952 482 1998 μετέχουσι
496 1966 506 1994 ;
535 1954 570 1988 τί
586 1952 701 1988 τούσδ’
721 1953 831 1999 ἔχθεις
845 1966 854 1994 ;
884 1952 983 1998 οἴμοι,

302 2004 409 2045 τέκνα,
429 2004 472 2050 μή
491 2020 524 2040 τι
540 2005 665 2050 πάθηθ’
686 2006 730 2042 ὡς
747 2005 939 2052 ὑπεραλγῶ.

302 2057 396 2091 δεινὰ
413 2059 578 2104 τυράννων
594 2057 738 2103 λήματα,
758 2058 813 2092 καί
828 2071 898 2093 πως

304 2108 390 2155 ὀλίγ’
410 2109 600 2156 ἀρχόμενοι,
618 2110 734 2145 πολλὰ
752 2112 969 2156 κρατοῦντες.

302 2162 460 2206 χαλεπῶς
477 2162 579 2209 ὀργὰς
595 2163 883 2207 μεταβάλλουσιν.

302 2214 341 2247 τὸ
358 2214 423 2260 γὰρ
442 2213 587 2249 εἰθίσθαι
606 2215 664 2259 ζῆν
681 2213 731 2249 ἐπ’
749 2211 879 2249 ἰ’σοισιν

304 2267 475 2311 κρεῖσσον·
505 2266 610 2313 ἔμοιγ’
629 2265 700 2306 οὖν,
721 2266 750 2300 εἶ
767 2265 811 2310 μὴ
829 2267 996 2313 μεγάλως,

305 2316 435 2363 ὀχυρῶς
452 2317 484 2365 γ’
503 2317 551 2362 εἴη
571 2319 844 2365 καταγηράσκειν.

304 2372 370 2403 τῶν
386 2370 451 2416 γὰρ
468 2385 610 2417 μετριων
626 2375 742 2417 πρῶτα
758 2371 819 2416 μὲν
836 2370 941 2406 εἰπεῖν

305 2423 449 2466 τοῦνομα
467 2425 549 2468 νικᾷ,
568 2422 718 2469 χρῆσθαί
734 2437 771 2457 τε
788 2424 902 2470 μακρῷ

305 2475 423 2520 λῷστα
439 2475 630 2520 βροτοῖσιν·
658 2475 699 2509 τὰ
717 2473 745 2509 δ’
764 2473 1010 2521 ὑπερβάλλοντ’

306 2525 423 2560 οὐδένα
440 2527 553 2572 καιρὸν
570 2525 704 2562 δύναται
722 2526 864 2572 θνητοῖς·

306 2577 436 2621 μείζους
454 2577 482 2612 δ’
501 2578 581 2615 ἄτας
597 2579 676 2615 ὅταν
692 2578 837 2626 ὀργισθῇ

308 2629 431 2674 δαίμων
452 2627 555 2666 οἴκοις
571 2630 751 2665 ἀπέδωκεν.

305 2681 424 2716 ἔκλυον
441 2682 568 2728 φωνὰν,
588 2683 707 2718 ἔκλυον
724 2683 760 2718 δὲ
777 2683 864 2726 βοὰν

306 2734 365 2769 τᾶς
383 2734 549 2769 δυστάνου

309 2786 489 2831 Κολχίδος,
509 2787 588 2822 οὐδέ
602 2802 655 2822 πω
673 2789 780 2832 ἤπιος·
810 2786 913 2827 ἀλλὰ,
932 2787 1059 2834 γεραιὰ,

1105 282 1439 343 ΕΥΡΙΠΙΔΟΥ

1205 440 1271 495 90v

1203 721 1240 753 95

1182 1032 1240 1056 100

1184 1294 1238 1326 ¹05

1184 1557 1238 1578 110

1180 1869 1236 1900 1¹5

1179 2643 1236 2673 ¹30

307 2837 419 2881 λέξον·
449 2837 498 2874 ἐπ’
527 2838 725 2884 ἀμφιπύλου
754 2839 820 2885 γὰρ
849 2840 917 2874 ἔσω
952 2839 1123 2886 μελάθρου
1156 2839 1237 2883 γόον

370 2890 499 2926 ἔκλυον·

309 2941 386 2977 οὐδὲ
405 2941 599 2987 συνήδομαι,
620 2942 645 2977 ὦ
662 2942 770 2990 γύναι,
790 2943 913 2990 ἄλγεσι
931 2943 1093 2988 δώματος,

308 2993 383 3030 ἐπεί
398 3009 455 3039 μοι
473 2995 580 3040 φίλον
598 2995 779 3041 κέκρανται.

310 3046 369 3080 οὐκ
387 3045 455 3082 εἶσὶ
472 3047 580 3092 δόμοι·
609 3048 742 3093 φροῦδα
759 3047 830 3082 τάδ’
849 3048 923 3092 ἤδη.

310 3099 369 3133 τὸν
384 3099 446 3143 μέν
461 3099 527 3145 γὰρ
544 3099 614 3144 ἔχει
631 3101 754 3146 λέκτρα
771 3102 949 3145 τυράννων,

309 3149 329 3194 ἡ
347 3149 376 3185 δ’
396 3150 431 3185 ἐν
448 3150 610 3195 θαλάμοις
624 3147 718 3194 τῆκει
732 3151 849 3192 βίοτον

310 3201 482 3242 δέσποινα,
503 3202 616 3248 φίλων
633 3202 766 3238 οὐδενὸς
783 3202 879 3237 οὐδὲν

309 3253 592 3301 παραθαλπομένη
609 3254 717 3300 φρένα
733 3252 861 3299 μύθοις.

313 3306 392 3347 αἰαῖ,

311 3359 366 3394 διά
381 3367 447 3403 μου
464 3359 615 3404 κεφαλᾶς
632 3357 727 3403 φλὸξ
745 3357 880 3403 οὐρανία

310 3410 403 3455 βαίη·
432 3411 466 3445 τί
482 3411 520 3445 δέ
536 3424 592 3455 μοι
611 3410 668 3454 ζῆν
684 3410 733 3444 ἔτι
751 3409 865 3455 κέρδος
880 3421 889 3448 ;

310 3463 379 3510 φεῦ
397 3463 476 3506 φεῦ·
506 3461 635 3503 θανάτῳ
653 3461 903 3505 καταλυσαίμαν

315 3516 433 3550 Βιοτὰν
450 3515 616 3562 στυγερὰν
632 3514 859 3559 προλιποῦσα.

313 3567 392 3609 ἅῖες,
411 3564 437 3603 ὦ
456 3569 517 3603 Ζεῦ
536 3567 588 3602 καὶ
604 3567 649 3613 γᾶ
667 3565 720 3602 καὶ
738 3565 823 3611 φῶς,

1127 2903 1197 2934 1342
1220 2903 1236 2935 5

1179 3111 1237 3141 140

1182 3422 1238 3453 14⁵

1164 3575 1244 3602 ‹rto-

1290 1020 1369 1049 MH.

1286 1438 1348 1467 ΤΡ.

1285 1699 1356 1729 XO.

1282 2370 1343 2401 TP.

1287 3414 1358 3446 XO.

1390 399 1476 443 ἀχὰν
1494 398 1565 433 οἷαν
1582 402 1603 434 ἁ
1621 400 1783 439 δύστανος

1391 451 1515 493 μέλπει
1534 450 1670 497 νύμφα;

1390 502 1440 538 τίς
1458 502 1517 536 σοι’
1533 517 1616 538 ποτε
1633 506 1692 540 τᾶς
1708 506 1874 542 ἀπλάτου.

1392 554 1502 589 κοίτας
1519 555 1605 600 ἔρος,
1626 555 1651 590 ὦ
1668 558 1801 601 ματαία,

1392 604 1533 641 σπεύσει
1553 606 1694 642 θανάτου
1710 610 1888 651 τελευτάν;

1389 658 1490 701 μηδὲν
1507 659 1584 693 τόδε
1600 660 1744 697 λίσσου.

1390 709 1418 742 εἷ
1437 710 1473 743 δὲ
1492 711 1554 746 σὸς
1571 712 1672 747 πόσις

1391 762 1484 796 καινὰ
1500 762 1586 807 λέχη
1605 764 1745 807 σεβίζει,

1392 813 1484 860 κείνῳ
1500 815 1577 850 τόδε
1593 815 1639 860 μὴ
1657 818 1850 862 χαράσσου·

1392 863 1471 900 Ζεύς
1489 879 1546 900 σοι
1562 866 1640 902 τάδε
1658 868 1864 914 συνδικήσει.

1388 915 1435 960 μὴ
1453 915 1534 950 λίαν

1390 969 1493 1002 τάκου
1513 969 1678 1014 δυρομένα
1697 970 1761 1005 σὸν
1779 969 1929 1015 εὖνήταν.

1392 1015 1417 1049 ὦ
1434 1017 1566 1061 μεγάλα
1584 1017 1667 1059 Θέμι
1685 1017 1738 1050 καὶ
1755 1016 1859 1052 πότνι’
1871 1016 2024 1062 ''Apa-qu,

1388 1066 1555 1102 λεύσσεθ’
1574 1067 1595 1102 ἃ
1612 1069 1749 1113 πάσχω,
1768 1069 1928 1115 μεγάλοις
1946 1069 2056 1115 ὅρκοις

1390 1120 1594 1164 ἐνδησαμένα
1611 1121 1668 1154 τὸν
1686 1121 1868 1166 κατάρατον

1389 1174 1494 1206 πόσιν
1509 1185 1517 1212 ;
1548 1171 1585 1206 ὅν
1602 1172 1676 1207 ποτ’
1697 1172 1762 1218 ἐγὼ
1780 1171 1913 1218 νύμφαν
1931 1169 1959 1206 τ’
1978 1170 2121 1218 ε’σίδοιμ’

1389 1224 1501 1259 αὐτοῖς
1520 1224 1701 1270 μελάθροις
1719 1225 1994 1267 διακναιομένους,

1387 1274 1468 1322 οἵγ’
1487 1276 1543 1320 ἐμὲ
1560 1276 1711 1321 πρόσθεν
1727 1275 1876 1321 τολμῶσ’
1895 1277 2030 1311 ἀδικεῖν.

1389 1327 1415 1361 ὦ
1434 1329 1550 1374 πάτερ,
1572 1328 1597 1362 ὦ
1614 1330 1725 1368 πόλις,
1745 1328 1791 1363 ὧν
1807 1328 1998 1372 ἀπενάσθην

1388 1380 1551 1426 αἰσχρῶς,
1571 1381 1629 1415 τὸν
1647 1381 1726 1424 ἐμὸν
1744 1380 1901 1415 κτείνασα
1918 1381 2027 1417 κάσιν.

1388 1431 1502 1466 κλύεθ’
1522 1429 1576 1466 οἷα
1593 1431 1687 1479 λέγει
1705 1433 1905 1475 κάπιβοᾶται

1389 1484 1492 1529 Θέμιν
1509 1485 1661 1520 εὐκταίαν
1677 1487 1765 1530 Ζῆνά
1783 1485 1831 1526 θ’,
1851 1485 1887 1522 ὃς
1906 1485 2012 1532 ὅρκων

1390 1536 1520 1582 θνητοῖς
1538 1537 1656 1582 ταμίας
1673 1539 1863 1582 νενόμισται
1878 1550 1887 1578 ;

1389 1589 1448 1623 οὐκ
1468 1590 1561 1624 ἔστιν
1579 1589 1669 1626 ὅπως
1686 1590 1722 1625 ἔν
1739 1604 1803 1624 τινι
1820 1591 1926 1637 μικρῷ

1389 1641 1550 1677 δέσποινα
1567 1644 1675 1687 χόλον
1693 1641 1912 1677 καταπαύσει.

1386 1697 1457 1729 πῶς
1474 1694 1515 1729 ἂν
1533 1694 1567 1730 ἐς
1585 1693 1669 1741 ὄψιν
1686 1695 1747 1729 τὰν
1764 1694 1925 1741 ἁμετέραν

1388 1746 1498 1786 ἔλθοι,
1517 1745 1632 1791 μύθων
1648 1745 1678 1780 τ’
1696 1746 1903 1781 αὔδαθέντων

1389 1797 1510 1842 δέξαιτ’
1529 1798 1656 1844 ὀμφᾶν,

1389 1848 1421 1884 εἴ
1435 1865 1507 1885 πως
1523 1849 1720 1898 βαρύθυμον
1737 1849 1842 1896 ὀργὰν

1389 1903 1443 1937 καὶ
1459 1903 1549 1947 λῆμα
1567 1904 1702 1949 φρενῶν
1718 1902 1846 1948 μεθείη.

1385 1953 1484 1995 μήτοι
1501 1954 1541 1986 τό
1557 1953 1589 1998 γ’
1609 1952 1687 1997 ε’μὸν
1703 1953 1876 1999 πρόθυμον

1388 2003 1546 2047 φίλοισιν
1563 2004 1713 2039 ἀπέστω.

1387 2055 1478 2088 ἀλλὰ
1494 2056 1590 2097 βᾶσά
1607 2070 1657 2091 νιν

1388 2107 1486 2153 δεῦρο
1504 2108 1674 2154 πόρευσον
1691 2106 1790 2143 οἴκων

1388 2158 1464 2201 ἔξω,
1485 2159 1574 2205 φίλα
1592 2160 1645 2194 καὶ
1662 2160 1733 2195 τάδ’
1753 2161 1848 2195 αὔδα·

1389 2213 1542 2246 σπεῦσον
1560 2211 1599 2246 δέ
1614 2226 1647 2246 τι
1664 2213 1743 2259 πρὶν
1760 2217 1907 2248 κακῶσαι

1388 2260 1466 2296 τοὺς
1483 2261 1566 2296 ἔσω·

1386 2312 1508 2350 πένθος
1523 2314 1591 2361 γὰρ
1609 2313 1766 2360 μεγάλως
1783 2311 1854 2348 τόδ’
1875 2313 2032 2358 ὁρμᾶται.

1382 2366 1497 2412 δράσω
1515 2365 1600 2400 τάδ’·
1629 2365 1713 2412 ἀτὰρ
1731 2365 1847 2412 φόβος
1864 2363 1894 2400 εἷ
1910 2365 2019 2401 πείσω

1384 2418 1565 2453 δέσποιναν
1583 2416 1675 2463 ἐμήν·

1383 2469 1514 2516 μόχθου
1532 2470 1569 2505 δὲ
1585 2471 1686 2517 χάριν
1702 2468 1790 2515 τήνδ’
1810 2470 1977 2505 ἐπιδώσω.

1385 2522 1490 2557 καίτοι
1507 2523 1646 2558 τοκάδος
1664 2521 1791 2569 δέργμα
1807 2522 1940 2567 λεαίνης

1384 2575 1628 2621 ἀποταυροΰται
1646 2575 1787 2619 δμωσὶν,
1807 2573 1886 2610 ὅταν
1902 2588 1953 2611 τις

1384 2626 1489 2672 μῦθον
1505 2627 1687 2673 προφέρων
1704 2626 1814 2663 πέλας
1831 2626 1972 2673 ὁρμηθῇ.

1387 2678 1523 2715 σκαιοὺς
1540 2680 1576 2714 δὲ
1594 2679 1704 2726 λέγων
1721 2679 1837 2714 κούδέν
1853 2692 1888 2714 τι
1905 2678 2039 2725 σοφοὺς

1386 2731 1463 2767 τοὺς
1478 2730 1611 2778 πρόσθε
1626 2731 1772 2796 βρρτοὺς
1789 2731 1849 2766 οὐκ
1866 2730 1941 2766 ἄν’
1923 2731 2093 2779 αμάρτοις,

1387 2780 1505 2819 οἵτινες
1522 2781 1644 2828 ὕμνους
1661 2784 1716 2819 ἐπὶ
1732 2798 1793 2828 μεν
1810 2783 1940 2819 θαλίαις

1387 2835 1443 2870 ἐπί
1459 2835 1486 2870 τ’
1506 2835 1690 2872 εἰλαπίναις
1707 2837 1760 2870 καὶ
1777 2835 1867 2882 παρὰ
1885 2835 2028 2872 δείπνοις

1385 2886 1536 2933 ηὕροντο,
1552 2888 1632 2929 βίου
1650 2887 1791 2935 τερπνὰς
1807 2888 1918 2927 ἀκοὰς,

1387 2939 1545 2985 στυγίους
1562 2940 1599 2974 δὲ
1615 2941 1748 2986 βροτῶν
1765 2939 1872 2976 οὐδεὶς
1888 2937 1996 2976 λύπας

1387 2988 1505 3035 ηὕρετο
1517 2990 1629 3036 μούσῃ
1648 2993 1701 3027 καὶ
1717 2991 1943 3038 πολυχόρδοις

1387 3042 1486 3090 ᾠδαῖς
1502 3042 1629 3084 παύειν,
1650 3044 1688 3088 ἐξ
1706 3044 1751 3078 ὧν
1768 3043 1904 3078 θάνατοι

1388 3095 1492 3130 δειναί
1508 3109 1543 3129 τε
1562 3094 1660 3141 τύχαι
1679 3094 1882 3142 σφάλλουσι
1899 3095 2034 3140 δόμους.

1388 3147 1494 3181 καίτοι
1510 3147 1589 3181 τάδε
1606 3148 1667 3192 μὲν
1684 3147 1799 3194 κέρδος
1816 3147 1968 3182 ἀκεῖσθαι

1387 3200 1554 3243 μολπαῖσι
1570 3198 1728 3245 βροτούς·
1756 3198 1809 3235 ἵνα
1826 3199 1854 3234 δ’
1873 3199 2035 3235 εὔδειπνοι

1389 3251 1508 3290 δαῖτες,
1527 3251 1561 3285 τί
1576 3252 1682 3295 μάτην
1697 3251 1845 3286 τείνουσι
1861 3251 1967 3294 βοείη

1388 3303 1426 3336 τὸ
1443 3303 1550 3349 παρὸν
1565 3303 1632 3349 γὰρ
1649 3304 1720 3349 ἔχει
1737 3303 1860 3349 τέρψιν
1876 3301 1936 3349 ἀφ’
1954 3302 2056 3338 αὑτοῦ

1389 3354 1499 3389 δαιτὸς
1515 3353 1680 3400 πλήρωμα
1695 3357 1885 3402 βροτοῖσιν.

1387 3407 1473 3453 άχᾶν
1489 3405 1563 3441 ὅῖον
1579 3405 1793 3441 πολύστονον
1809 3405 1909 3449 γόων,

1388 3457 1511 3504 λιγυρὰ
1529 3455 1558 3492 δ’
1575 3457 1659 3503 ἄχεα
1675 3458 1802 3504 μογερὰ
1817 3459 1886 3504 βοᾷ

1389 3511 1447 3544 τὸν
1465 3509 1499 3544 ἐν
1516 3509 1611 3554 λέχει
1627 3510 1794 3555 προδόταν
1811 3510 2033 3557 κακόννμφόν·

1390 3561 1562 3597 θεοκλυτεῖ
1579 3560 1606 3597 δ’
1625 3561 1721 3597 ἄδικα
1738 3561 1894 3598 παθοῦσα

2261 520 2320 553 ¹50

2262 781 2318 814 155

2263 1021 2321 1053 160

2264 1281 2320 1323 165

2266 1552 2323 1584 ¹70

2266 1808 2322 1844 17⁵

2262 2064 2319 2111 189

2258 2422 2312 2463 185

2259 2691 2313 2724 ¹9⁰

2260 2952 2315 2985 ¹95

2259 3211 2319 3236 200

2259 3472 2316 3508 το,
