2488 3860
961 311 1464 359 ΑΠΟΣΠΑΣΜΑΤῙΑ.

231 428 397 470 Ἀπαντές
414 430 517 477 ε’σμεν
534 430 580 469 εἷς
598 431 637 468 τὸ
656 429 822 468 νουθετεῖν
839 430 958 478 σοφοὶ,

237 486 332 523 αὐτοὶ
349 485 378 521 δ’
398 484 478 521 ὅταν
496 487 695 532 σφαλῶμεν,
714 485 754 520 οὗ
770 485 1013 532 γιγνώσκομεν.

183 543 313 596 (863.)
335 552 388 583 28.
418 545 590 582 Stobaeus
608 545 761 590 XXIX,
782 546 846 582 56.

235 602 305 637 Οὔκ
321 600 467 648 αἰσχρὸν
484 601 581 636 οὐδὲν
598 604 665 636 τῶν
681 600 866 648 ἀναγκαίων
882 601 1030 648 Βροτοῖς.

185 657 314 711 (864.)
332 676 384 708 29.
415 659 584 698 Stobaeus
602 660 786 703 XXXIV,
808 663 842 698 l.

224 714 278 751 *H
295 715 379 763 λέγε
394 730 427 751 τι
445 718 544 763 σιγῆς
562 718 734 763 κρεῖσσον,
753 715 773 761 ἢ
793 715 893 763 σιγὴν
910 716 980 762 ἔχε.

182 774 309 826 (865.)
327 791 380 821 3ο.
413 774 582 812 Stobaeus
599 774 783 816 XXXIX,
804 777 840 812 2.

234 831 290 876 Μὴ
310 832 410 877 κάμνε
427 831 572 877 πατρίδα
590 830 655 875 σὴν
672 831 791 872 λαβεῖν
808 831 1023 877 πειρώμενος.

183 889 310 940 (866.)
329 906 383 937 3,.
413 890 584 927 Stobaeus
601 889 683 932 XL,
705 893 741 927 8.
761 889 934 938 Apostol.
955 889 1028 933 IV,
1049 893 1084 928 8.

227 945 338 983 'Anas-
354 947 416 992 μὲν
433 945 496 993 ἀὴρ
514 945 611 994 αἶετῷ
628 946 825 992 περάσιμος,

234 1000 350 1036 ἅπασα
367 1001 405 1036 δὲ
423 999 516 1045 χθὼν
532 999 628 1046 ἀνδρὶ
644 999 785 1047 γενναίῳ
801 998 934 1045 πατρίς.

181 1049 307 1101 (867.)
325 1067 381 1098 32.
411 1049 582 1087 Stobaeus
599 1049 742 1093 XLIII,
767 1052 824 1086 12.

235 1107 332 1152 Δεινὴ
350 1109 451 1142 πόλις
468 1105 608 1142 νοσοῦσ’
628 1105 835 1151 ἀνευρίσκειν
851 1106 943 1140 κακά.

180 1156 310 1207 (868.)
328 1174 382 1204 33.
412 1157 585 1195 Stobaeus
602 1155 747 1198 XLIII,
771 1158 829 1193 13.

235 1214 302 1248 Οὐκ
320 1215 415 1249 ἔστιν
432 1213 530 1248 οὐδὲν
546 1215 614 1247 τῶν
632 1212 668 1247 ἐν
685 1211 871 1259 ἀνθρώποις
887 1210 980 1247 ἴσον·

232 1268 298 1315 χρὴ
315 1268 382 1315 γὰρ
399 1265 504 1313 τύχας
520 1266 582 1312 μὲν
598 1266 657 1302 τὰς
673 1266 781 1310 μάτην
797 1265 1014 1311 πλανωμένας

232 1321 336 1366 μηδὲν
353 1319 527 1360 δύνασθαι,
547 1319 704 1365 τάμφανῆ
723 1318 752 1354 δ’
772 1318 879 1365 ῦψὴλ’
898 1319 1003 1366 ἄγειν.

227 1373 350 1411 ’Ὅστις
367 1371 438 1410 κατ’
459 1373 560 1419 ἶσχὺν
577 1376 709 1419 πρῶτος
727 1373 914 1417 ὠνομάζετο

231 1427 251 1473 ἢ
269 1427 354 1472 τόξα
370 1428 512 1464 πάλλων
529 1426 549 1471 ἢ
567 1427 658 1472 μάχῃ
677 1426 776 1473 δορὸς
795 1426 935 1468 σθένων,

231 1484 352 1518 τοῦτον
369 1483 539 1529 τυραννεῖν
555 1483 622 1515 τῶν
640 1478 797 1514 κακιόνων
815 1479 930 1526 ἐχρῆν.

185 1533 315 1582 (869.)
333 1548 387 1579 34.
419 1533 588 1570 Stobaeus
606 1530 752 1573 XLIII,
775 1532 835 1567 16.

231 1588 328 1625 Ἀλλ’
348 1588 462 1624 οὔποτ’
482 1587 581 1623 αὐτὸς
598 1586 791 1632 ἀμπλακὼν,
811 1585 918 1621 ἄλλον
934 1587 1060 1633 βροτὸν

231 1642 466 1690 παραινέσαιμ’
486 1642 526 1677 ἂν
542 1641 643 1676 παισὶ
660 1640 858 1687 προσθεῖναι
876 1640 989 1686 κράτη,

229 1698 310 1744 πρὶν
327 1696 367 1732 ἂν
385 1696 453 1732 κατ’
474 1694 592 1731 ὅσσων
608 1694 758 1759 τυγχάνῃ
776 1692 882 1738 μέλας
900 1692 1033 1737 σκότος,

232 1750 262 1785 εἷ
279 1750 345 1798 χρὴ
363 1750 509 1785 διελθεῖν
525 1749 610 1796 πρὸς
627 1747 749 1783 τέκνων
766 1748 955 1793 νικώμενον.

183 1801 309 1849 (870.)
329 1816 385 1848 35.
415 1801 588 1839 Stobaeus
606 1798 747 1844 XLIV,
772 1801 807 1835 1.

435 1855 628 1903 Ἀρχεσθαι
645 1855 755 1902 χρεὼν

233 1911 351 1948 κακοὺς
368 1910 423 1946 ὑπ’
443 1910 577 1946 ἐσθλῶν
595 1909 649 1943 καὶ
666 1906 779 1943 κλύειν
795 1910 862 1943 τῶν
880 1907 1100 1955 κρεισσόνων.

183 1969 306 2019 (871.)
327 1976 381 2016 36.
412 1969 583 2007 Stobaeus
600 1967 741 2009 XLVI,
762 1969 798 2004 3.
818 1967 950 2016 Apost.
971 1967 1022 2009 X,
1044 1969 1106 2005 94.

232 2026 321 2073 Ἐγὼ
338 2026 416 2074 γὰρ,
437 2025 532 2062 ὅστις
549 2025 594 2069 μὴ
613 2024 738 2059 δίκαιος
755 2022 800 2058 ὢν
817 2022 899 2069 ἀνὴρ

231 2080 349 2125 βωμὸν
365 2079 531 2127 προσίζει,
550 2079 610 2113 τὸν
627 2078 730 2122 νόμον
746 2077 876 2123 χαίρειν
894 2076 970 2116 ε’ῶν,

232 2132 317 2180 πρὸς
333 2133 393 2178 τὴν
410 2133 504 2178 δίκην
520 2131 632 2179 ἄγοιμ’
651 2130 692 2166 ἂν
709 2130 749 2165 οὗ
767 2130 891 2177 τρέσας
908 2128 1017 2166 θεούς·

235 2188 334 2222 κακὸν
349 2188 415 2234 γὰρ
433 2186 539 2233 ἄνδρα
555 2185 621 2231 χρὴ
641 2188 745 2220 κακῶς
761 2183 932 2230 πράσσειν
949 2183 1011 2218 ἀεί.

181 2236 309 2287 (872.)
331 2252 383 2284 37.
413 2237 584 2274 Stobaeus
602 2234 784 2276 XLVIII,
804 2238 841 2271 2.

234 2293 330 2328 Ἀλλ’
351 2294 390 2328 οὐ
407 2292 528 2340 πρέπει
545 2290 718 2337 τύραννον,
738 2289 782 2326 ὦς
801 2290 866 2337 ἐγὼ
885 2291 1013 2337 φρονῶ,

234 2346 304 2382 οὐδ’
323 2347 428 2394 ἄνδρα
444 2346 597 2393 χρηστὸν
615 2346 720 2380 νεῖκος
737 2341 893 2390 αἴρεσθαι
912 2345 1033 2380 κακοῖς·

235 2401 312 2446 τιμὴ
330 2401 396 2448 γὰρ
415 2398 495 2444 αὕτη
513 2400 624 2434 τοῖσιν
641 2397 911 2444 ἀσθενεστέροις.

185 2461 310 2508 (873.)
331 2467 383 2506 38.
413 2459 587 2496 Stobaeus
610 2456 752 2499 XLIX,
777 2460 813 2494 4.
835 2469 867 2493 c.
890 2456 975 2494 lem.
996 2456 1183 2506 Εὐριπίδου

131 2515 310 2561 Ἠλέκτρα·

232 2569 278 2604 Ἤ
295 2570 361 2616 γὰρ
379 2568 531 2616 τυραννὶς
547 2566 712 2603 παντόθεν
729 2563 897 2611 τοξεύεται

237 2623 392 2659 δεινοῖς’
374 2626 507 2669 ερῶσιν,
527 2620 566 2667 ἦς
583 2619 775 2667 φυλακτέον
793 2618 882 2665 πέρι.

185 2675 291 2725 (874.
297 2672 311 2721 )
330 2690 384 2720 39.
414 2672 584 2710 Stobaeus
602 2670 666 2712 LI,
689 2672 724 2707 6.

237 2729 302 2765 Σὺν
319 2731 412 2765 τοῖσι
429 2729 548 2764 δεινοῖς
566 2726 700 2770 αὔξεται
718 2724 816 2761 κλέος
832 2725 982 2772 βροτοῖς.

185 2778 312 2831 (875.)
330 2796 384 2825 4ο,
404 2796 459 2824 4.
476 2777 646 2815 Stobaeus
664 2776 729 2818 LI,
754 2777 811 2812 14.

238 2836 380 2872 Νεανίας
395 2835 462 2882 γὰρ
481 2832 576 2869 ὅστις
594 2830 666 2867 ὢν*
667 2837 736 2875 Αρη
756 2832 876 2877 στυγεῖ

239 2890 322 2934 κόμη
341 2890 443 2934 μόνον
460 2886 514 2922 καὶ
532 2886 666 2932 σάρκες,
686 2885 770 2931 ἔργα
787 2883 815 2918 δ’
836 2883 995 2929 οὒδαμοῦ.

238 2941 340 2988 Ὀρᾷς
357 2942 417 2976 τὸν
434 2940 643 2984 εὐτράπεζον,
664 2938 708 2973 ὣς
726 2936 805 2982 ἡδὺς
821 2937 897 2979 βίος

241 2994 261 3030 ὅ
277 2994 306 3030 τ’
326 2993 432 3036 ὄλβος
450 2991 573 3037 ἔξωθέν
589 2992 640 3027 τίς
659 2991 733 3026 ἐστι
750 2991 966 3037 πραγμάτων.

239 3047 317 3083 ἀλλ’
337 3047 396 3082 οῦκ
414 3047 524 3081 ἔνεστι
543 3044 712 3090 στέφανος
729 3042 799 3078 οὐδ’
819 3043 984 3091 εὔανδρία,

239 3102 269 3136 εἷ
285 3099 331 3147 μῆ
348 3115 381 3135 τι
398 3100 452 3134 καὶ
469 3101 622 3143 τολμῶσι
641 3095 792 3132 κινδύνου
809 3096 905 3141 μέτα.

240 3156 272 3190 οἱ
288 3154 354 3201 γὰρ
371 3154 468 3188 πόνοι
485 3152 636 3187 τίκτουσι
653 3151 713 3195 τὴν
730 3149 914 3196 εὐανδρίαν,

240 3208 260 3252 ἡ
279 3205 309 3242 δ’
330 3206 487 3247 εὐλάβεια
505 3205 628 3239 σκότον
645 3204 717 3249 ἔχει
735 3201 809 3237 καθ’
827 3201 988 3245 Ἐλλάδα,

239 3260 278 3296 τὸ
297 3261 469 3302 διαβιῶναι
487 3259 589 3303 μόνον
606 3256 657 3291 ἀεὶ
676 3255 860 3302 θηρωμένη.

190 3311 295 3360 (876.
300 3310 317 3360 )
335 3326 388 3355 42.
418 3309 586 3345 Stobaeus
604 3306 764 3347 LXVII,
785 3308 821 3342 8.

243 3365 457 3412 Οἷκοφθόρον
473 3364 539 3410 γὰρ
548 3362 661 3408 ανδρα
679 3359 798 3396 κωλύει
815 3360 898 3408 γυνὴ

241 3418 348 3463 ε’σθλὴ
366 3415 646 3464 παραζευχθεῖσα,
667 3415 720 3449 καὶ
738 3415 838 3457 σώζει
857 3414 991 3459 δόμους.

192 3468 316 3518 (877.)
335 3484 388 3514 43.
418 3467 591 3504 Stobaeus
609 3464 748 3508 LXIX,
770 3467 806 3502 3.

243 3525 291 3559 Οὐ
307 3525 428 3563 πάντες
446 3524 522 3560 οὔτε
540 3522 769 3570 δυστυχοῦσιν
787 3520 822 3555 ἐν
837 3520 958 3571 γάμοις

2179 301 2263 346 703

1325 427 1394 463 οὔτ’
1413 427 1607 474 εὐτυχοῦσι·
1637 426 1801 476 συμφορὰ
1818 426 1861 469 δ’,
1881 424 1918 465 ὃς
1935 427 1975 464 ἃν
1992 425 2076 476 τύχῃ

1326 482 1425 526 κακῆς
1441 480 1607 528 γυναικὸς,
1627 482 1760 528 εὐτυχεῖ
1776 481 1806 518 δ’
1825 481 1950 527 ἐσθλῆς
1967 483 2089 530 τυχών.

1273 530 1405 583 (878.)
1422 548 1478 578 44.
1507 533 1677 570 Stobaeus
1694 532 1835 578 LXIX,
1856 535 1893 571 5.

1326 588 1508 635 Μακάριος,
1529 588 1626 625 ὅστις
1643 589 1775 634 εὐτυχεῖ
1791 589 1899 635 γάμον
1915 590 2033 631 λαβὼν

1325 641 1451 687 ἐσθλῆς
1467 643 1634 690 γυναικὸς,
1654 642 1786 688 εὐτυχεῖ
1804 641 1832 676 δ’
1853 644 1871 676 ὁ
1889 643 1933 688 μὴ
1951 644 2080 685 λαβών.

1273 692 1399 743 (879.)
1419 708 1473 740 45.
1502 692 1673 730 Stobaeus
1691 692 1832 735 LXXI,
1853 695 1889 731 5.

1324 755 1366 784 A.
1394 747 1484 796 Ἐγὼ
1501 748 1636 796 παρέξω
1654 747 1778 795 λέκτρα
1797 763 1854 783 σοι
1872 751 1981 786 καλῶς
1999 750 2099 795 ἔχειν.

1324 807 1364 837 Β.
1394 803 1530 838 Δίκαιόν
1547 802 1652 842 ἐστιν,
1673 799 1743 837 οἶσι
1762 803 2032 849 συγγηράσομαι.

1270 852 1400 904 (880.)
1417 860 1471 900 46.
1501 853 1672 890 Stobaeus
1691 853 1885 895 LXXIII,
1909 856 1941 891 1.

1322 909 1420 955 Δεινὴ
1437 909 1499 956 μὲν
1516 909 1601 954 ἀλκὴ
1620 909 1772 954 κυμάτων
1790 908 2000 950 θαλασσίων,

1323 963 1427 998 δειναὶ
1446 963 1483 999 δὲ
1500 964 1653 1008 ποταμοῦ
1671 963 1724 997 καὶ
1741 962 1847 1009 πυρὸς
1866 962 1988 1009 θερμοῦ
2005 965 2116 1005 πνοαὶ,

1322 1015 1430 1052 δεινὸν
1448 1017 1485 1052 δὲ
1502 1017 1608 1059 πενία,
1628 1015 1719 1051 δεινὰ
1737 1015 1766 1051 δ’
1785 1016 1875 1051 ἄλλα
1892 1018 2007 1063 μυρία·

1322 1069 1399 1105 ἀλλ’
1418 1070 1516 1106 οὗδεν
1534 1068 1620 1105 οὕτω
1638 1068 1794 1111 δεινὸν,“
1778 1084 1822 1105 ως
1838 1069 1933 1117 γυνὴ,
1953 1072 2062 1112 κακὸν,

1322 1123 1391 1158 οὐδ’
1410 1123 1451 1159 ἂν
1466 1123 1599 1172 γένοιτο
1616 1123 1754 1171 γράμμα
1771 1122 1893 1158 τοιοῦτ’
1913 1123 1948 1158 ἐν
1964 1126 2093 1171 γραφῇ,

1323 1177 1392 1212 οὐδ’
1412 1177 1452 1212 ἂν
1468 1179 1573 1224 λόγος
1591 1176 1740 1222 δείξειεν·
1770 1176 1799 1210 εἶ
1817 1177 1856 1212 δέ
1872 1191 1932 1212 του
1950 1177 2035 1213 θεῶν

1322 1229 1393 1266 τόδ’
1412 1231 1486 1266 ἐστι
1503 1231 1659 1277 πλάσμα,
1679 1231 1880 1277 δημιουργὸς
1898 1230 1943 1265 ὢν
1961 1236 2067 1267 κακῶν

1320 1284 1482 1331 μέγιστος
1501 1300 1585 1320 ιστω
1604 1285 1657 1320 καὶ
1673 1285 1833 1332 βροτοῖσι
1852 1284 2029 1330 δυσμενής.

1273 1334 1399 1385 (881.)
1418 1349 1473 1383 47.
1495 1335 1665 1373 Stobaeus
1684 1334 1862 1379 LXXIV,
1886 1338 1947 1373 10.

1323 1391 1526 1437 Μοχθοῦμεν
1544 1391 1658 1428 ἄλλως
1676 1390 1761 1435 θῆλυ
1780 1391 2007 1438 φρουροῦντες
2024 1389 2134 1439 γένος·

1325 1444 1395 1489 ἥτις
1412 1446 1478 1493 γὰρ
1496 1445 1577 1490 αὐτὴ
1595 1445 1640 1491 μὴ
1658 1444 1808 1490 πέφυκεν
1825 1445 1963 1486 ἔνδικος,

1323 1498 1357 1533 τί
1374 1499 1426 1533 δεῖ
1441 1499 1638 1546 φυλάσσειν
1657 1498 1918 1544 κᾶξαμαρτάνειν
1935 1497 2042 1534 πλέον
2057 1513 2066 1540 ;

1273 1547 1400 1599 (882.)
1419 1558 1473 1595 48.
1495 1549 1665 1587 Stobaeus
1682 1548 1861 1591 LXXIV,
1885 1551 1944 1586 15.
1978 1549 2112 1588 Arsen.
2133 1550 2269 1589 Violat.

1218 1613 1258 1650 p.
1283 1601 1352 1642 171
1374 1603 1433 1640 ed.
1452 1603 1574 1640 Walz.
1598 1602 1674 1639 sine
1691 1601 1840 1638 nomine
1859 1602 2018 1639 auctoris
2035 1618 2043 1639 ε

1326 1659 1458 1694 Γυναικὶ
1477 1658 1507 1694 δ’
1527 1658 1644 1700 ὄλβος,
1663 1656 1704 1702 ἦν
1720 1658 1825 1692 πόσιν
1843 1657 2016 1705 στέργοντ’
2037 1658 2110 1704 ἔχῃ.

1275 1709 1401 1757 (883.)
1412 1726 1466 1757 49.
1489 1709 1659 1747 Stobaeus
1678 1707 1859 1751 LXXVI,
1878 1709 1913 1746 7.
1935 1708 2057 1745 Schol.
2073 1710 2120 1746 ad
2135 1709 2269 1760 Odyss.

1219 1762 1262 1803 α’,
1280 1764 1368 1800 215.
1383 1763 1552 1800 Eustath.
1565 1762 1612 1799 ad
1630 1761 1767 1810 Odyss.
1788 1762 1831 1803 α’,
1846 1774 1883 1810 p.
1904 1764 2015 1803 1412,
2035 1764 2094 1806 14,
2115 1763 2179 1814 (=
2189 1763 2269 1812 49,)

1220 1817 1272 1851 ὅτι
1294 1817 1332 1852 δὲ
1359 1820 1398 1863 τῇ
1423 1818 1522 1865 μητρὶ
1549 1818 1713 1853 ἀνάκειται
1739 1816 1759 1861 ἡ
1785 1817 1864 1864 περὶ
1890 1821 1956 1852 τῶν
1982 1817 2108 1853 παίδων
2134 1818 2269 1866 ἀκριβὴς

1220 1869 1358 1915 ε’ίδησις,
1379 1872 1476 1916 δηλοῖ
1493 1871 1546 1906 καὶ
1564 1871 1745 1919 Εὐριπίδης
1760 1870 1883 1917 λέγων·

1321 1923 1446 1959 ''Etr-rw
1464 1925 1501 1960 δὲ
1518 1923 1626 1972 μήτηρ
1644 1925 1844 1971 φιλότεκνος
1861 1925 1994 1969 μᾶλλον
2011 1926 2150 1973 πατρός·

1324 1977 1344 2022 ἡ
1362 1978 1425 2024 μὲν
1441 1980 1507 2025 γὰρ
1522 1979 1622 2023 αὑτῆς
1640 1975 1730 2013 οἶδεν
1747 1977 1832 2018 ὄνθ’,
1853 1979 1872 2011 ὁ
1891 1977 1920 2012 δ’
1940 1976 2056 2013 οἴεται.

1274 2029 1399 2076 (884.)
1422 2029 1500 2076 5ο.*
1521 2029 1691 2066 Stobaeus
1708 2028 1930 2071 LXXVIII,
1951 2031 1987 2067 3.
2022 2029 2138 2067 Clem.
2158 2029 2267 2068 Alex.

1222 2081 1323 2118 Paed.
1345 2082 1378 2124 Ι,
1399 2085 1436 2125 6,
1456 2084 1520 2124 48,
1539 2095 1576 2131 p.
1601 2083 1672 2119 127
1693 2081 1733 2118 P.
1753 2082 1830 2118 sine
1846 2081 1973 2118 lemm.

1483 2138 1528 2172 Τὸ
1548 2137 1674 2184 θρέψαι
1692 2137 1720 2171 δ’
1741 2137 1776 2172 ἐν
1793 2138 1951 2184 βροτοῖσι
1968 2139 2133 2175 πολλάκις

1325 2191 1431 2226 πλείω
1450 2192 1578 2238 πορίζει
1597 2190 1727 2237 φίλτρα
1744 2193 1804 2225 τοῦ
1822 2191 1934 2237 φῦσαι
1951 2190 2060 2227 τέκνα.

1276 2241 1407 2291 (885.)
1420 2257 1472 2289 51.
1494 2242 1622 2279 Orion.
1642 2241 1874 2290 Anthologn.
1896 2241 2048 2291 (farrag.
2069 2242 2195 2291 Eurip.
2212 2255 2267 2280 nr.

1223 2295 1259 2333 7.
1277 2299 1363 2343 post
1380 2295 1436 2332 tit.
1458 2293 1590 2343 VIII‚)
1608 2307 1645 2343 p.
1666 2296 1715 2331 56
1736 2294 1793 2331 ed.
1813 2293 2043 2334 Schneidew-

1321 2349 1444 2387 “Orrrts-
1461 2350 1498 2385 δὲ
1516 2351 1594 2387 τοὺς
1611 2351 1766 2386 τεκόντας
1784 2350 1820 2384 ἐν
1836 2350 1901 2398 βίῳ
1921 2349 2029 2392 σέβει,

1327 2402 1376 2438 ὅδ’
1397 2404 1471 2439 ἐστὶ
1490 2405 1543 2438 καὶ
1562 2405 1626 2447 ζῶν
1644 2404 1697 2438 καὶ
1715 2403 1823 2438 θανὼν
1841 2403 1928 2439 θεοῖς
1945 2403 2060 2449 φίλος.

1326 2457 1422 2493 ὅστις
1438 2457 1475 2492 δὲ
1494 2457 1571 2493 τοῦς
1589 2455 1765 2504 φύσαντας
1782 2457 1827 2502 μὴ
1845 2457 1943 2502 τιμᾶν
1961 2456 2060 2503 θέλῃ,

1325 2509 1370 2556 μή
1387 2525 1444 2556 μοι
1462 2510 1592 2557 γένοιτο
1609 2509 1692 2556 μήτε
1710 2509 1875 2555 συνθύτης
1893 2509 1991 2551 θεοῖς,

1325 2563 1400 2608 μήτ’
1421 2564 1456 2599 ἐν
1474 2564 1633 2609 θαλάσσῃ
1653 2565 1852 2599 κοινόπλουν
1869 2563 2011 2598 στέλλοι
2029 2565 2175 2611 σκάφος.

1275 2613 1401 2664 (886.)
1421 2617 1473 2661 52.
1495 2614 1666 2652 Stobaeus
1684 2614 1870 2660 LXXIX,
1892 2617 1927 2657 3,
1941 2614 2038 2652 inter
2056 2616 2148 2652 duos
2167 2616 2268 2653 locos

1221 2668 1447 2716 Euripideos,
1484 2667 1638 2704 alterum
1683 2679 1731 2704 ex
1774 2667 1993 2709 Heraclidis,
2031 2667 2187 2707 alterum
2222 2681 2268 2706 ex

1220 2720 1429 2758 Erechtheo
1446 2721 1614 2769 petitum,
1633 2720 1731 2756 hune
1747 2731 1894 2756 versum
1913 2719 2084 2766 exhibet:

1327 2776 1380 2810 καὶ
1397 2777 1468 2812 τοῖς
1484 2778 1640 2811 τεκοῦσιν
1657 2775 1754 2819 ἀξίαν
1769 2775 1868 2820 τιμὴν
1885 2773 2006 2820 νέμειν.

1274 2823 1402 2876 (887.)
1422 2842 1474 2873 53.
1496 2825 1666 2863 Stobaeus
1684 2825 1865 2868 LXXIX,
1886 2826 1948 2863 27.

1324 2881 1420 2917 Ἀλλ’
1438 2880 1518 2922 ἴστ’,
1538 2881 1612 2927 ἐμοὶ
1629 2881 1690 2926 μὲν
1707 2880 1805 2917 οὗτος
1821 2881 1882 2916 οὐκ
1899 2881 1996 2916 ἔσται
2014 2883 2125 2927 νόμος,

1326 2936 1364 2969 τὸ
1382 2933 1427 2980 μὴ
1445 2935 1484 2969 οὗ
1503 2935 1557 2975 σὲ,
1576 2936 1690 2981 μῆτερ,
1709 2935 1890 2982 προσφιλῆ
1910 2934 2018 2980 νέμειν
2035 2935 2087 2971 ἀεὶ

1326 2988 1379 3022 καὶ
1396 2990 1456 3022 τοῦ
1475 2988 1601 3023 δικαίου
1619 2988 1673 3022 καὶ
1690 2989 1796 3023 τόκων
1813 2991 1880 3023 τῶν
1897 2992 1969 3023 σῶν
1986 2989 2096 3035 χάριν.

1327 3040 1459 3087 στέργω
1478 3041 1514 3077 δὲ
1532 3042 1591 3077 τὸν
1608 3040 1767 3088 φύσαντα
1783 3044 1850 3077 τῶν
1865 3042 1998 3077 πάντων
2014 3044 2148 3089 βροτῶν

1325 3094 1482 3140 μάλισθ’·
1511 3094 1609 3141 ὁρίζω
1627 3097 1738 3134 τοῦτο,
1759 3095 1812 3130 καὶ
1831 3094 1876 3130 σὺ
1893 3095 1938 3140 μὴ
1956 3094 2089 3141 φθόνει·

1326 3148 1434 3182 κείνου
1450 3148 1517 3194 γὰρ
1535 3147 1758 3191 ἐξέβλαστον,
1778 3147 1847 3183 οὐδ’
1866 3148 1907 3183 ἃν
1925 3145 1972 3185 εἷς
1988 3148 2070 3196 ἀνὴρ

1325 3201 1479 3247 γυναικὸς
1495 3199 1683 3246 αὗδὴσειεν,
1703 3201 1793 3236 ἀλλὰ
1809 3204 1869 3236 τοῦ
1885 3202 2023 3248 πατρός.

1274 3249 1399 3303 (888.)
1420 3267 1470 3296 54-
1492 3250 1661 3288 Stobaeus
1680 3251 1860 3294 LXXXI,
1881 3254 1915 3288 3.

1326 3307 1390 3341 Καὶ
1407 3310 1473 3341 τῶν
1488 3308 1640 3342 παλαιῶν
1655 3305 1758 3342 πόλλ’
1777 3308 1838 3352 ἔπη
1857 3309 1966 3343 καλῶς
1983 3308 2065 3353 ἔχει.

1324 3361 1430 3407 λόγος
1445 3360 1512 3406 γὰρ
1530 3360 1655 3397 ἐσθλὸς
1672 3361 1849 3407 φάρμακον
1866 3361 1982 3406 φόβου
1998 3361 2146 3407 βροτοῖς.

1274 3409 1398 3458 (889.)
1418 3424 1469 3457 55.
1490 3409 1660 3447 Stobaeus
1678 3411 1892 3452 LXXXIV,
1913 3414 1949 3446 2.

1756 3467 1822 3500 Τὸν
1838 3468 1877 3510 τῇ
1896 3463 2002 3512 φύσει

1328 3518 1448 3554 οἰκεῖον
1465 3519 1573 3557 οὐδεὶς
1591 3517 1703 3567 καιρὸς
1720 3518 1901 3567 ἀλλότριον
1917 3520 2019 3560 ποιεῖ.
