2488 3860
241 908 310 938 ΕΥ.

242 961 326 992 ΑΙΣ.

240 1327 309 1357 ΕΥ.

242 1431 324 1462 ΑΙΣ.

240 1641 308 1671 ΕΥ.

239 1745 320 1776 ΑῙΣ.

241 2058 309 2089 ΕΥ.

240 2259 320 2298 A12'.

236 2686 301 2715 ΕΥ.

235 2739 317 2768 ΑΙΣ.

234 2843 302 2873 ΕΥ.

234 2896 316 2925 ΑΙΣ.

233 3106 289 3135 ΔΙ.

232 3311 312 3343 ΛΙΣ.

1080 279 1543 319 ΑΡΙΣΤΟΦΑΝΟΎΣ

347 377 422 414 ὅθεν
461 377 526 424 ἡμὴ
572 378 664 425 φρὴν
708 378 944 425 ἀπομαξαμένη
990 381 1125 418 πολλὰς
1169 378 1308 429 ἀρετὰς4

398 430 568 475 ἐποίησεν,
1209 449 1287 478 1040

345 484 561 530 Πατρόκλων,
590 481 741 530 Τεύκρων
772 482 1015 529 θυμολεόντων,
1043 483 1084 520 ’ἶν’
1122 486 1285 534 ἐπαίροιμ’

395 535 499 582 ἄνδρα
515 535 660 600 πολίτην

343 587 559 623 ἀντεκτείνειν
603 588 704 623 αὑτὸν
747 587 890 629 τούτοις,
927 591 1052 625 ὁπόταν
1094 592 1285 640 σάλπιγγος
1323 594 1381 625 ΔΙ.

395 638 536 685 ἀκούσῃ.

343 692 487 727 ἀλλὀὐ
512 693 559 738 μὰ
583 692 639 727 Δί’
664 693 704 728 οὗ
728 693 872 739 Φαίδρας
896 694 1030 730 ἐποίουν
1054 697 1179 742 πόρνας
1206 696 1282 732 οὐδὲ

397 744 606 787 Σθενεβοίας,

346 797 416 832 οὐδ’
453 794 515 833 οἶδ’
546 798 654 834 ουδεὶς
688 797 788 843 ἥντιν’
821 798 951 844 ἐρῶσαν
985 799 1112 835 πώποτ’
1145 800 1286 845 ἐποίησα

395 853 545 897 γυναῖκα.
1207 867 1286 898 1044

343 902 389 948 μὰ
408 902 476 944 Δί’,
496 903 574 938 οὐδε
590 903 656 950 γὰρ
674 901 714 947 ἦν
731 904 789 948 τῆς
806 902 1012 950 Ἀφροδίτης
1029 904 1126 939 ουδεν
1144 919 1215 941 σοι.

1027 956 1110 1001 μηδέ
1127 956 1158 1004 γ’
1177 958 1283 1003 ἐπείη.
1303 958 1305 968 ²

344 1006 422 1043 ἀλλ’
451 1007 507 1042 ἐπί
531 1021 584 1042 τοι
610 1007 668 1043 σοὶ
693 1008 747 1043 καὶ
772 1009 843 1044 τοῖς
870 1009 985 1043 σοῖσιν
1011 1009 1125 1054 πολλὴ
1151 1011 1284 1046 πολλοῦ

395 1058 580 1104 ’πικαθῆτο,

345 1112 435 1147 ὥστε
451 1127 491 1158 γε
509 1112 628 1147 καύτόν
646 1126 688 1147 σε
706 1111 774 1147 κατ’
795 1111 853 1147 οὖν
871 1112 1007 1154 ἔβαλεν.

773 1164 810 1208 νὴ
828 1165 887 1198 τὸν
905 1164 970 1198 Δία
987 1166 1085 1199 τοῦτό
1102 1165 1143 1212 γέ
1159 1181 1211 1201 τοι
1230 1165 1282 1211 δή.

344 1215 365 1251 ἃ
382 1217 447 1263 γὰρ
475 1217 508 1253 ἐς
534 1216 592 1253 τὰς
622 1216 804 1263 ἀλλοτρίας
832 1216 965 1257 ἐποίεις,
991 1217 1089 1253 αὐτὸς
1117 1217 1301 1265 τούτοισιν,

396 1267 555 1316 ἐπλήγης.

343 1321 396 1360 καὶ
426 1321 460 1356 τί
485 1320 693 1367 βλάπτουσ’,
718 1320 744 1354 ὦ
776 1320 906 1366 σχέτλι’
935 1321 1075 1368 ἀνδρῶν,
1099 1322 1159 1367 τὴν
1184 1325 1284 1359 πόλιν

395 1373 474 1418 ἁμαὶ
492 1373 684 1415 Σθενέβοιαι
697 1385 706 1412 ;

353 1424 404 1461 ὅτι
430 1426 581 1472 γενναίας
608 1425 661 1460 καὶ
687 1424 844 1472 γενναίων
874 1425 1002 1472 ἀνδρῶν
1028 1426 1177 1472 ἀλόχους
1206 1428 1279 1463 ἀνέ-

394 1492 515 1514 πεισας
1206 1495 1283 1525 ¹050

343 1531 460 1565 κώνεια
490 1533 589 1570 πιεῖν,
617 1529 860 1576 αἰσχυνθείσας
891 1530 945 1565 διὰ
971 1530 1049 1567 τοὺς
1081 1531 1163 1568 σοὺς
1197 1536 1279 1568 Βελ·

394 1584 617 1629 λεροφόντας.

340 1637 481 1682 πότερον
499 1634 528 1670 δ’
543 1635 602 1670 οὐκ
620 1634 698 1670 ὅντα
715 1636 823 1682 λόγον
837 1637 955 1670 τοῦτον
972 1636 1048 1682 περὶ
1066 1638 1124 1681 τῆς
1138 1638 1282 1685 Φαίδρας

394 1687 577 1732 ξυνέθηκα·
569 1714 577 1728 ,

448 1740 469 1753 1²
509 1741 518 1753 2

348 1740 394 1786 μὰ
413 1746 483 1781 Δι,
499 1740 576 1775 αλλ’
596 1739 676 1775 ὅντ’·
705 1740 784 1775 ἀλλ’
801 1738 1024 1787 ἀποκρύπτειν
1041 1740 1106 1788 χρὴ
1121 1743 1158 1776 τὸ
1176 1757 1279 1788 πονη-

393 1794 454 1839 ρὸν
469 1794 528 1828 τόν
543 1808 584 1840 γε
601 1792 751 1838 ποιητὴν,

342 1846 395 1881 καὶ
429 1845 473 1891 μὴ
504 1846 666 1892 παράγειν
695 1846 778 1890 μηδὲ
809 1846 989 1882 διδάσκειν.
1019 1848 1089 1883 τοῖς
1119 1847 1179 1892 μὲν
1213 1847 1278 1895 γὰρ

393 1898 620 1945 παιδαρίοισιν
997 1897 1157 1945 [ποιηταί.
1198 1914 1275 1945 1055

342 1951 417 1985 ἔστι
452 1951 655 1987 διδάσκαλος
685 1949 781 1986 ὅστις
815 1951 948 1997 φράζει,
977 1954 1047 1988 τοῖς
1081 1952 1213 1996 ἡβῶσιν
1242 1954 1278 1989 δὲ

343 2001 429 2036 πάνυ
447 2000 486 2046 δὴ
505 2001 557 2036 δεῖ
571 2002 707 2047 χρηστὰ
724 2001 836 2048 λέγειν
853 2001 948 2046 ἡμᾶς.

729 2052 769 2098 ἢν
787 2053 845 2088 οὖν
863 2054 907 2089 σὺ
925 2054 1028 2101 λέγῃς
1047 2058 1280 2101 Λυκαβηττοὺς

343 2105 396 2140 καὶ
422 2104 606 2150 Παρνήθων
625 2105 702 2150 ἡμῖν
722 2106 857 2153 μεγέθη,
877 2106 965 2141 τοῦτ’
989 2107 1063 2142 ἐστὶ
1082 2110 1120 2143 τὸ
1140 2111 1274 2156 χρηστὰ

396 2158 576 2198 διδάσκειν,

343 2209 381 2245 ὃν
397 2210 463 2257 χρὴ
482 2211 623 2258 φράζειν
640 2210 872 2257 ἀνθρωπείως;

771 2262 862 2304 ἀλλ’,
882 2263 908 2298 ὦ
927 2264 1134 2307 κακόδαιμον,
1155 2266 1276 2312 ἀνάγκη

340 2316 496 2362 μεγάλων
518 2318 659 2362 γνωμῶν
680 2316 733 2351 καὶ
754 2315 906 2351 διανοιῶν
928 2314 989 2351 ’ίσα
1010 2317 1063 2352 καὶ
1084 2317 1125 2352 τὰ
1147 2317 1277 2364 ῥήματα

390 2368 523 2403 τίκτειν.

340 2420 474 2456 κᾶλλως
500 2419 586 2456 εἶκὸς
612 2419 690 2456 τοὺς
716 2419 870 2465 ἡμιθέους
896 2423 966 2458 τοῖς
991 2420 1118 2468 ῥήμασι
1144 2423 1276 2467 μείζοσι

389 2472 550 2519 χρῆσθαι·
1197 2480 1275 2511 1060

339 2525 391 2559 καὶ
416 2526 482 2571 γὰρ
508 2526 579 2561 τοῖς
596 2525 737 2570 ἱματίοις
755 2524 846 2570 ἡμῶν
868 2529 1014 2572 χρῶνται
1040 2527 1130 2562 πολὺ
1152 2542 1272 2573 σεμνο-

389 2578 549 2623 τέροισιν.

338 2631 422 2674 ἁμοῦ
439 2633 597 2677 χρηστῶς
615 2629 867 2675 καταδείξαντος
886 2631 1069 2677 διελυμήνω
1089 2630 1145 2667 σύ.

1078 2685 1112 2719 τί
1129 2685 1271 2731 δράσας;

346 2737 478 2779 πρῶτον
500 2734 648 2780 μὲντοὺς
665 2734 910 2778 βασιλεύοντας
924 2735 1008 2782 ῥάκι’
1027 2736 1218 2782 ἀμπισχὼν,
1232 2736 1271 2772 ἵν’

337 2789 405 2823 τοῖς
423 2787 609 2834 ἀνθρώποις
627 2787 790 2834 φαίνοιντ’
809 2785 904 2824 εἶναι.
1126 2784 1273 2838 [ἐλεινοὶ

721 2840 810 2875 τοῦτ’
831 2839 890 2875 οὖν
908 2842 1050 2888 ἔβλαψα
1067 2842 1101 2876 τί
1118 2842 1246 2887 δράσας
1260 2855 1269 2883 ;

345 2892 463 2926 οὔκουν
488 2891 597 2927 ἐθέλει
613 2907 653 2938 γε
672 2895 884 2940 τριηραρχεῖν
904 2895 1060 2929 πλουτῶν
1086 2894 1195 2930 οὐδεὶς
1218 2894 1272 2929 διὰ

385 2946 499 2983 ταῦτα,
1193 2950 1268 2991 1065

334 2995 424 3030 ἀλλὰ
451 2995 577 3041 ῥακίοις
604 2997 874 3043 περιειλλόμενος
898 2999 990 3033 κλάει
1018 2999 1070 3033 καὶ
1094 2999 1184 3044 φησὶ
1208 2999 1269 3034 πέ-

386 3048 512 3082 νεσθαι.

336 3100 374 3144 νὴ
402 3099 461 3144 τὴν
490 3099 658 3146 Δήμητρα,
691 3102 816 3146 χιτῶνά
845 3100 877 3147 γ’
907 3102 994 3146 ἔχων
1029 3103 1139 3136 οὔλων
1173 3102 1270 3148 ἐρίων

384 3151 571 3197 ὑπένερθεν·

332 3203 391 3238 κᾶν
418 3206 521 3238 ταῦτα
555 3203 666 3250 λέγων
701 3203 907 3249 ἐξαπατήσῃ,
936 3206 1026 3251 παρὰ
1061 3205 1138 3241 τοὺς
1174 3205 1270 3251 ἰχθῦς

383 3255 560 3301 ἀνέκυψεν.

339 3304 397 3343 εἶτ’
427 3306 469 3342 αὖ
499 3307 622 3342 λαλιὰν
651 3308 864 3352 ἐπιτηδεῦσαι
892 3309 944 3343 καὶ
973 3309 1167 3354 στωμυλίαν
1198 3309 1265 3345 ἐδί-

383 3360 498 3403 δαξας,

329 3410 347 3457 ἣ
375 3411 570 3455 ’ξεκένωσεν
597 3412 656 3447 τάς
684 3426 721 3446 τε
748 3413 961 3458 παλαίστρας
989 3414 1042 3448 καὶ
1070 3414 1127 3449 τὰς
1155 3413 1265 3460 πυγὰς

380 3464 537 3510 ἐνέτριψε
1188 3477 1267 3510 1070

327 3518 391 3550 τῶν
407 3516 584 3562 μειρακίων
603 3516 906 3561 στωμυλλομένων,
927 3517 980 3552 καὶ
998 3517 1075 3553 τοὺς
1092 3519 1266 3563 παράλους

375 3569 549 3603 ἀνέπεισεν

1321 909 1404 939 ΑΙΣ.

1321 1483 1376 1513 ΔΙ.

1315 2006 1386 2036 XO.

1308 3050 1375 3080 ΕΥ.

1308 3258 1366 3287 ΔΙ.

1307 3309 1375 3339 ΕΥ.

1308 3413 1366 3443 ΔΙ.

1309 3465 1390 3495 ΔΙΣ.

1426 380 1660 446 ἀπαγορεύειν
1674 379 1747 416 τοῖς
1766 377 1945 426 ἄρχουσιν·
1974 377 2082 414 καίτοι
2107 377 2185 412 τότε
2210 371 2261 425 γ’,
2279 374 2363 422 ἡνίκ’

1478 433 1543 480 εγὼ
1560 431 1647 476 ’som

1426 485 1485 519 οὐκ
1502 483 1677 529 ἠπίσταντ’
1697 482 1814 529 ἀλλ’ἢ
1832 484 1937 528 μᾶζαν
1955 482 2096 519 καλέσαι
2115 482 2168 517 καὶ
2184 479 2358 528 ῥυππαπαῖ

1477 537 1592 573 εἰπεῖν.

1428 589 1466 634 νὴ
1484 591 1543 624 τὸν
1559 589 1733 631 Ἀπόλλω,
1753 590 1806 625 καὶ
1829 588 2060 636 προσπαρδεῖν
2076 587 2107 635 γ’
2127 586 2175 624 εἶς
2191 587 2231 622 τὸ
2249 577 2358 631 στόμα

1478 643 1524 691 τῷ
1543 642 1720 688 θαλάμακι,

1424 694 1477 730 καὶ
1507 694 1672 739 μινθῶσαι
1698 695 1757 730 τὸν
1782 692 1959 739 ξύσσιτον,
1991 693 2117 736 κάκβᾶς
2142 691 2215 728 τινὰ
2242 693 2357 726 λωπο-

1477 747 1632 792 δυτῆσαι·
2278 755 2356 790 ¹075

1425 802 1482 834 νῦν
1500 798 1528 834 δ’
1547 799 1733 846 ἀντιλέγειν
1750 795 1875 834 κούκέτ’
1893 797 2058 838 ἐλαύνειν,

1424 853 1477 887 καὶ
1494 853 1593 887 πλεῖν
1611 852 1702 899 δευρὶ
1720 850 1833 888 καῦθις
1851 851 1969 886 ἐκεῖσε.

1433 904 1538 940 ποίων
1556 905 1592 940 δέ
1612 908 1718 940 κακῶν
1735 904 1794 939 οὐκ
1812 902 1916 940 αἴτιός
1934 902 2004 938 ἐστ’
2019 916 2027 944 ;

1424 957 1463 991 οὐ
1480 956 1699 1004 προαγωγοὺς
1717 955 1875 1000 κατέδειξ’
1894 955 2002 995 οὗτος,

1424 1010 1477 1044 καὶ
1495 1008 1672 1045 τικτούσας
1690 1009 1726 1044 ἐν
1743 1011 1813 1045 τοῖς
1831 1010 1943 1055 ἱεροῖς,

1423 1062 1476 1096 καὶ
1492 1061 1692 1109 μιγνυμένας
1709 1063 1819 1096 τοῖσιν
1836 1062 2011 1106 ἀδελφοῖς,

1423 1115 1476 1149 καὶ
1494 1112 1698 1160 φασκούσας
1715 1114 1754 1148 οὗ
1774 1115 1832 1158 ζῆν
1848 1115 1886 1148 τὸ
1907 1114 1983 1157 ζῆν·
1975 1139 1984 1152 ,

1423 1163 1492 1211 κᾷτ’
1512 1167 1548 1201 ἐκ
1565 1165 1692 1201 τούτων
1709 1165 1728 1210 ἡ
1747 1165 1880 1202 πόλις’
1864 1169 1955 1210 ημῶν

1422 1217 1705 1263 ὑπογραμματέων
1722 1217 1934 1261 ἀνεμεστώθη

1421 1268 1475 1303 καὶ
1492 1270 1705 1314 βωμολόχων
1723 1268 1955 1314 δημοπιθήκων

1422 1321 1660 1365 ἐξαπατώντων
1678 1322 1736 1356 τὸν
1754 1322 1858 1366 δῆμον
1876 1322 1940 1357 ἀεί·

1420 1374 1579 1418 λαμπάδα
1597 1373 1625 1408 δ’
1644 1374 1752 1410 οὐδεὶς
1769 1371 1839 1410 οἷός
1856 1389 1893 1409 τε
1911 1373 2028 1421 φέρειν

1419 1425 1474 1462 ὑπ’
1493 1426 1699 1472 ἀγυμνασίας
1716 1427 1765 1460 ἔτι
1783 1427 1864 1462 νυνί.

1421 1479 1468 1523 μὰ
1487 1478 1542 1514 Δί’
1561 1479 1600 1513 οὐ
1620 1478 1709 1524 δῆθ’,
1730 1478 1812 1513 ὥστ’
1831 1479 2068 1525 ἐπαφαυάνθην

1419 1531 1680 1575 Παναθηναίοισι
1697 1533 1818 1578 γελῶν,
1838 1531 1894 1566 ὅτε
1912 1531 1951 1576 δὴ

1417 1584 1545 1630 βραδὺς
1562 1584 1736 1631 ἅνθρωπός
1753 1598 1804 1620 τις
1821 1583 1888 1619 ἔθει
1907 1583 2019 1630 κύψας

1417 1637 1547 1676 λευκὸς,
1567 1637 1663 1677 πίων,
1683 1637 1957 1681 ὑπολειπόμενος,

1418 1689 1471 1723 καὶ
1490 1689 1579 1723 δεινὰ
1596 1693 1712 1724 ποιῶν·
1742 1686 1818 1735 κᾷθ’
1837 1690 1868 1723 οἱ
1887 1690 2040 1735 Κεραμῆς

1419 1741 1454 1776 ἐν
1471 1743 1563 1776 ταῖσι
1581 1740 1703 1778 πύλαις
1720 1741 1857 1777 παίουσ’
1874 1741 1976 1776 αὐτοῦ

1416 1794 1576 1841 γαστέρα,
1596 1795 1754 1841 πλευρὰς,
1773 1795 1931 1840 λαγόνας,
1950 1792 2071 1840 πυγήν·

1417 1849 1436 1881 ὁ
1455 1847 1491 1881 δὲ
1509 1849 1712 1892 τυπτόμενος
1729 1849 1822 1882 ταῖσι
1839 1846 2012 1883 πλατείαις

1417 1899 1684 1946 ὑποπερδόμενος

1417 1953 1540 1998 φυσῶν
1557 1952 1616 1997 τὴν
1632 1952 1779 1997 λαμπάδ’
1798 1953 1934 1999 ἔφευγε.

1414 2002 1500 2047 μέγα
1518 2003 1557 2036 τὸ
1580 2004 1727 2049 πρᾶγμα,
1746 2003 1836 2038 πολὺ
1854 2005 1892 2038 τὸ
1917 2005 2032 2044 νεῖκος,
2050 2006 2152 2054 ἁδρὸς
2169 2010 2188 2044 ὅ
2204 2009 2357 2054 πόλεμος

1416 2055 1568 2118 χαλεπὸν
1585 2069 1643 2088 ουν
1660 2056 1759 2101 ἔργον
1776 2056 1923 2102 διαιρεῖν,
1943 2067 2021 2090 1100
2056 2054 2218 2101 [ἔρχεται.
2271 2073 2349 2106 στρ.

1417 2105 1496 2140 ὅταν
1513 2109 1531 2140 ὁ
1548 2121 1609 2151 μεν
1626 2107 1714 2151 τείνῃ
1731 2108 1860 2150 βιαίως.

1417 2160 1435 2192 ὁ
1454 2158 1482 2193 δ’
1503 2159 1769 2205 ἐπαναστρέφειν
1788 2158 1922 2204 δύνηται
1939 2161 2193 2208 κάπερείδεσθαι
2211 2164 2327 2207 τορῶς.

1417 2210 1508 2245 ἀλλὰ
1525 2210 1569 2255 μὴ
1587 2210 1618 2245 ’ν
1635 2212 1743 2259 ταύτῷ
1762 2212 1943 2256 καθῆσθον·

1416 2262 1574 2305 εἰσβολαὶ
1591 2264 1656 2309 γάρ
1674 2264 1742 2298 εἶσι
1759 2266 1886 2299 πολλαὶ
1903 2265 2040 2312 χᾶτεραι
2059 2266 2294 2312 σοφισμάτων.

1416 2314 1436 2349 ὅ
1452 2329 1483 2349 τι
1501 2329 1564 2361 περ
1583 2314 1640 2349 οὖν
1657 2316 1774 2361 ἔχετον
1791 2317 1920 2363 ἐρίζειν,
2269 2333 2280 2353 ι
2291 2331 2344 2363 105

1414 2368 1563 2414 λέγετον,
1583 2368 1707 2408 ἔπιτον,
1727 2368 1960 2415 ἀναδέρεσθον,

1414 2420 1455 2454 τά
1472 2434 1509 2453 τε
1526 2420 1652 2454 παλαιὰ
1671 2421 1723 2455 καὶ
1742 2421 1782 2455 τὰ
1800 2422 1905 2461 καινὰ,

1415 2471 1724 2507 κάποκινδυνεύετον
1741 2474 1866 2508 λεπτόν
1883 2488 1915 2508 τι
1933 2474 1986 2508 καὶ
2006 2475 2118 2520 σοφὸν
2134 2474 2258 2521 λέγειν.

1415 2523 1444 2558 εἶ
1462 2525 1498 2559 δὲ
1516 2527 1615 2559 τοῦτο
1634 2525 1919 2570 καταφοβεῖσθον,
1939 2525 1983 2571 μή
2001 2541 2051 2562 τις
2068 2526 2191 2572 ἀμαθία
2206 2529 2320 2574 προσῇ

1415 2578 1484 2612 τοῖς
1502 2576 1765 2641 θεωμένοισιν,“
1749 2593 1792 2613 ως
1810 2579 1851 2612 τὰ

1413 2629 1521 2663 λεπτὰ
1538 2629 1581 2674 μὴ
1599 2634 1720 2676 γνῶναι
1737 2631 1922 2676 λεγόντοιν,

1411 2681 1513 2725 μηδὲν
1541 2682 1716 2728 ὀρρωδεῖτε
1743 2682 1851 2717 τοῦθ’·
1894 2684 1938 2719 ὡς
1968 2683 2027 2718 οὐκ
2057 2682 2109 2718 ἔθ’
2137 2681 2224 2718 οὕτω
2253 2683 2343 2718 ταῦτ’

1413 2734 1666 2779 ἐστρατευμένοι
1683 2735 1747 2781 γάρ
1765 2735 1844 2775 εἶσι,

1410 2786 1551 2827 βιβλίον
1567 2786 1595 2820 τ’
1615 2788 1701 2832 ἔχων
1720 2787 1860 2824 ἕκαστος
1876 2787 2032 2833 μανθάνει
2050 2788 2090 2823 τὰ
2108 2787 2213 2832 δεξιά·

1411 2839 1444 2872 αἱ
1462 2836 1586 2884 φύσεις
1603 2839 1632 2873 τ’
1650 2839 1764 2875 ἄλλως
1783 2841 1968 2887 κράτισται,

1412 2892 1468 2924 νῦν
1486 2890 1522 2924 δέ
1540 2892 1593 2926 καὶ
1610 2894 1861 2937 παρηκόνηνται.

1410 2942 1512 2986 μηδὲν
1528 2942 1587 2978 οὖν
1605 2944 1770 2988 δείσητον,
1790 2945 1882 2979 ἀλλὰ

1410 2993 1503 3028 πάντ’
1523 2995 1687 3039 ἐπέξιτον,
1704 2995 1828 3031 θεατῶν
1844 2996 1876 3043 γ’
1891 2994 2013 3042 οὕνεχ’,
2026 2997 2070 3033 ὣς
2087 2995 2190 3032 ὄντων
2208 2997 2341 3043 σοφῶν.

1409 3047 1462 3081 καὶ
1479 3046 1543 3091 μὴν
1561 3047 1611 3083 ἐπ’
1630 3048 1748 3084 αὐτοὺς
1774 3048 1851 3085 τοὺς
1873 3050 2064 3096 προλόγους
2081 3063 2148 3085 σου
2161 3049 2342 3096 τρέψομαι,

1411 3097 1501 3134 ὅπως
1518 3100 1556 3133 τὸ
1574 3103 1708 3144 πρῶτον
1725 3102 1783 3145 τῆς
1801 3100 1986 3148 τραγῳδίας
2003 3101 2105 3147 μέρος
2263 3115 2343 3137 1120

1409 3151 1600 3196 πρώτιστον
1614 3152 1715 3187 αὐτοῦ
1731 3154 1884 3194 βασανιῶ
1902 3155 1962 3187 τοῦ
1980 3153 2106 3197 δεξιοῦ.

1410 3202 1547 3247 ἀσαφὴς
1564 3204 1629 3249 γὰρ
1647 3202 1687 3247 ἦν
1705 3205 1739 3239 ἐν
1756 3208 1796 3249 τῇ
1814 3205 1942 3251 φράσει
1959 3208 2026 3240 τῶν
2041 3205 2255 3252 πραγμάτων.

1412 3254 1464 3288 καὶ
1482 3256 1579 3289 ποῖον
1596 3256 1697 3290 αὐτοῦ
1714 3258 1887 3298 βασανιεῖς
1902 3270 1911 3297 ;

1943 3309 2094 3346 πολλοὺς
2110 3310 2209 3345 πάνυ.

1409 3361 1542 3403 πρῶτον
1560 3359 1598 3394 δέ
1613 3374 1671 3403 μοι
1689 3361 1747 3395 τὸν
1765 3359 1829 3404 ἐξ’
1832 3362 2013 3407 Ορεστείας
2029 3362 2122 3408 λέγε.

1412 3408 1472 3452 ὅγε
1490 3410 1529 3454 δὴ
1549 3412 1661 3446 σιώπα
1678 3414 1744 3448 πᾶς
1761 3412 1854 3477 ἀνηρ.
1883 3413 1967 3460 λέγ’,
1987 3412 2154 3459 Αἷσχύλε.

1418 3459 1523 3506 Ἐρμῆ
1540 3462 1667 3507 χθόνιε,
1686 3465 1815 3513 πατρῷ’
1834 3464 2025 3500 ἐποπτεύων
2041 3466 2155 3511 κράτη,

1411 3512 1524 3559 σωτὴρ
1541 3517 1640 3559 γενοῦ
1656 3530 1714 3560 μοι
1732 3516 1910 3562 σύμμαχός
1927 3516 1956 3551 τ’
1974 3516 2166 3565 αἰτουμένῳ.

1411 3563 1478 3607 ἥκω
1495 3565 1561 3611 γὰρ
1579 3566 1613 3602 ἐς
1629 3569 1693 3612 γῆν
1709 3567 1806 3613 τήνδε
1820 3570 1873 3604 καὶ
1891 3569 2103 3616 κατέρχομαι.

2278 1011 2357 1043 1080

2277 1274 2354 1315 1085

2277 1546 2356 1578 1090

2275 1808 2351 1842 1095

2265 2854 2341 2886 ¹1¹5

2263 3427 2340 3459 ¹¹²5
