2488 3860
593 787 1386 841 ΑΡΙΣΤΟΦΑΝΟΥΣ
1461 790 1917 842 ΝΕΦΕΛΑΙ.

698 1069 782 1107 ΤΑ
839 1070 975 1108 ΤΟΎ
1033 1071 1418 1110 ΔΡΑΜΑΤΟΣ
1477 1072 1817 1111 ΠΡΟΣΩΠΑ

455 1157 718 1189 ΣΤΡΕΨΙΑΔΗΣ.
1261 1165 1265 1285 ¹
1575 1161 1743 1191 ΔικΑιοΣ
1764 1161 1906 1191 ΛοΓοΞ.

457 1212 736 1242 ‹mmmmm-12.
1575 1215 1728 1245 AA11<02
1748 1215 1891 1245 ΛΟΓΟΣ.

455 1266 642 1294 ΘΕΡΑΠΩΝ
665 1266 926 1296 ΣΤΡΕΨΙΑΔΟΎ.
1260 1289 1263 1307 2
1577 1268 1735 1303 ΠΑΣῙΑΣ,
1759 1264 1929 1302 δανειστὴς.

456 1321 635 1348 ΜΑΘΗΤΑῙ
659 1320 901 1351 ΣΩΚΡΑΤΟΥΣ.
1260 1309 1263 1335 ¹
1573 1322 1765 1358 ΑΜΤΝῙΑΣ,
1792 1316 1962 1355 δανειστὴς.

455 1372 675 1403 ΣΩΚΡΑΤΗΣ.
1258 1337 1262 1435 Ι
1576 1376 1742 1405 ΜΑΡΤΤΣ.

453 1426 587 1458 ΧοΡοΣ
609 1427 804 1456 ΝΕΦΕΛΩΝ,
1257 1437 1260 1446 -
1574 1428 1781 1457 ΧΑΙΡΕΦΩΝ.

1037 1653 1458 1696 ΎΠΟΘΕΣΙΣ.

249 1741 293 1774 Τὸ
308 1739 416 1787 δρᾶμα
434 1741 472 1774 τὸ
486 1743 550 1774 τῶν
565 1740 731 1785 Νεφελῶν
744 1740 826 1775 κατὰ
839 1740 1031 1787 Σωκράτους
1047 1739 1232 1787 γέγραπται
1272 1743 1338 1774 τῶν
1354 1739 1539 1785 ὑποκριτῶν
1552 1737 1629 1774 τοὺς
1646 1737 1870 1775 ἀναπαίστους
1888 1739 2020 1784 διεξῄει,
2031 1740 2115 1786 πρὸς
2131 1740 2190 1774 τὸν
2203 1740 2306 1784 δῆμον

199 1794 257 1827 τοῦ
283 1793 488 1839 φιλοσόφου
517 1791 668 1837 ἐπίτηδες
696 1793 740 1829 ὡς
768 1793 1130 1829 κακοδιδασκαλοῦντος
1155 1793 1232 1828 τοὺς
1273 1791 1518 1837 ἀπεστρέφετο·
1559 1791 1612 1825 καὶ
1642 1793 1741 1825 τοῦτο
1773 1792 1922 1826 ἐκαλεῖτο
1950 1790 2098 1839 στροφῆ.
2136 1790 2178 1835 ἦν
2203 1792 2239 1826 δὲ
2265 1791 2308 1825 τὰ

199 1845 291 1880 νέους
316 1843 488 1890 Ἀθήνησι,
516 1847 583 1878 τῶν
613 1848 763 1889 κωμικῶν
791 1845 875 1890 πρὸς
904 1844 982 1880 τοὺς
1012 1845 1233 1890 φιλοσόφους
1275 1843 1408 1888 ἰαμβεῖα
1431 1843 1645 1889 τετράμετρα.
1685 1840 1755 1878 εἶτα
1778 1843 1837 1888 τὴν
1860 1844 2089 1891 ἀντίστροφον
2111 1842 2304 1882 ἀποδόντες,

199 1897 345 1942 ἐχόντων
367 1898 440 1932 τινὰ
464 1897 667 1942 ἀντιλογίαν·
702 1897 777 1942 οὐχ,
802 1897 846 1933 ὥς
869 1911 966 1937 τινες,
986 1896 1027 1931 δι’
1045 1896 1232 1942 Ἀρχέλαον
1274 1897 1376 1931 πάλιν
1399 1896 1620 1942 τετράμετρον
1643 1895 1803 1942 ἐπέλεγον
1824 1894 1911 1931 ἰ’σων
1934 1897 2073 1941 στίχων.
2111 1893 2152 1939 ἦν
2172 1895 2208 1930 δὲ
2231 1895 2309 1941 περὶ

199 1950 257 1984 τὸν
274 1950 474 1985 Μακεδόνων
483 1949 651 1991 βασιλέα,
671 1948 723 1984 ὅτι
745 1951 942 1996 προῦκρινεν
958 1949 1058 1983 αὐτὸν
1074 1948 1230 1995 Ἀριστο-
1275 1949 1313 1982 τὸ
1331 1949 1495 1983 πλεῖστον
1518 1946 1575 1987 ις’.
1616 1947 1766 1982 ἐκαλεῖτο
1788 1948 1825 1982 δὲ
1848 1951 1951 1983 ταῦτα
1974 1946 2190 1994 ἐπιρρήματα.
2230 1946 2250 1991 ἡ
2269 1946 2306 1981 δὲ

200 2002 340 2047 φάνους.
364 2004 383 2037 ὁ
400 2002 502 2048 χορὸς
520 2001 556 2035 δὲ
573 2003 591 2035 ὁ
605 2002 745 2046 κωμικὸς
758 2000 935 2047 εἰσήρχετο
954 2001 988 2036 ἐν
1001 2001 1042 2045 τῇ
1058 1999 1232 2047 ὀρχήστρᾳ
1276 2000 1338 2044 ὅλη
1356 2001 1502 2046 πάροδος
1518 2002 1579 2034 τοῦ
1596 2001 1701 2046 χοροῦ
1720 2000 1869 2035 ἐκαλεῖτο
1886 2002 2090 2047 παράβασις.
2144 1999 2303 2046 ’Aptero-

201 2057 248 2101 τῷ
266 2056 322 2088 νῦν
339 2054 509 2100 λεγομένῳ
526 2052 648 2101 λογίῳ.
678 2054 731 2088 καὶ
749 2052 805 2088 ὅτε
821 2054 881 2098 μὲν
897 2054 982 2100 πρὸς
998 2052 1076 2088 τοὺς
1095 2052 1230 2099 ὑποκρι-
1281 2053 1389 2098 φάνης
1407 2052 1442 2087 ἐν
1458 2051 1643 2092 Ἱππεῦσιν,

201 2106 259 2142 τὰς
278 2106 458 2148 διελέγετο,
478 2104 525 2141 εἷς
548 2105 607 2146 τὴν
625 2105 748 2150 σκηνὴν
765 2106 863 2148 ἑώρα·
892 2104 945 2140 ὅτε
965 2105 1001 2140 δὲ
1019 2104 1232 2140 ἀπελθόντων

655 2163 695 2206 ἦν
711 2163 772 2209 μέν
787 2177 837 2199 τις
854 2163 935 2209 ἀνὴρ
952 2166 1017 2197 τῶν
1034 2163 1180 2209 ἀρχαίων
1197 2161 1549 2209 κωμῳδοδιδάσκαλος,
1570 2159 1607 2197 ὃς
1624 2160 1707 2206 ἡμᾶς

658 2215 819 2263 ἠνάγκαζε
835 2215 993 2259 λέξοντας
1009 2215 1070 2260 ἔπη
1087 2215 1171 2262 πρὸς
1188 2215 1226 2250 τὸ
1245 2214 1383 2261 θέατρον
1399 2214 1598 2260 παραβῆναι.

1123 2450 1389 2488 ΑΛΛΩΣ.

252 2543 340 2578 Φασὶ
357 2541 674 2588 τὸνἈριστοφάνην
690 2540 823 2587 γράψαι
840 2540 898 2576 τὰς
912 2537 1073 2585 Νεφέλας
1089 2537 1228 2584 ἀναγκα-
1276 2535 1489 2583 φρονήματος
1510 2535 1645 2581 γέμοντι
1670 2535 1723 2570 καὶ
1746 2535 1804 2579 τῆς
1827 2533 1990 2581 εὐγενείας
2014 2531 2060 2568 εἷς
2086 2532 2309 2567 πολυτέλειαν

203 2594 325 2630 σθέντα
354 2595 417 2630 ὑπὸ
447 2593 585 2628 Ἀνύτου
616 2595 669 2628 καὶ
699 2592 869 2637 Μελήτου,
901 2590 953 2628 ἶνα
988 2589 1230 2636 διασκέψαιπο
1275 2589 1529 2624 ἀπολελαυκότι.
1558 2587 1661 2634 ἡγὰρ
1679 2590 1744 2621 τῶν
1760 2585 2027 2630 Ἀλκμαιωνιδῶν
2050 2584 2148 2625 οἶκία,
2167 2584 2245 2620 ὅθεν
2267 2582 2307 2628 ἦν

201 2646 292 2682 ποῖοί
318 2661 403 2682 τινες
429 2643 493 2681 εἶεν
518 2645 684 2690 Ἀθηναῖοι
712 2646 793 2680 κατὰ
819 2645 1011 2691 Σωκράτους
1042 2640 1228 2678 ἀκούοντες.
1274 2642 1313 2675 τὸ
1329 2641 1413 2686 πρὸς
1429 2641 1552 2686 μητρὸς
1568 2640 1665 2686 γένος
1682 2641 1701 2673 ὁ
1718 2639 1941 2685 μειρακίσκος,
1955 2637 1992 2681 ἐξ
2009 2637 2126 2683 ἀρχῆς,
2139 2637 2183 2673 ὥς
2195 2637 2304 2698 φησιν

201 2699 409 2741 ηὗλαβοΰντο
422 2698 499 2742 γὰρ,
513 2697 563 2732 ὅτι
580 2697 729 2733 πολλοὺς
744 2694 832 2742 εἶχεν
846 2696 1000 2743 ἐραστὰς,
1013 2695 1066 2729 καὶ
1082 2694 1232 2739 μάλιστα
1275 2692 1469 2738 Ἡρόδοτος,
1494 2691 1784 2739 τεθριπποτρόφος
1810 2688 1860 2734 ἦν,
1889 2691 1941 2724 καὶ
1966 2690 2099 2725 πολλὰς
2124 2688 2306 2751 ἀνῃρημενη

201 2748 279 2783 τοὺς
295 2749 371 2795 περὶ
388 2748 614 2792 Ἀλκιβιάδην,
633 2746 665 2782 οἳ
690 2749 743 2782 καὶ
767 2749 821 2783 ἐπὶ
845 2750 904 2782 τοῦ
929 2747 1095 2792 δράματος
1112 2743 1233 2779 τούτου
1274 2744 1374 2787 νίκας,
1407 2744 1466 2779 τὰς
1495 2744 1556 2788 μὲν
1585 2743 1805 2788 Ὀλυμπίασι,
1838 2742 1897 2778 τὰς
1927 2742 1963 2776 δὲ
1994 2740 2114 2780 Πυθοῖ,
2147 2740 2234 2776 ἐνίας
2269 2739 2306 2774 δε

202 2800 283 2844 μηδὲ
302 2801 433 2843 νικῆσαι
451 2801 611 2843 ἐποίησαν
628 2800 685 2834 τὸν
697 2798 846 2843 ποιητήν.
876 2801 894 2833 ὁ
914 2799 950 2833 δὲ
967 2798 1140 2844 πρόλογός
1157 2796 1232 2831 ε’στι
1272 2794 1406 2841 Ἰσθμοῖ
1423 2795 1476 2830 καὶ
1494 2796 1605 2841 Νεμέᾳ
1622 2796 1676 2830 καὶ
1699 2795 1734 2830 ἐν
1751 2794 1870 2830 ἅλλοις
1888 2794 2028 2840 ἀγῶσιν.
2068 2793 2306 2837 εὐδοκιμοῦσαν

202 2854 268 2885 τῶν
285 2853 450 2897 Νεφελῶν
470 2851 698 2897 ἁρμοδιώτατα
721 2852 773 2885 καὶ
798 2851 978 2894 δεξιώτατα
1001 2848 1228 2895 συγκείμενος.
1273 2847 1332 2883 οὖν
1349 2850 1436 2894 ὁρῶν
1453 2850 1471 2883 ὁ
1491 2848 1662 2884 νεανίσκος
1685 2847 1841 2883 ἀπέκλινε
1864 2847 1948 2893 πρὸς
1971 2846 2009 2880 τὸ
2033 2843 2113 2889 ἦθος
2135 2847 2201 2879 τῶν
2219 2843 2304 2890 πρὸς

200 2901 394 2949 πρεσβύτης
410 2904 475 2949 γάρ
494 2904 587 2938 ἐστιν
603 2903 757 2949 ἄγροικος
780 2902 963 2948 ἀχθόμενος
981 2901 1072 2937 παιδὶ
1089 2900 1230 2936 ἀστικοῦ
1273 2901 1396 2947 μητρὸς
1412 2902 1597 2947 προγόνων.

1146 3062 1340 3071 ———-

1116 3202 1380 3243 ΑΛΛΩΣ.

251 3321 452 3371 Πρεσβύτης
475 3336 525 3359 τις
546 3323 753 3369 Στρεψιάδης
777 3322 840 3358 ὑπὸ
867 3322 1003 3358 δανείων
1026 3321 1230 3359 καταπονού-
1279 3325 1388 3361 ἐλθὼν
1417 3325 1602 3370 μανθάνειν,
1634 3326 1782 3373 μαθητὴν
1811 3331 1871 3364 τοῦ
1901 3329 2091 3375 Σωκράτους
2127 3328 2307 3364 ἐκκαλέσας

200 3388 296 3421 μενος
323 3376 377 3411 διὰ
402 3376 461 3420 τὴν
485 3375 711 3421 ἱπποτροφίαν
733 3377 792 3409 τοῦ
815 3376 943 3414 παιδὸς,
963 3376 1067 3410 δεῖται
1093 3373 1225 3415 τούτου,
1276 3378 1351 3413 τινὰ
1376 3377 1575 3424 διαλέγεται.
1620 3379 1815 3426 ἐκλυθείσης
1846 3381 1883 3416 δὲ
1915 3382 1973 3425 τῆς
2003 3380 2185 3427 διατριβῆς,
2214 3378 2249 3415 οἵ
2271 3394 2304 3414 τε

200 3426 410 3473 φοιτήσαντα
427 3427 470 3463 ὣς
487 3427 545 3461 τὸν
562 3427 735 3472 Σωκράτην
757 3426 873 3471 μαθεῖν
896 3427 954 3461 τὸν
971 3427 1091 3471 ἥττονα
1107 3428 1224 3473 λόγον,
1275 3429 1418 3476 μαθηταὶ
1436 3427 1546 3478 κύκλῳ
1564 3430 1740 3476 καθήμενοι
1756 3433 1891 3479 πιναροὶ
1914 3434 2117 3479 συνορῶνται
2138 3432 2192 3467 καὶ
2208 3432 2306 3467 αὐτὸς

201 3478 232 3515 εἴ
245 3494 316 3516 πως
333 3478 464 3515 δύναιτο
481 3479 524 3513 τὰ
545 3478 641 3514 ἄδικα
663 3478 773 3524 λέγων
796 3478 831 3512 ἐν
853 3478 900 3526 τῷ
926 3479 1127 3526 δικαστηρίῳ
1151 3478 1228 3515 τοὺς
1275 3480 1297 3514 ὁ
1313 3482 1486 3527 Σωκράτης
1504 3482 1558 3516 ἐπὶ
1581 3483 1766 3530 κρεμάθρας
1789 3483 2010 3531 αἰωρούμενος
2033 3484 2086 3518 καὶ
2103 3483 2306 3519 ἀποσκοπῶν

203 3530 355 3578 χρήστας
372 3532 463 3566 νικᾶν
481 3531 533 3565 καὶ
550 3530 664 3575 μηδενὶ
686 3532 750 3564 τῶν
767 3530 948 3564 δανειστῶν
965 3531 1066 3575 μηδὲν
1083 3530 1226 3565 ἀποδοῦ-
1274 3533 1317 3567 τὰ
1341 3532 1489 3578 μετέωρα
1516 3533 1697 3580 θεωρεῖται.
1740 3536 1824 3581 μετὰ
1849 3537 1952 3571 ταῦτα
1981 3536 2074 3570 τελεῖ
2101 3535 2307 3582 παραλαβῶν

201 3598 263 3622 ναι.
292 3583 332 3620 οὗ
347 3583 556 3628 βουλομένου
574 3582 611 3618 δὲ
631 3583 691 3617 τοῦ
713 3581 938 3629 μειρακίσκου,
958 3581 1110 3629 διαγνοὺς
1127 3581 1224 3619 αὐτὸς
1274 3585 1333 3621 τὸν
1349 3582 1555 3632 πρεσβύτην,
1575 3586 1628 3622 καὶ
1645 3587 1723 3624 τοὺς
1741 3587 1971 3634 νομιζομένους
1992 3586 2069 3635 παρ’
2087 3586 2178 3636 αὐτῷ
2194 3586 2304 3631 θεοὺς,
