<?xml version="1.0" encoding="UTF-8"?>
<!DOCTYPE html PUBLIC "-//W3C//DTD XHTML 1.0 Transitional//EN"
    "http://www.w3.org/TR/xhtml1/DTD/xhtml1-transitional.dtd">
<html xmlns="http://www.w3.org/1999/xhtml" xml:lang="en" lang="en">
 <head>
  <title>
</title>
<meta http-equiv="Content-Type" content="text/html;charset=utf-8" />
  <meta name='ocr-system' content='tesseract 3.04.00' />
  <meta name='ocr-capabilities' content='ocr_page ocr_carea ocr_par ocr_line ocrx_word'/>
</head>
<body>
  <div class='ocr_page' id='page_1' title='image "./poetarumscenicor00dinduoft_0683.png"; bbox 0 0 2488 3860; ppageno 0'>
   <div class='ocr_carea' id='block_1_1' title="bbox 0 0 57 2379">
    <p class='ocr_par' dir='ltr' id='par_1_1' title="bbox 0 0 57 2379">
     <span class='ocr_line' id='line_1_1' title="bbox 0 0 57 2379; baseline 0 0"><span class='ocrx_word' id='word_1_1' title='bbox 0 0 57 2379; x_wconf 95' lang='lat' dir='ltr'> </span> 
     </span>
    </p>
   </div>
   <div class='ocr_carea' id='block_1_2' title="bbox 977 297 2314 356">
    <p class='ocr_par' dir='ltr' id='par_1_2' title="bbox 977 297 2314 356">
     <span class='ocr_line' id='line_1_2' title="bbox 977 297 2314 356; baseline -0.003 -3"><span class='ocrx_word' id='word_1_2' title='bbox 977 297 1477 353; x_wconf 78' lang='grc' dir='ltr'>ΑΠΟΣΠΑΣΜΑΤΙΑ.</span> <span class='ocrx_word' id='word_1_3' title='bbox 1979 302 1983 308; x_wconf 84' lang='grc'><strong>“</strong></span> <span class='ocrx_word' id='word_1_4' title='bbox 2231 306 2314 356; x_wconf 70' lang='lat'>675,</span> 
     </span>
    </p>
   </div>
   <div class='ocr_carea' id='block_1_3' title="bbox 275 412 2311 631">
    <p class='ocr_par' dir='ltr' id='par_1_3' title="bbox 277 412 2311 576">
     <span class='ocr_line' id='line_1_3' title="bbox 278 412 2311 469; baseline 0.003 -15"><span class='ocrx_word' id='word_1_5' title='bbox 278 412 443 462; x_wconf 70' lang='grc' dir='ltr'>σώζεσθε,</span> <span class='ocrx_word' id='word_1_6' title='bbox 464 417 582 454; x_wconf 81' lang='grc' dir='ltr'>νικᾶτ’·</span> <span class='ocrx_word' id='word_1_7' title='bbox 608 417 683 455; x_wconf 74' lang='grc' dir='ltr'>ἀντὶ</span> <span class='ocrx_word' id='word_1_8' title='bbox 700 420 767 468; x_wconf 86' lang='grc' dir='ltr'>γὰρ</span> <span class='ocrx_word' id='word_1_9' title='bbox 785 420 904 468; x_wconf 78' lang='grc' dir='ltr'>ψυχῆς</span> <span class='ocrx_word' id='word_1_10' title='bbox 920 422 999 467; x_wconf 84' lang='grc' dir='ltr'>μιᾶς</span> <span class='ocrx_word' id='word_1_11' title='bbox 1262 422 1455 468; x_wconf 78' lang='grc' dir='ltr'>κυκλοτερῆ.</span> <span class='ocrx_word' id='word_1_12' title='bbox 1485 421 1631 457; x_wconf 85' lang='grc' dir='ltr'>πέλανοι</span> <span class='ocrx_word' id='word_1_13' title='bbox 1656 421 1693 457; x_wconf 82' lang='grc' dir='ltr'>δὲ</span> <span class='ocrx_word' id='word_1_14' title='bbox 1719 422 1761 457; x_wconf 83' lang='grc' dir='ltr'>τὰ</span> <span class='ocrx_word' id='word_1_15' title='bbox 1785 422 1832 459; x_wconf 89' lang='grc' dir='ltr'>εἰς</span> <span class='ocrx_word' id='word_1_16' title='bbox 1858 421 1956 460; x_wconf 80' lang='grc' dir='ltr'>θεοὺς</span> <span class='ocrx_word' id='word_1_17' title='bbox 1980 424 2148 469; x_wconf 80' lang='grc' dir='ltr'><em>πέμματα,</em></span> <span class='ocrx_word' id='word_1_18' title='bbox 2178 425 2311 460; x_wconf 84' lang='grc' dir='ltr'>πόπανα</span> 
     </span>
     <span class='ocr_line' id='line_1_4' title="bbox 277 471 2310 525; baseline 0.004 -19"><span class='ocrx_word' id='word_1_19' title='bbox 277 472 337 507; x_wconf 80' lang='grc' dir='ltr'>οὔκ</span> <span class='ocrx_word' id='word_1_20' title='bbox 353 471 430 508; x_wconf 83' lang='grc' dir='ltr'>ἔσθ’</span> <span class='ocrx_word' id='word_1_21' title='bbox 446 471 538 510; x_wconf 88' lang='grc' dir='ltr'>ὅπως</span> <span class='ocrx_word' id='word_1_22' title='bbox 554 472 633 519; x_wconf 79' lang='grc' dir='ltr'>ὑμῖν</span> <span class='ocrx_word' id='word_1_23' title='bbox 650 473 716 522; x_wconf 75' lang='grc' dir='ltr'>ἐγὼ</span> <span class='ocrx_word' id='word_1_24' title='bbox 734 474 774 510; x_wconf 79' lang='grc' dir='ltr'>οὔ</span> <span class='ocrx_word' id='word_1_25' title='bbox 788 476 894 511; x_wconf 86' lang='grc' dir='ltr'><strong><em>σώσω</em></strong></span> <span class='ocrx_word' id='word_1_26' title='bbox 910 476 1023 511; x_wconf 89' lang='grc' dir='ltr'>πόλιν.</span> <span class='ocrx_word' id='word_1_27' title='bbox 1261 474 1311 510; x_wconf 90' lang='grc' dir='ltr'>δέ.</span> <span class='ocrx_word' id='word_1_28' title='bbox 1350 474 1415 510; x_wconf 78' lang='grc' dir='ltr'>Καὶ</span> <span class='ocrx_word' id='word_1_29' title='bbox 1450 474 1486 510; x_wconf 90' lang='grc' dir='ltr'>ἐν</span> <span class='ocrx_word' id='word_1_30' title='bbox 1519 473 1676 521; x_wconf 85' lang='grc' dir='ltr'>Ἐρεχθεῖ</span> <span class='ocrx_word' id='word_1_31' title='bbox 1710 477 1769 512; x_wconf 85' lang='grc' dir='ltr'>τὰς</span> <span class='ocrx_word' id='word_1_32' title='bbox 1805 475 1950 522; x_wconf 79' lang='grc' dir='ltr'>σελήνας</span> <span class='ocrx_word' id='word_1_33' title='bbox 1983 477 2150 514; x_wconf 83' lang='grc' dir='ltr'>πελάνους</span> <span class='ocrx_word' id='word_1_34' title='bbox 2184 476 2310 525; x_wconf 78' lang='grc' dir='ltr'>εἴρηκεν</span> 
     </span>
     <span class='ocr_line' id='line_1_5' title="bbox 277 524 1454 576; baseline 0.004 -17"><span class='ocrx_word' id='word_1_35' title='bbox 277 525 304 560; x_wconf 78' lang='grc' dir='ltr'>ὦ</span> <span class='ocrx_word' id='word_1_36' title='bbox 320 526 453 573; x_wconf 82' lang='grc' dir='ltr'>πατρὶς,</span> <span class='ocrx_word' id='word_1_37' title='bbox 472 524 541 562; x_wconf 79' lang='grc' dir='ltr'>εἴθε</span> <span class='ocrx_word' id='word_1_38' title='bbox 557 527 691 571; x_wconf 86' lang='grc' dir='ltr'>πάντες,</span> <span class='ocrx_word' id='word_1_39' title='bbox 710 525 743 563; x_wconf 75' lang='grc' dir='ltr'>οἰ</span> <span class='ocrx_word' id='word_1_40' title='bbox 761 528 896 564; x_wconf 88' lang='grc' dir='ltr'>ναίουσί</span> <span class='ocrx_word' id='word_1_41' title='bbox 912 543 955 564; x_wconf 90' lang='grc' dir='ltr'>σε</span> <span class='ocrx_word' id='word_1_42' title='bbox 1260 529 1454 576; x_wconf 78' lang='grc' dir='ltr'>Εὐριπίδης·</span> 
     </span>
    </p>

    <p class='ocr_par' dir='ltr' id='par_1_4' title="bbox 275 577 2235 631">
     <span class='ocr_line' id='line_1_6' title="bbox 275 577 2235 631; baseline 0.005 -17"><span class='ocrx_word' id='word_1_43' title='bbox 275 577 362 614; x_wconf 75' lang='grc' dir='ltr'>οὕτω</span> <span class='ocrx_word' id='word_1_44' title='bbox 380 579 528 626; x_wconf 89' lang='grc' dir='ltr'>φίλοιεν,</span> <span class='ocrx_word' id='word_1_45' title='bbox 549 581 594 618; x_wconf 82' lang='grc' dir='ltr'>ὣς</span> <span class='ocrx_word' id='word_1_46' title='bbox 611 581 690 629; x_wconf 87' lang='grc' dir='ltr'>ἐγώ·</span> <span class='ocrx_word' id='word_1_47' title='bbox 719 583 774 617; x_wconf 85' lang='grc' dir='ltr'>καὶ</span> <span class='ocrx_word' id='word_1_48' title='bbox 790 581 914 630; x_wconf 75' lang='grc' dir='ltr'>ῥᾳδίως</span> <span class='ocrx_word' id='word_1_49' title='bbox 1367 583 1434 617; x_wconf 90' lang='grc' dir='ltr'>Καί</span> <span class='ocrx_word' id='word_1_50' title='bbox 1449 597 1519 627; x_wconf 87' lang='grc' dir='ltr'>μοι,</span> <span class='ocrx_word' id='word_1_51' title='bbox 1538 582 1648 618; x_wconf 84' lang='grc' dir='ltr'>πολύν</span> <span class='ocrx_word' id='word_1_52' title='bbox 1664 583 1730 630; x_wconf 85' lang='grc' dir='ltr'>γὰρ</span> <span class='ocrx_word' id='word_1_53' title='bbox 1748 583 1898 619; x_wconf 82' lang='grc' dir='ltr'>πέλανον</span> <span class='ocrx_word' id='word_1_54' title='bbox 1917 584 2095 631; x_wconf 77' lang='grc' dir='ltr'>ἐκπέμπεις</span> <span class='ocrx_word' id='word_1_55' title='bbox 2113 586 2235 631; x_wconf 82' lang='grc' dir='ltr'>δόμων.</span> 
     </span>
    </p>
   </div>
   <div class='ocr_carea' id='block_1_4' title="bbox 168 633 2310 845">
    <p class='ocr_par' dir='ltr' id='par_1_5' title="bbox 168 633 2310 845">
     <span class='ocr_line' id='line_1_7' title="bbox 275 633 2103 685; baseline 0.004 -18"><span class='ocrx_word' id='word_1_56' title='bbox 275 633 422 679; x_wconf 81' lang='grc' dir='ltr'>οἰκοῖμεν</span> <span class='ocrx_word' id='word_1_57' title='bbox 438 633 480 670; x_wconf 81' lang='grc' dir='ltr'>ἅν</span> <span class='ocrx_word' id='word_1_58' title='bbox 497 649 552 676; x_wconf 86' lang='grc' dir='ltr'>σε,</span> <span class='ocrx_word' id='word_1_59' title='bbox 572 635 690 671; x_wconf 75' lang='grc' dir='ltr'>κούδὲν</span> <span class='ocrx_word' id='word_1_60' title='bbox 708 634 750 671; x_wconf 83' lang='grc' dir='ltr'>ἂν</span> <span class='ocrx_word' id='word_1_61' title='bbox 765 636 915 683; x_wconf 81' lang='grc' dir='ltr'>πάσχοις</span> <span class='ocrx_word' id='word_1_62' title='bbox 933 637 1045 684; x_wconf 70' lang='grc' dir='ltr'>κακόν.</span> <span class='ocrx_word' id='word_1_63' title='bbox 1365 637 1513 683; x_wconf 89' lang='grc' dir='ltr'>φράσον,</span> <span class='ocrx_word' id='word_1_64' title='bbox 1534 636 1679 681; x_wconf 86' lang='grc' dir='ltr'>σελήνας</span> <span class='ocrx_word' id='word_1_65' title='bbox 1696 638 1803 673; x_wconf 83' lang='grc' dir='ltr'>τάσδε</span> <span class='ocrx_word' id='word_1_66' title='bbox 1819 638 1965 685; x_wconf 89' lang='grc' dir='ltr'>πυρίμου</span> <span class='ocrx_word' id='word_1_67' title='bbox 1983 640 2103 685; x_wconf 84' lang='grc' dir='ltr'>χλόης.</span> 
     </span>
     <span class='ocr_line' id='line_1_8' title="bbox 223 682 2310 741; baseline 0.004 -21"><span class='ocrx_word' id='word_1_68' title='bbox 223 682 351 735; x_wconf 86' lang='grc'>(354.)</span> <span class='ocrx_word' id='word_1_69' title='bbox 371 699 403 732; x_wconf 84' lang='lat'>5.</span> <span class='ocrx_word' id='word_1_70' title='bbox 434 684 562 723; x_wconf 85' lang='lat' dir='ltr'><strong>Schol.</strong></span> <span class='ocrx_word' id='word_1_71' title='bbox 581 686 773 736; x_wconf 79' lang='lat' dir='ltr'><strong>Aristoph.</strong></span> <span class='ocrx_word' id='word_1_72' title='bbox 794 687 880 725; x_wconf 85' lang='lat' dir='ltr'><strong>Pac.</strong></span> <span class='ocrx_word' id='word_1_73' title='bbox 902 689 966 725; x_wconf 83' lang='lat'>96.</span> <span class='ocrx_word' id='word_1_74' title='bbox 1010 688 1222 734; x_wconf 76' lang='grc' dir='ltr'>Ὀλολύζειν·</span> <span class='ocrx_word' id='word_1_75' title='bbox 1258 687 1338 724; x_wconf 84' lang='grc' dir='ltr'>Ἐπὶ</span> <span class='ocrx_word' id='word_1_76' title='bbox 1374 690 1411 724; x_wconf 82' lang='grc' dir='ltr'>δέ</span> <span class='ocrx_word' id='word_1_77' title='bbox 1447 688 1486 733; x_wconf 79' lang='grc' dir='ltr'>ἓξ</span> <span class='ocrx_word' id='word_1_78' title='bbox 1517 689 1675 735; x_wconf 88' lang='grc' dir='ltr'>σελήναις</span> <span class='ocrx_word' id='word_1_79' title='bbox 1709 693 1795 733; x_wconf 84' lang='grc' dir='ltr'>βοῦν</span> <span class='ocrx_word' id='word_1_80' title='bbox 1830 691 1976 737; x_wconf 78' lang='grc' dir='ltr'>ἕβδομον</span> <span class='ocrx_word' id='word_1_81' title='bbox 2011 693 2160 736; x_wconf 83' lang='grc' dir='ltr'>ἕπεττον,</span> <span class='ocrx_word' id='word_1_82' title='bbox 2192 694 2310 741; x_wconf 86' lang='grc' dir='ltr'>κέρατα</span> 
     </span>
     <span class='ocr_line' id='line_1_9' title="bbox 168 737 2310 795; baseline 0.004 -21"><span class='ocrx_word' id='word_1_83' title='bbox 168 737 207 775; x_wconf 77' lang='grc' dir='ltr'>τὸ</span> <span class='ocrx_word' id='word_1_84' title='bbox 220 739 305 785; x_wconf 78' lang='grc' dir='ltr'>μετὰ</span> <span class='ocrx_word' id='word_1_85' title='bbox 322 742 467 788; x_wconf 85' lang='grc' dir='ltr'>κραυγῆς</span> <span class='ocrx_word' id='word_1_86' title='bbox 480 741 654 788; x_wconf 78' lang='grc' dir='ltr'>εὔχεσθαι.</span> <span class='ocrx_word' id='word_1_87' title='bbox 671 761 790 768; x_wconf 88' lang='lat'>——</span> <span class='ocrx_word' id='word_1_88' title='bbox 803 744 857 779; x_wconf 82' lang='grc' dir='ltr'>καὶ</span> <span class='ocrx_word' id='word_1_89' title='bbox 874 743 1058 791; x_wconf 83' lang='grc' dir='ltr'>Εὐριπίδης</span> <span class='ocrx_word' id='word_1_90' title='bbox 1069 743 1227 791; x_wconf 88' lang='grc' dir='ltr'>Ἐρεχθεῖ</span> <span class='ocrx_word' id='word_1_91' title='bbox 1259 743 1380 788; x_wconf 81' lang='grc' dir='ltr'>ἔχοντα</span> <span class='ocrx_word' id='word_1_92' title='bbox 1403 743 1487 778; x_wconf 86' lang='grc' dir='ltr'>κατὰ</span> <span class='ocrx_word' id='word_1_93' title='bbox 1509 743 1653 789; x_wconf 85' lang='grc' dir='ltr'>μίμησιν</span> <span class='ocrx_word' id='word_1_94' title='bbox 1675 746 1735 789; x_wconf 87' lang='grc' dir='ltr'>τῆς</span> <span class='ocrx_word' id='word_1_95' title='bbox 1758 747 1985 792; x_wconf 83' lang='grc' dir='ltr'>πρωτοφαοῦς</span> <span class='ocrx_word' id='word_1_96' title='bbox 2008 745 2165 792; x_wconf 83' lang='grc' dir='ltr'>σελήνης.</span> <span class='ocrx_word' id='word_1_97' title='bbox 2197 746 2310 795; x_wconf 69' lang='grc' dir='ltr'>(ἕθυῑν</span> 
     </span>
     <span class='ocr_line' id='line_1_10' title="bbox 169 789 2307 845; baseline 0.005 -19"><span class='ocrx_word' id='word_1_98' title='bbox 169 789 240 840; x_wconf 81' lang='lat' dir='ltr'><strong>(ita</strong></span> <span class='ocrx_word' id='word_1_99' title='bbox 255 791 392 839; x_wconf 76' lang='lat' dir='ltr'><strong>optime</strong></span> <span class='ocrx_word' id='word_1_100' title='bbox 410 792 626 830; x_wconf 74' lang='lat' dir='ltr'><strong>Dindorfius</strong></span> <span class='ocrx_word' id='word_1_101' title='bbox 643 793 834 844; x_wconf 80' lang='lat' dir='ltr'><strong>vulgatam</strong></span> <span class='ocrx_word' id='word_1_102' title='bbox 856 797 1020 844; x_wconf 79' lang='grc' dir='ltr'>ἔρχεσθαι</span> <span class='ocrx_word' id='word_1_103' title='bbox 1045 795 1222 842; x_wconf 78' lang='lat' dir='ltr'><strong>correxit)</strong></span> <span class='ocrx_word' id='word_1_104' title='bbox 1257 797 1319 841; x_wconf 81' lang='grc' dir='ltr'>μὲν</span> <span class='ocrx_word' id='word_1_105' title='bbox 1346 796 1405 831; x_wconf 74' lang='grc' dir='ltr'>οὖν</span> <span class='ocrx_word' id='word_1_106' title='bbox 1431 797 1485 831; x_wconf 83' lang='grc' dir='ltr'>καὶ</span> <span class='ocrx_word' id='word_1_107' title='bbox 1513 797 1568 832; x_wconf 83' lang='grc' dir='ltr'>ἐπὶ</span> <span class='ocrx_word' id='word_1_108' title='bbox 1594 797 1766 845; x_wconf 89' lang='grc' dir='ltr'>τέσσαρσι</span> <span class='ocrx_word' id='word_1_109' title='bbox 1792 800 1955 835; x_wconf 86' lang='grc' dir='ltr'>ποπάνοις</span> <span class='ocrx_word' id='word_1_110' title='bbox 1984 803 2104 835; x_wconf 88' lang='grc' dir='ltr'>τοῦτον</span> <span class='ocrx_word' id='word_1_111' title='bbox 2129 802 2188 836; x_wconf 90' lang='grc' dir='ltr'>τὸν</span> <span class='ocrx_word' id='word_1_112' title='bbox 2213 804 2307 844; x_wconf 85' lang='grc' dir='ltr'>βοῦν,</span> 
     </span>
    </p>
   </div>
   <div class='ocr_carea' id='block_1_5' title="bbox 170 845 2310 1114">
    <p class='ocr_par' dir='ltr' id='par_1_6' title="bbox 170 845 2310 1114">
     <span class='ocr_line' id='line_1_11' title="bbox 274 845 2310 899; baseline 0.004 -18"><span class='ocrx_word' id='word_1_113' title='bbox 274 845 459 890; x_wconf 75' lang='grc' dir='ltr'>ὄλολύζετ’,</span> <span class='ocrx_word' id='word_1_114' title='bbox 489 847 516 883; x_wconf 76' lang='grc' dir='ltr'><em>ὦ</em></span> <span class='ocrx_word' id='word_1_115' title='bbox 532 851 696 896; x_wconf 85' lang='grc' dir='ltr'>γυναῖκες,</span> <span class='ocrx_word' id='word_1_116' title='bbox 717 849 762 886; x_wconf 87' lang='grc' dir='ltr'>ὧς</span> <span class='ocrx_word' id='word_1_117' title='bbox 779 850 866 896; x_wconf 82' lang='grc' dir='ltr'>ἔλθῃ</span> <span class='ocrx_word' id='word_1_118' title='bbox 885 850 956 893; x_wconf 84' lang='grc' dir='ltr'>θεὰ,</span> <span class='ocrx_word' id='word_1_119' title='bbox 1259 850 1313 884; x_wconf 86' lang='grc' dir='ltr'>καὶ</span> <span class='ocrx_word' id='word_1_120' title='bbox 1348 851 1490 886; x_wconf 83' lang='grc' dir='ltr'>ἐκάλουν</span> <span class='ocrx_word' id='word_1_121' title='bbox 1523 851 1678 897; x_wconf 90' lang='grc' dir='ltr'>πέμπτον</span> <span class='ocrx_word' id='word_1_122' title='bbox 1707 854 1804 895; x_wconf 87' lang='grc' dir='ltr'>βοῦν.</span> <span class='ocrx_word' id='word_1_123' title='bbox 1837 854 1970 899; x_wconf 82' lang='grc' dir='ltr'>μᾶλλον</span> <span class='ocrx_word' id='word_1_124' title='bbox 2006 854 2043 888; x_wconf 83' lang='grc' dir='ltr'>δέ</span> <span class='ocrx_word' id='word_1_125' title='bbox 2079 854 2134 889; x_wconf 84' lang='grc' dir='ltr'>ε’πὶ</span> <span class='ocrx_word' id='word_1_126' title='bbox 2165 857 2237 892; x_wconf 85' lang='grc' dir='ltr'>ταῖς</span> <span class='ocrx_word' id='word_1_127' title='bbox 2272 855 2310 899; x_wconf 78' lang='grc' dir='ltr'>ἐξ</span> 
     </span>
     <span class='ocr_line' id='line_1_12' title="bbox 271 900 2307 953; baseline 0.003 -18"><span class='ocrx_word' id='word_1_128' title='bbox 271 902 408 948; x_wconf 84' lang='grc' dir='ltr'>χρυσῆν</span> <span class='ocrx_word' id='word_1_129' title='bbox 424 902 548 948; x_wconf 79' lang='grc' dir='ltr'>ἔχοντα</span> <span class='ocrx_word' id='word_1_130' title='bbox 563 902 702 951; x_wconf 80' lang='grc' dir='ltr'>γοργόν’</span> <span class='ocrx_word' id='word_1_131' title='bbox 722 902 898 952; x_wconf 81' lang='grc' dir='ltr'>ἐπίκουρος</span> <span class='ocrx_word' id='word_1_132' title='bbox 914 905 1026 940; x_wconf 86' lang='grc' dir='ltr'>πόλει.</span> <span class='ocrx_word' id='word_1_133' title='bbox 1259 904 1405 950; x_wconf 81' lang='grc' dir='ltr'>ἕβδομον</span> <span class='ocrx_word' id='word_1_134' title='bbox 1422 900 1546 953; x_wconf 85' lang='grc' dir='ltr'>βοῦν.)</span> <span class='ocrx_word' id='word_1_135' title='bbox 2301 915 2307 919; x_wconf 90' lang='grc'><em>“</em></span> 
     </span>
     <span class='ocr_line' id='line_1_13' title="bbox 221 949 2307 1006; baseline 0.005 -18"><span class='ocrx_word' id='word_1_136' title='bbox 221 949 349 1000; x_wconf 86' lang='grc'>(355.)</span> <span class='ocrx_word' id='word_1_137' title='bbox 368 957 399 990; x_wconf 88' lang='grc'>6.</span> <span class='ocrx_word' id='word_1_138' title='bbox 431 953 550 991; x_wconf 90' lang='lat' dir='ltr'><strong>Clem.</strong></span> <span class='ocrx_word' id='word_1_139' title='bbox 579 953 690 992; x_wconf 83' lang='lat' dir='ltr'><strong>Alex.</strong></span> <span class='ocrx_word' id='word_1_140' title='bbox 720 953 859 994; x_wconf 84' lang='lat' dir='ltr'><strong>Strom.</strong></span> <span class='ocrx_word' id='word_1_141' title='bbox 889 956 959 1001; x_wconf 91' lang='lat' dir='ltr'>VI,</span> <span class='ocrx_word' id='word_1_142' title='bbox 991 958 1026 998; x_wconf 88' lang='lat'>2,</span> <span class='ocrx_word' id='word_1_143' title='bbox 1057 958 1074 1002; x_wconf 85' lang='lat'>§</span> <span class='ocrx_word' id='word_1_144' title='bbox 1107 955 1141 994; x_wconf 92' lang='grc'>7.</span> <span class='ocrx_word' id='word_1_145' title='bbox 1168 954 1222 1005; x_wconf 90' lang='lat' dir='ltr'>(p.</span> <span class='ocrx_word' id='word_1_146' title='bbox 1311 953 1516 1005; x_wconf 81' lang='lat'><strong>(364.)15.</strong></span> <span class='ocrx_word' id='word_1_147' title='bbox 1551 955 1671 993; x_wconf 88' lang='lat' dir='ltr'><strong>Clem.</strong></span> <span class='ocrx_word' id='word_1_148' title='bbox 1709 956 1819 994; x_wconf 78' lang='lat' dir='ltr'><strong>Alex.</strong></span> <span class='ocrx_word' id='word_1_149' title='bbox 1858 957 1998 995; x_wconf 82' lang='lat' dir='ltr'><strong>Strom.</strong></span> <span class='ocrx_word' id='word_1_150' title='bbox 2032 959 2101 1005; x_wconf 91' lang='lat' dir='ltr'>VI,</span> <span class='ocrx_word' id='word_1_151' title='bbox 2141 962 2177 996; x_wconf 87' lang='grc'>2.</span> <span class='ocrx_word' id='word_1_152' title='bbox 2216 963 2234 1006; x_wconf 85' lang='lat'>§</span> <span class='ocrx_word' id='word_1_153' title='bbox 2271 962 2307 998; x_wconf 87' lang='grc'>9.</span> 
     </span>
     <span class='ocr_line' id='line_1_14' title="bbox 170 1002 1492 1059; baseline 0.005 -19"><span class='ocrx_word' id='word_1_154' title='bbox 170 1002 246 1041; x_wconf 88' lang='grc'>739</span> <span class='ocrx_word' id='word_1_155' title='bbox 265 1002 327 1053; x_wconf 90' lang='grc' dir='ltr'>Ρ.)</span> <span class='ocrx_word' id='word_1_156' title='bbox 1258 1007 1312 1059; x_wconf 83' lang='grc' dir='ltr'>(Ρ.</span> <span class='ocrx_word' id='word_1_157' title='bbox 1336 1010 1404 1047; x_wconf 89' lang='grc'>74]</span> <span class='ocrx_word' id='word_1_158' title='bbox 1431 1008 1492 1058; x_wconf 88' lang='grc' dir='ltr'>Ρ.)</span> 
     </span>
     <span class='ocr_line' id='line_1_15' title="bbox 590 1064 2076 1114; baseline 0.001 -14"><span class='ocrx_word' id='word_1_159' title='bbox 590 1064 630 1100; x_wconf 87' lang='grc' dir='ltr'>ἐν</span> <span class='ocrx_word' id='word_1_160' title='bbox 646 1064 810 1114; x_wconf 80' lang='grc' dir='ltr'>ἀστρώτῳ</span> <span class='ocrx_word' id='word_1_161' title='bbox 827 1065 920 1114; x_wconf 81' lang='grc' dir='ltr'>πέδῳ</span> <span class='ocrx_word' id='word_1_162' title='bbox 1364 1064 1485 1101; x_wconf 83' lang='grc' dir='ltr'>Αἰδοῦς</span> <span class='ocrx_word' id='word_1_163' title='bbox 1503 1064 1540 1100; x_wconf 80' lang='grc' dir='ltr'>δὲ</span> <span class='ocrx_word' id='word_1_164' title='bbox 1559 1065 1678 1102; x_wconf 79' lang='grc' dir='ltr'>καύτὸς</span> <span class='ocrx_word' id='word_1_165' title='bbox 1696 1066 1884 1113; x_wconf 82' lang='grc' dir='ltr'>δυσκρίτως</span> <span class='ocrx_word' id='word_1_166' title='bbox 1902 1068 1970 1113; x_wconf 84' lang='grc' dir='ltr'>ἔχω</span> <span class='ocrx_word' id='word_1_167' title='bbox 1988 1068 2076 1114; x_wconf 86' lang='grc' dir='ltr'>πέρι·</span> 
     </span>
    </p>
   </div>
   <div class='ocr_carea' id='block_1_6' title="bbox 164 1113 2307 1542">
    <p class='ocr_par' dir='ltr' id='par_1_7' title="bbox 272 1113 2126 1168">
     <span class='ocr_line' id='line_1_16' title="bbox 272 1113 2126 1168; baseline 0.001 -15"><span class='ocrx_word' id='word_1_168' title='bbox 272 1113 423 1159; x_wconf 75' lang='grc' dir='ltr'>εὕδουσι,</span> <span class='ocrx_word' id='word_1_169' title='bbox 441 1119 565 1165; x_wconf 79' lang='grc' dir='ltr'>πηγαῖς</span> <span class='ocrx_word' id='word_1_170' title='bbox 582 1118 612 1153; x_wconf 75' lang='grc' dir='ltr'>δ’</span> <span class='ocrx_word' id='word_1_171' title='bbox 631 1119 697 1165; x_wconf 80' lang='grc' dir='ltr'>οὐχ</span> <span class='ocrx_word' id='word_1_172' title='bbox 714 1118 933 1166; x_wconf 79' lang='grc' dir='ltr'>ὑγραίνουσιν</span> <span class='ocrx_word' id='word_1_173' title='bbox 949 1119 1069 1156; x_wconf 86' lang='grc' dir='ltr'>πόδας.</span> <span class='ocrx_word' id='word_1_174' title='bbox 1362 1118 1416 1153; x_wconf 84' lang='grc' dir='ltr'>καὶ</span> <span class='ocrx_word' id='word_1_175' title='bbox 1434 1118 1485 1153; x_wconf 87' lang='grc' dir='ltr'>δεῖ</span> <span class='ocrx_word' id='word_1_176' title='bbox 1500 1119 1567 1165; x_wconf 84' lang='grc' dir='ltr'>γὰρ</span> <span class='ocrx_word' id='word_1_177' title='bbox 1585 1119 1696 1164; x_wconf 80' lang='grc' dir='ltr'>αὐτῆς,</span> <span class='ocrx_word' id='word_1_178' title='bbox 1717 1119 1836 1155; x_wconf 76' lang='grc' dir='ltr'>κᾶστιν</span> <span class='ocrx_word' id='word_1_179' title='bbox 1854 1119 1894 1154; x_wconf 82' lang='grc' dir='ltr'>οὗ</span> <span class='ocrx_word' id='word_1_180' title='bbox 1912 1122 2012 1156; x_wconf 87' lang='grc' dir='ltr'>κακὸν</span> <span class='ocrx_word' id='word_1_181' title='bbox 2028 1122 2126 1168; x_wconf 83' lang='grc' dir='ltr'>μέγα.</span> 
     </span>
    </p>

    <p class='ocr_par' dir='ltr' id='par_1_8' title="bbox 164 1164 2307 1542">
     <span class='ocr_line' id='line_1_17' title="bbox 220 1164 2305 1220; baseline 0.004 -17"><span class='ocrx_word' id='word_1_182' title='bbox 220 1164 347 1216; x_wconf 89' lang='grc'>(356.)</span> <span class='ocrx_word' id='word_1_183' title='bbox 378 1183 408 1215; x_wconf 84' lang='lat'>7.</span> <span class='ocrx_word' id='word_1_184' title='bbox 437 1167 610 1206; x_wconf 79' lang='lat' dir='ltr'><strong>Eustath.</strong></span> <span class='ocrx_word' id='word_1_185' title='bbox 641 1170 689 1207; x_wconf 88' lang='lat' dir='ltr'>ad</span> <span class='ocrx_word' id='word_1_186' title='bbox 725 1169 800 1207; x_wconf 93' lang='lat' dir='ltr'>Od.</span> <span class='ocrx_word' id='word_1_187' title='bbox 838 1172 885 1219; x_wconf 87' lang='grc' dir='ltr'>μ’.</span> <span class='ocrx_word' id='word_1_188' title='bbox 923 1184 961 1220; x_wconf 90' lang='lat' dir='ltr'>p.</span> <span class='ocrx_word' id='word_1_189' title='bbox 1003 1170 1116 1211; x_wconf 84' lang='lat'>1720,</span> <span class='ocrx_word' id='word_1_190' title='bbox 1155 1170 1219 1207; x_wconf 90' lang='grc'>31.</span> <span class='ocrx_word' id='word_1_191' title='bbox 1310 1167 1435 1217; x_wconf 89' lang='grc'>(365.)</span> <span class='ocrx_word' id='word_1_192' title='bbox 1460 1175 1510 1207; x_wconf 87' lang='lat'>16.</span> <span class='ocrx_word' id='word_1_193' title='bbox 1540 1169 1665 1219; x_wconf 89' lang='lat' dir='ltr'><strong>Etym.</strong></span> <span class='ocrx_word' id='word_1_194' title='bbox 1690 1171 1823 1220; x_wconf 84' lang='lat' dir='ltr'><strong>Magn.</strong></span> <span class='ocrx_word' id='word_1_195' title='bbox 1848 1183 1883 1220; x_wconf 77' lang='lat'>1)-</span> <span class='ocrx_word' id='word_1_196' title='bbox 1915 1174 2000 1214; x_wconf 81' lang='lat'>153,</span> <span class='ocrx_word' id='word_1_197' title='bbox 2025 1175 2088 1210; x_wconf 89' lang='lat'><strong>31.</strong></span> <span class='ocrx_word' id='word_1_198' title='bbox 2114 1174 2305 1214; x_wconf 86' lang='grc' dir='ltr'>Ἀσιάτις.</span> 
     </span>
     <span class='ocr_line' id='line_1_18' title="bbox 168 1219 2307 1278; baseline 0.006 -24"><span class='ocrx_word' id='word_1_199' title='bbox 168 1219 284 1258; x_wconf 80' lang='grc' dir='ltr'>ἰστέον</span> <span class='ocrx_word' id='word_1_200' title='bbox 301 1223 339 1259; x_wconf 82' lang='grc' dir='ltr'>δὲ</span> <span class='ocrx_word' id='word_1_201' title='bbox 356 1223 409 1260; x_wconf 83' lang='grc' dir='ltr'>ὅτι</span> <span class='ocrx_word' id='word_1_202' title='bbox 427 1225 446 1259; x_wconf 92' lang='grc' dir='ltr'><strong><em>ὁ</em></strong></span> <span class='ocrx_word' id='word_1_203' title='bbox 463 1226 636 1262; x_wconf 80' lang='grc' dir='ltr'>παντελῶς</span> <span class='ocrx_word' id='word_1_204' title='bbox 654 1225 771 1272; x_wconf 84' lang='grc' dir='ltr'>ὀλίγος</span> <span class='ocrx_word' id='word_1_205' title='bbox 789 1225 886 1272; x_wconf 83' lang='grc' dir='ltr'>ἰχθὺς</span> <span class='ocrx_word' id='word_1_206' title='bbox 910 1225 1055 1272; x_wconf 80' lang='grc' dir='ltr'>ἅπιχθυς</span> <span class='ocrx_word' id='word_1_207' title='bbox 1079 1223 1222 1272; x_wconf 82' lang='grc' dir='ltr'>ἐλέγετο</span> <span class='ocrx_word' id='word_1_208' title='bbox 1256 1223 1444 1261; x_wconf 85' lang='grc' dir='ltr'>Ἀσιάδος</span> <span class='ocrx_word' id='word_1_209' title='bbox 1468 1224 1684 1272; x_wconf 86' lang='grc' dir='ltr'>κρούματα,</span> <span class='ocrx_word' id='word_1_210' title='bbox 1707 1228 1766 1271; x_wconf 86' lang='grc' dir='ltr'>τῆς</span> <span class='ocrx_word' id='word_1_211' title='bbox 1790 1227 1937 1273; x_wconf 83' lang='grc' dir='ltr'>κιθάρας·</span> <span class='ocrx_word' id='word_1_212' title='bbox 1967 1226 2072 1264; x_wconf 71' lang='grc' dir='ltr'>οὕτως</span> <span class='ocrx_word' id='word_1_213' title='bbox 2094 1227 2307 1278; x_wconf 85' lang='grc' dir='ltr'>Ἀριστοφά-</span> 
     </span>
     <span class='ocr_line' id='line_1_19' title="bbox 165 1275 2307 1329; baseline 0.004 -17"><span class='ocrx_word' id='word_1_214' title='bbox 165 1275 258 1322; x_wconf 79' lang='grc' dir='ltr'>παρὰ</span> <span class='ocrx_word' id='word_1_215' title='bbox 279 1278 352 1314; x_wconf 86' lang='grc' dir='ltr'>τοῖς</span> <span class='ocrx_word' id='word_1_216' title='bbox 375 1280 534 1315; x_wconf 79' lang='grc' dir='ltr'>παλαιοῖς</span> <span class='ocrx_word' id='word_1_217' title='bbox 551 1279 606 1313; x_wconf 83' lang='grc' dir='ltr'>καὶ</span> <span class='ocrx_word' id='word_1_218' title='bbox 632 1278 755 1325; x_wconf 80' lang='grc' dir='ltr'>ἐδήλου</span> <span class='ocrx_word' id='word_1_219' title='bbox 773 1280 832 1315; x_wconf 87' lang='grc' dir='ltr'>τὸν</span> <span class='ocrx_word' id='word_1_220' title='bbox 855 1280 900 1326; x_wconf 89' lang='grc' dir='ltr'>μὴ</span> <span class='ocrx_word' id='word_1_221' title='bbox 929 1279 1139 1325; x_wconf 84' lang='grc' dir='ltr'>ἐσθιόμενον.</span> <span class='ocrx_word' id='word_1_222' title='bbox 1167 1278 1222 1313; x_wconf 85' lang='grc' dir='ltr'>καὶ</span> <span class='ocrx_word' id='word_1_223' title='bbox 1256 1293 1312 1323; x_wconf 86' lang='grc' dir='ltr'>νης</span> <span class='ocrx_word' id='word_1_224' title='bbox 1352 1275 1436 1320; x_wconf 84' lang='grc' dir='ltr'>εἷπε,</span> <span class='ocrx_word' id='word_1_225' title='bbox 1472 1280 1637 1327; x_wconf 81' lang='grc' dir='ltr'>παρῳδῶν</span> <span class='ocrx_word' id='word_1_226' title='bbox 1672 1279 1711 1315; x_wconf 79' lang='grc' dir='ltr'>τὸ</span> <span class='ocrx_word' id='word_1_227' title='bbox 1751 1279 1789 1322; x_wconf 82' lang='grc' dir='ltr'>ἐξ</span> <span class='ocrx_word' id='word_1_228' title='bbox 1826 1279 2013 1327; x_wconf 84' lang='grc' dir='ltr'>Ἐρεχθέως</span> <span class='ocrx_word' id='word_1_229' title='bbox 2048 1282 2245 1329; x_wconf 79' lang='grc' dir='ltr'>Εὐριπίδου.</span> <span class='ocrx_word' id='word_1_230' title='bbox 2288 1284 2307 1329; x_wconf 85' lang='grc' dir='ltr'>ἡ</span> 
     </span>
     <span class='ocr_line' id='line_1_20' title="bbox 165 1327 2305 1383; baseline 0.003 -17"><span class='ocrx_word' id='word_1_231' title='bbox 165 1327 336 1375; x_wconf 73' lang='grc' dir='ltr'>φέρουσιν</span> <span class='ocrx_word' id='word_1_232' title='bbox 362 1332 481 1367; x_wconf 84' lang='grc' dir='ltr'>ἐκεῖνοι</span> <span class='ocrx_word' id='word_1_233' title='bbox 506 1334 631 1379; x_wconf 87' lang='grc' dir='ltr'>χρῆσιν</span> <span class='ocrx_word' id='word_1_234' title='bbox 658 1334 705 1370; x_wconf 89' lang='grc' dir='ltr'>εἰς</span> <span class='ocrx_word' id='word_1_235' title='bbox 731 1335 831 1368; x_wconf 85' lang='grc' dir='ltr'>τοῦτο</span> <span class='ocrx_word' id='word_1_236' title='bbox 856 1336 892 1369; x_wconf 83' lang='grc' dir='ltr'>ἐκ</span> <span class='ocrx_word' id='word_1_237' title='bbox 913 1336 973 1368; x_wconf 89' lang='grc' dir='ltr'>τοῦ</span> <span class='ocrx_word' id='word_1_238' title='bbox 1001 1334 1157 1379; x_wconf 85' lang='grc' dir='ltr'>κωμικοῦ.</span> <span class='ocrx_word' id='word_1_239' title='bbox 1185 1332 1221 1367; x_wconf 84' lang='grc' dir='ltr'>ἐν</span> <span class='ocrx_word' id='word_1_240' title='bbox 1255 1332 1435 1379; x_wconf 83' lang='grc' dir='ltr'>τρίχορδος</span> <span class='ocrx_word' id='word_1_241' title='bbox 1475 1333 1594 1380; x_wconf 86' lang='grc' dir='ltr'>κιθάρα</span> <span class='ocrx_word' id='word_1_242' title='bbox 1634 1331 1721 1369; x_wconf 77' lang='grc' dir='ltr'>οὕτω</span> <span class='ocrx_word' id='word_1_243' title='bbox 1762 1335 1923 1369; x_wconf 82' lang='grc' dir='ltr'>καλεῖται.</span> <span class='ocrx_word' id='word_1_244' title='bbox 1967 1333 2014 1369; x_wconf 82' lang='lat' dir='ltr'>ef.</span> <span class='ocrx_word' id='word_1_245' title='bbox 2060 1332 2224 1383; x_wconf 74' lang='lat' dir='ltr'><strong>Hesych.</strong></span> <span class='ocrx_word' id='word_1_246' title='bbox 2269 1348 2305 1372; x_wconf 89' lang='lat' dir='ltr'>v.</span> 
     </span>
     <span class='ocr_line' id='line_1_21' title="bbox 164 1381 2306 1434; baseline 0.003 -16"><span class='ocrx_word' id='word_1_247' title='bbox 164 1381 278 1426; x_wconf 79' lang='grc' dir='ltr'>μέντοι</span> <span class='ocrx_word' id='word_1_248' title='bbox 309 1387 357 1434; x_wconf 76' lang='grc' dir='ltr'>τῷ</span> <span class='ocrx_word' id='word_1_249' title='bbox 391 1385 471 1433; x_wconf 85' lang='grc' dir='ltr'>περὶ</span> <span class='ocrx_word' id='word_1_250' title='bbox 501 1385 686 1432; x_wconf 84' lang='grc' dir='ltr'>ὀνομασίας</span> <span class='ocrx_word' id='word_1_251' title='bbox 720 1386 858 1431; x_wconf 81' lang='grc' dir='ltr'>ἡλικιῶν</span> <span class='ocrx_word' id='word_1_252' title='bbox 892 1390 952 1423; x_wconf 89' lang='grc' dir='ltr'>τοῦ</span> <span class='ocrx_word' id='word_1_253' title='bbox 987 1388 1219 1434; x_wconf 87' lang='grc' dir='ltr'>γραμματικοῦ</span> <span class='ocrx_word' id='word_1_254' title='bbox 1254 1385 1384 1422; x_wconf 88' lang='grc' dir='ltr'>Ἀσιάς.</span> <span class='ocrx_word' id='word_1_255' title='bbox 1421 1382 1548 1420; x_wconf 85' lang='lat' dir='ltr'><strong>Schol.</strong></span> <span class='ocrx_word' id='word_1_256' title='bbox 1581 1384 1706 1432; x_wconf 91' lang='lat' dir='ltr'>Apoll.</span> <span class='ocrx_word' id='word_1_257' title='bbox 1746 1384 1868 1421; x_wconf 89' lang='lat' dir='ltr'><strong>Rhod.</strong></span> <span class='ocrx_word' id='word_1_258' title='bbox 1908 1386 1958 1426; x_wconf 86' lang='lat' dir='ltr'>II,</span> <span class='ocrx_word' id='word_1_259' title='bbox 1998 1386 2085 1423; x_wconf 88' lang='lat'><strong><em>777.</em></strong></span> <span class='ocrx_word' id='word_1_260' title='bbox 2124 1387 2222 1425; x_wconf 90' lang='lat' dir='ltr'><strong>Plut.</strong></span> <span class='ocrx_word' id='word_1_261' title='bbox 2262 1388 2306 1425; x_wconf 85' lang='lat' dir='ltr'>de</span> 
     </span>
     <span class='ocr_line' id='line_1_22' title="bbox 165 1433 2305 1489; baseline 0.003 -18"><span class='ocrx_word' id='word_1_262' title='bbox 165 1433 436 1485; x_wconf 73' lang='grc' dir='ltr'>Ἀριστοφάνους</span> <span class='ocrx_word' id='word_1_263' title='bbox 462 1439 604 1487; x_wconf 86' lang='grc' dir='ltr'>φέρεται</span> <span class='ocrx_word' id='word_1_264' title='bbox 622 1439 674 1476; x_wconf 85' lang='grc' dir='ltr'>ὅτι</span> <span class='ocrx_word' id='word_1_265' title='bbox 701 1440 864 1487; x_wconf 82' lang='grc' dir='ltr'>ἆπίχθυες</span> <span class='ocrx_word' id='word_1_266' title='bbox 890 1441 973 1476; x_wconf 88' lang='grc' dir='ltr'>κατά</span> <span class='ocrx_word' id='word_1_267' title='bbox 999 1455 1090 1476; x_wconf 91' lang='grc' dir='ltr'>τινας</span> <span class='ocrx_word' id='word_1_268' title='bbox 1117 1440 1149 1474; x_wconf 84' lang='grc' dir='ltr'>οἶ</span> <span class='ocrx_word' id='word_1_269' title='bbox 1174 1439 1219 1485; x_wconf 91' lang='grc' dir='ltr'>μὴ</span> <span class='ocrx_word' id='word_1_270' title='bbox 1254 1437 1356 1473; x_wconf 80' lang='lat' dir='ltr'><strong>Mus.</strong></span> <span class='ocrx_word' id='word_1_271' title='bbox 1376 1449 1412 1484; x_wconf 87' lang='lat' dir='ltr'>p.</span> <span class='ocrx_word' id='word_1_272' title='bbox 1439 1439 1549 1473; x_wconf 90' lang='grc'>1133.</span> <span class='ocrx_word' id='word_1_273' title='bbox 1572 1436 1676 1474; x_wconf 81' lang='lat' dir='ltr'><strong>Suid.</strong></span> <span class='ocrx_word' id='word_1_274' title='bbox 1697 1450 1733 1474; x_wconf 82' lang='lat' dir='ltr'>v.</span> <span class='ocrx_word' id='word_1_275' title='bbox 1754 1439 1868 1474; x_wconf 84' lang='grc' dir='ltr'>Ἀσία.</span> <span class='ocrx_word' id='word_1_276' title='bbox 1893 1438 2020 1487; x_wconf 84' lang='lat' dir='ltr'><strong>Eurip.</strong></span> <span class='ocrx_word' id='word_1_277' title='bbox 2041 1438 2194 1489; x_wconf 84' lang='lat' dir='ltr'><strong>Cyclop.</strong></span> <span class='ocrx_word' id='word_1_278' title='bbox 2214 1443 2305 1478; x_wconf 86' lang='lat'><strong>443.</strong></span> 
     </span>
     <span class='ocr_line' id='line_1_23' title="bbox 165 1489 2306 1542; baseline 0.003 -19"><span class='ocrx_word' id='word_1_279' title='bbox 165 1489 335 1529; x_wconf 76' lang='grc' dir='ltr'>ἐσθίοντες</span> <span class='ocrx_word' id='word_1_280' title='bbox 366 1493 474 1539; x_wconf 83' lang='grc' dir='ltr'>ἰχθῦς.</span> <span class='ocrx_word' id='word_1_281' title='bbox 503 1494 559 1530; x_wconf 86' lang='grc' dir='ltr'>καὶ</span> <span class='ocrx_word' id='word_1_282' title='bbox 589 1493 689 1542; x_wconf 84' lang='grc' dir='ltr'>φέρει</span> <span class='ocrx_word' id='word_1_283' title='bbox 717 1494 840 1531; x_wconf 84' lang='grc' dir='ltr'>ἐκεῖνος</span> <span class='ocrx_word' id='word_1_284' title='bbox 867 1495 922 1530; x_wconf 80' lang='grc' dir='ltr'>καὶ</span> <span class='ocrx_word' id='word_1_285' title='bbox 948 1493 1220 1541; x_wconf 84' lang='grc' dir='ltr'>Ἀριστοφάνους</span> <span class='ocrx_word' id='word_1_286' title='bbox 1254 1489 1513 1537; x_wconf 84' lang='lat' dir='ltr'>Aristophanis</span> <span class='ocrx_word' id='word_1_287' title='bbox 1544 1490 1648 1526; x_wconf 81' lang='lat' dir='ltr'><strong>locus</strong></span> <span class='ocrx_word' id='word_1_288' title='bbox 1679 1496 1736 1527; x_wconf 86' lang='lat' dir='ltr'>est</span> <span class='ocrx_word' id='word_1_289' title='bbox 1762 1490 1800 1526; x_wconf 90' lang='lat' dir='ltr'>in</span> <span class='ocrx_word' id='word_1_290' title='bbox 1827 1491 1977 1527; x_wconf 83' lang='lat' dir='ltr'><strong>Thesm.</strong></span> <span class='ocrx_word' id='word_1_291' title='bbox 2012 1493 2096 1535; x_wconf 83' lang='lat'>120,</span> <span class='ocrx_word' id='word_1_292' title='bbox 2123 1493 2170 1529; x_wconf 89' lang='lat' dir='ltr'>ad</span> <span class='ocrx_word' id='word_1_293' title='bbox 2197 1506 2306 1542; x_wconf 89' lang='lat' dir='ltr'><strong>quem</strong></span> 
     </span>
    </p>
   </div>
   <div class='ocr_carea' id='block_1_7' title="bbox 163 1542 2260 1755">
    <p class='ocr_par' dir='ltr' id='par_1_9' title="bbox 163 1542 2260 1755">
     <span class='ocr_line' id='line_1_24' title="bbox 163 1542 2260 1594; baseline 0.002 -15"><span class='ocrx_word' id='word_1_294' title='bbox 163 1544 289 1590; x_wconf 81' lang='grc' dir='ltr'>χρῆσιν</span> <span class='ocrx_word' id='word_1_295' title='bbox 315 1546 354 1590; x_wconf 80' lang='grc' dir='ltr'>ἐξ</span> <span class='ocrx_word' id='word_1_296' title='bbox 380 1546 602 1594; x_wconf 85' lang='grc' dir='ltr'>Ἐρεχθέως</span> <span class='ocrx_word' id='word_1_297' title='bbox 627 1547 760 1593; x_wconf 78' lang='grc' dir='ltr'>ταύτην,</span> <span class='ocrx_word' id='word_1_298' title='bbox 1255 1543 1285 1579; x_wconf 87' lang='lat' dir='ltr'><strong>F</strong></span> <span class='ocrx_word' id='word_1_299' title='bbox 1285 1542 1479 1579; x_wconf 81' lang='lat' dir='ltr'><strong>ritzschius</strong></span> <span class='ocrx_word' id='word_1_300' title='bbox 1496 1542 1565 1579; x_wconf 84' lang='lat' dir='ltr'>hos</span> <span class='ocrx_word' id='word_1_301' title='bbox 1585 1543 1771 1592; x_wconf 83' lang='lat' dir='ltr'>Euripidis</span> <span class='ocrx_word' id='word_1_302' title='bbox 1788 1556 1917 1580; x_wconf 82' lang='lat' dir='ltr'><strong>versus</strong></span> <span class='ocrx_word' id='word_1_303' title='bbox 1935 1544 2047 1581; x_wconf 75' lang='lat' dir='ltr'><strong>fuisse</strong></span> <span class='ocrx_word' id='word_1_304' title='bbox 2067 1545 2260 1594; x_wconf 84' lang='lat' dir='ltr'><strong>opinatur:</strong></span> 
     </span>
     <span class='ocr_line' id='line_1_25' title="bbox 268 1597 1909 1650; baseline 0.001 -16"><span class='ocrx_word' id='word_1_305' title='bbox 268 1599 437 1636; x_wconf 77' lang='grc' dir='ltr'>τούνθένδ’</span> <span class='ocrx_word' id='word_1_306' title='bbox 455 1601 600 1648; x_wconf 80' lang='grc' dir='ltr'>ἀπίχθυς</span> <span class='ocrx_word' id='word_1_307' title='bbox 616 1603 674 1645; x_wconf 68' lang='grc' dir='ltr'>βαΔ</span> <span class='ocrx_word' id='word_1_308' title='bbox 685 1603 813 1650; x_wconf 88' lang='grc' dir='ltr'>βάρους</span> <span class='ocrx_word' id='word_1_309' title='bbox 831 1601 933 1636; x_wconf 79' lang='grc' dir='ltr'>οἰκεῖν</span> <span class='ocrx_word' id='word_1_310' title='bbox 951 1601 1051 1636; x_wconf 88' lang='grc' dir='ltr'>δοκῶ.</span> <span class='ocrx_word' id='word_1_311' title='bbox 1247 1602 1252 1608; x_wconf 87' lang='grc'><strong>”</strong></span> <span class='ocrx_word' id='word_1_312' title='bbox 1358 1598 1440 1632; x_wconf 84' lang='grc' dir='ltr'>κατὰ</span> <span class='ocrx_word' id='word_1_313' title='bbox 1459 1597 1495 1632; x_wconf 79' lang='grc' dir='ltr'>δέ</span> <span class='ocrx_word' id='word_1_314' title='bbox 1515 1597 1683 1645; x_wconf 85' lang='grc' dir='ltr'>κρούματά</span> <span class='ocrx_word' id='word_1_315' title='bbox 1701 1598 1729 1633; x_wconf 85' lang='grc' dir='ltr'>τ’</span> <span class='ocrx_word' id='word_1_316' title='bbox 1748 1597 1909 1636; x_wconf 84' lang='grc' dir='ltr'>Ἀσιάδος</span> 
     </span>
     <span class='ocr_line' id='line_1_26' title="bbox 214 1647 1887 1702; baseline -0.001 -14"><span class='ocrx_word' id='word_1_317' title='bbox 214 1647 345 1700; x_wconf 90' lang='grc'>(357.)</span> <span class='ocrx_word' id='word_1_318' title='bbox 376 1659 410 1689; x_wconf 91' lang='grc'>8.</span> <span class='ocrx_word' id='word_1_319' title='bbox 438 1652 616 1690; x_wconf 89' lang='lat' dir='ltr'><strong>Proverb.</strong></span> <span class='ocrx_word' id='word_1_320' title='bbox 685 1653 821 1702; x_wconf 91' lang='lat' dir='ltr'><strong>ppend.</strong></span> <span class='ocrx_word' id='word_1_321' title='bbox 850 1652 974 1690; x_wconf 88' lang='lat' dir='ltr'><strong>Vatic.</strong></span> <span class='ocrx_word' id='word_1_322' title='bbox 1004 1652 1056 1694; x_wconf 90' lang='grc' dir='ltr'>ΙΙ,</span> <span class='ocrx_word' id='word_1_323' title='bbox 1087 1654 1149 1697; x_wconf 86' lang='grc'>67,</span> <span class='ocrx_word' id='word_1_324' title='bbox 1177 1665 1215 1700; x_wconf 90' lang='lat' dir='ltr'>p.</span> <span class='ocrx_word' id='word_1_325' title='bbox 1359 1651 1523 1698; x_wconf 82' lang='grc' dir='ltr'>εὔρυθμον</span> <span class='ocrx_word' id='word_1_326' title='bbox 1539 1652 1615 1687; x_wconf 83' lang='grc' dir='ltr'>πόδ’</span> <span class='ocrx_word' id='word_1_327' title='bbox 1636 1653 1715 1698; x_wconf 85' lang='grc' dir='ltr'>ἐμὸν</span> <span class='ocrx_word' id='word_1_328' title='bbox 1734 1653 1887 1699; x_wconf 82' lang='grc' dir='ltr'>Φρυγίων</span> 
     </span>
     <span class='ocr_line' id='line_1_27' title="bbox 164 1703 1891 1755; baseline 0.001 -16"><span class='ocrx_word' id='word_1_329' title='bbox 164 1704 253 1740; x_wconf 85' lang='grc'>292.</span> <span class='ocrx_word' id='word_1_330' title='bbox 288 1703 464 1743; x_wconf 83' lang='lat' dir='ltr'><strong>Proverb.</strong></span> <span class='ocrx_word' id='word_1_331' title='bbox 485 1717 506 1742; x_wconf 85' lang='lat' dir='ltr'><strong>e</strong></span> <span class='ocrx_word' id='word_1_332' title='bbox 524 1706 607 1743; x_wconf 88' lang='lat' dir='ltr'><strong>cod.</strong></span> <span class='ocrx_word' id='word_1_333' title='bbox 634 1705 743 1743; x_wconf 83' lang='lat' dir='ltr'><strong>Bodl.</strong></span> <span class='ocrx_word' id='word_1_334' title='bbox 774 1707 861 1747; x_wconf 85' lang='lat'>632,</span> <span class='ocrx_word' id='word_1_335' title='bbox 881 1719 919 1755; x_wconf 91' lang='lat' dir='ltr'>p.</span> <span class='ocrx_word' id='word_1_336' title='bbox 942 1708 990 1744; x_wconf 91' lang='lat'>75</span> <span class='ocrx_word' id='word_1_337' title='bbox 1014 1706 1073 1743; x_wconf 83' lang='lat' dir='ltr'>ed.</span> <span class='ocrx_word' id='word_1_338' title='bbox 1097 1705 1213 1743; x_wconf 78' lang='lat' dir='ltr'><strong>Gaisf.</strong></span> <span class='ocrx_word' id='word_1_339' title='bbox 1411 1705 1466 1740; x_wconf 88' lang='grc' dir='ltr'>διά</span> <span class='ocrx_word' id='word_1_340' title='bbox 1483 1720 1515 1740; x_wconf 89' lang='grc' dir='ltr'>τι</span> <span class='ocrx_word' id='word_1_341' title='bbox 1533 1705 1703 1751; x_wconf 87' lang='grc' dir='ltr'>πνεύματα</span> <span class='ocrx_word' id='word_1_342' title='bbox 1721 1707 1891 1753; x_wconf 83' lang='grc' dir='ltr'>Χαρίτων.</span> 
     </span>
    </p>
   </div>
   <div class='ocr_carea' id='block_1_8' title="bbox 161 1754 2304 1915">
    <p class='ocr_par' dir='ltr' id='par_1_10' title="bbox 161 1754 2304 1915">
     <span class='ocr_line' id='line_1_28' title="bbox 165 1754 2303 1810; baseline 0.002 -17"><span class='ocrx_word' id='word_1_343' title='bbox 165 1755 355 1805; x_wconf 87' lang='lat' dir='ltr'><strong>(Append.</strong></span> <span class='ocrx_word' id='word_1_344' title='bbox 402 1757 480 1801; x_wconf 76' lang='lat' dir='ltr'><strong>III,</strong></span> <span class='ocrx_word' id='word_1_345' title='bbox 514 1759 564 1796; x_wconf 89' lang='grc'>97</span> <span class='ocrx_word' id='word_1_346' title='bbox 611 1759 671 1796; x_wconf 92' lang='lat' dir='ltr'>ed.</span> <span class='ocrx_word' id='word_1_347' title='bbox 719 1757 974 1807; x_wconf 87' lang='lat' dir='ltr'><strong>Schneidew.)</strong></span> <span class='ocrx_word' id='word_1_348' title='bbox 1047 1762 1218 1807; x_wconf 82' lang='grc' dir='ltr'>Μίασμα</span> <span class='ocrx_word' id='word_1_349' title='bbox 1309 1754 1434 1804; x_wconf 88' lang='grc'>(366.)</span> <span class='ocrx_word' id='word_1_350' title='bbox 1459 1770 1508 1803; x_wconf 91' lang='lat'>¹7·</span> <span class='ocrx_word' id='word_1_351' title='bbox 1540 1757 1704 1805; x_wconf 90' lang='lat' dir='ltr'><strong>Hesych.</strong></span> <span class='ocrx_word' id='word_1_352' title='bbox 1731 1763 1876 1806; x_wconf 84' lang='grc' dir='ltr'>Ζεῦγος</span> <span class='ocrx_word' id='word_1_353' title='bbox 1896 1761 2174 1808; x_wconf 79' lang='grc' dir='ltr'>τριπάρθενον“</span> <span class='ocrx_word' id='word_1_354' title='bbox 2204 1763 2303 1810; x_wconf 79' lang='grc' dir='ltr'>Εὐρι-</span> 
     </span>
     <span class='ocr_line' id='line_1_29' title="bbox 162 1810 2304 1864; baseline 0.003 -17"><span class='ocrx_word' id='word_1_355' title='bbox 162 1810 294 1857; x_wconf 82' lang='grc' dir='ltr'>δρυός·</span> <span class='ocrx_word' id='word_1_356' title='bbox 339 1813 418 1861; x_wconf 89' lang='grc' dir='ltr'>παρ’</span> <span class='ocrx_word' id='word_1_357' title='bbox 460 1814 656 1862; x_wconf 76' lang='grc' dir='ltr'>Εὐριπίδῃ</span> <span class='ocrx_word' id='word_1_358' title='bbox 693 1814 733 1850; x_wconf 87' lang='grc' dir='ltr'>ἐν</span> <span class='ocrx_word' id='word_1_359' title='bbox 766 1813 953 1862; x_wconf 85' lang='grc' dir='ltr'>Ἐρεχθεῖ</span> <span class='ocrx_word' id='word_1_360' title='bbox 992 1815 1218 1861; x_wconf 84' lang='grc' dir='ltr'>αἰνιττόμενον</span> <span class='ocrx_word' id='word_1_361' title='bbox 1252 1811 1351 1855; x_wconf 84' lang='grc' dir='ltr'>πίδης</span> <span class='ocrx_word' id='word_1_362' title='bbox 1391 1811 1558 1858; x_wconf 84' lang='grc' dir='ltr'>Ἐρεχθεῖ,</span> <span class='ocrx_word' id='word_1_363' title='bbox 1600 1813 1654 1847; x_wconf 82' lang='grc' dir='ltr'>καὶ</span> <span class='ocrx_word' id='word_1_364' title='bbox 1699 1814 1877 1859; x_wconf 84' lang='grc' dir='ltr'>Σοφοκλῆς</span> <span class='ocrx_word' id='word_1_365' title='bbox 1921 1814 2064 1864; x_wconf 75' lang='grc' dir='ltr'>Σισύφῳ</span> <span class='ocrx_word' id='word_1_366' title='bbox 2111 1819 2136 1833; x_wconf 90' lang='lat'><strong>“</strong></span> <span class='ocrx_word' id='word_1_367' title='bbox 2151 1817 2304 1863; x_wconf 81' lang='grc' dir='ltr'>Χαρίτων</span> 
     </span>
     <span class='ocr_line' id='line_1_30' title="bbox 161 1863 1456 1915; baseline 0.002 -15"><span class='ocrx_word' id='word_1_368' title='bbox 161 1866 200 1900; x_wconf 84' lang='grc' dir='ltr'>τὸ</span> <span class='ocrx_word' id='word_1_369' title='bbox 229 1867 379 1911; x_wconf 84' lang='grc' dir='ltr'>Θηβαῖον</span> <span class='ocrx_word' id='word_1_370' title='bbox 407 1864 584 1914; x_wconf 88' lang='grc' dir='ltr'>(Θηβαίων</span> <span class='ocrx_word' id='word_1_371' title='bbox 610 1863 776 1914; x_wconf 81' lang='lat' dir='ltr'><strong>Bodlei.)</strong></span> <span class='ocrx_word' id='word_1_372' title='bbox 804 1869 1028 1915; x_wconf 89' lang='grc' dir='ltr'>παρανόμημα</span> <span class='ocrx_word' id='word_1_373' title='bbox 1052 1869 1099 1905; x_wconf 88' lang='grc' dir='ltr'>εἰς</span> <span class='ocrx_word' id='word_1_374' title='bbox 1120 1869 1160 1904; x_wconf 85' lang='grc' dir='ltr'>τὸ</span> <span class='ocrx_word' id='word_1_375' title='bbox 1183 1869 1218 1904; x_wconf 90' lang='grc' dir='ltr'>ἐν</span> <span class='ocrx_word' id='word_1_376' title='bbox 1252 1863 1456 1912; x_wconf 75' lang='grc' dir='ltr'>Τριζῦγων-”</span> 
     </span>
    </p>
   </div>
   <div class='ocr_carea' id='block_1_9' title="bbox 161 1916 2299 2877">
    <p class='ocr_par' dir='ltr' id='par_1_11' title="bbox 161 1916 2299 2877">
     <span class='ocr_line' id='line_1_31' title="bbox 161 1916 1915 1970; baseline 0.004 -16"><span class='ocrx_word' id='word_1_377' title='bbox 161 1919 306 1965; x_wconf 78' lang='grc' dir='ltr'>Δωδώνῃ</span> <span class='ocrx_word' id='word_1_378' title='bbox 331 1923 500 1966; x_wconf 84' lang='grc' dir='ltr'>μαντεῖον.</span> <span class='ocrx_word' id='word_1_379' title='bbox 521 1943 575 1948; x_wconf 86' lang='grc'><strong>-</strong></span> <span class='ocrx_word' id='word_1_380' title='bbox 590 1940 646 1946; x_wconf 89' lang='lat'>--</span> <span class='ocrx_word' id='word_1_381' title='bbox 661 1920 840 1966; x_wconf 85' lang='grc' dir='ltr'>ἠσέβησαν</span> <span class='ocrx_word' id='word_1_382' title='bbox 865 1923 932 1970; x_wconf 87' lang='grc' dir='ltr'>γὰρ</span> <span class='ocrx_word' id='word_1_383' title='bbox 951 1922 998 1958; x_wconf 81' lang='grc' dir='ltr'>εἷς</span> <span class='ocrx_word' id='word_1_384' title='bbox 1019 1921 1079 1968; x_wconf 88' lang='grc' dir='ltr'>τὴν</span> <span class='ocrx_word' id='word_1_385' title='bbox 1097 1922 1218 1969; x_wconf 77' lang='grc' dir='ltr'>ἱέρειαν</span> <span class='ocrx_word' id='word_1_386' title='bbox 1309 1918 1434 1963; x_wconf 77' lang='grc'>(367·)</span> <span class='ocrx_word' id='word_1_387' title='bbox 1462 1923 1510 1954; x_wconf 87' lang='lat'>¹8·</span> <span class='ocrx_word' id='word_1_388' title='bbox 1542 1916 1712 1954; x_wconf 71' lang='lat' dir='ltr'>StObaeUS</span> <span class='ocrx_word' id='word_1_389' title='bbox 1730 1917 1832 1961; x_wconf 73' lang='lat' dir='ltr'>LIV,</span> <span class='ocrx_word' id='word_1_390' title='bbox 1858 1920 1915 1956; x_wconf 80' lang='lat'>14·</span> 
     </span>
     <span class='ocr_line' id='line_1_32' title="bbox 161 1972 2154 2022; baseline 0.003 -15"><span class='ocrx_word' id='word_1_391' title='bbox 161 1972 374 2016; x_wconf 84' lang='grc' dir='ltr'>εἰςβαλόντες</span> <span class='ocrx_word' id='word_1_392' title='bbox 397 1975 499 2020; x_wconf 78' lang='grc' dir='ltr'>αὐτὴν</span> <span class='ocrx_word' id='word_1_393' title='bbox 528 1976 575 2013; x_wconf 91' lang='grc' dir='ltr'>εἰς</span> <span class='ocrx_word' id='word_1_394' title='bbox 605 1976 665 2011; x_wconf 87' lang='grc' dir='ltr'>τὸν</span> <span class='ocrx_word' id='word_1_395' title='bbox 696 1975 731 2010; x_wconf 85' lang='grc' dir='ltr'>ἐν</span> <span class='ocrx_word' id='word_1_396' title='bbox 762 1976 907 2020; x_wconf 83' lang='grc' dir='ltr'>Δωδώνῃ</span> <span class='ocrx_word' id='word_1_397' title='bbox 935 1974 1065 2019; x_wconf 88' lang='grc' dir='ltr'>λέβητα</span> <span class='ocrx_word' id='word_1_398' title='bbox 1101 1976 1217 2020; x_wconf 78' lang='grc' dir='ltr'>ζέοντα</span> <span class='ocrx_word' id='word_1_399' title='bbox 1360 1976 1462 2007; x_wconf 65' lang='lat' dir='ltr'>Mur&amp;</span> <span class='ocrx_word' id='word_1_400' title='bbox 1481 1972 1522 2014; x_wconf 77' lang='grc' dir='ltr'>δ’,</span> <span class='ocrx_word' id='word_1_401' title='bbox 1542 1972 1622 2008; x_wconf 70' lang='grc' dir='ltr'>ὅταν</span> <span class='ocrx_word' id='word_1_402' title='bbox 1639 1988 1690 2010; x_wconf 68' lang='grc' dir='ltr'>τις</span> <span class='ocrx_word' id='word_1_403' title='bbox 1708 1975 1760 2008; x_wconf 75' lang='grc' dir='ltr'>Καὶ</span> <span class='ocrx_word' id='word_1_404' title='bbox 1779 1974 1903 2019; x_wconf 73' lang='grc' dir='ltr'>χθονὸς</span> <span class='ocrx_word' id='word_1_405' title='bbox 1921 1976 2154 2022; x_wconf 76' lang='grc' dir='ltr'>στρατηλάτης</span> 
     </span>
     <span class='ocr_line' id='line_1_33' title="bbox 161 2026 2094 2076; baseline 0.002 -15"><span class='ocrx_word' id='word_1_406' title='bbox 161 2026 326 2074; x_wconf 82' lang='grc' dir='ltr'>ἐρωτικῶς</span> <span class='ocrx_word' id='word_1_407' title='bbox 348 2028 560 2065; x_wconf 86' lang='grc' dir='ltr'>διατεθεῖσαν</span> <span class='ocrx_word' id='word_1_408' title='bbox 582 2029 629 2065; x_wconf 90' lang='grc' dir='ltr'>εἰς</span> <span class='ocrx_word' id='word_1_409' title='bbox 661 2028 718 2064; x_wconf 82' lang='grc' dir='ltr'>ἕνα</span> <span class='ocrx_word' id='word_1_410' title='bbox 743 2033 810 2065; x_wconf 90' lang='grc' dir='ltr'>τῶν</span> <span class='ocrx_word' id='word_1_411' title='bbox 833 2027 1098 2076; x_wconf 53' lang='lat' dir='ltr'><strong>&amp;comba—Cf.</strong></span> <span class='ocrx_word' id='word_1_412' title='bbox 1117 2027 1212 2076; x_wconf 84' lang='lat' dir='ltr'><strong>fgm.</strong></span> <span class='ocrx_word' id='word_1_413' title='bbox 1357 2026 1402 2070; x_wconf 87' lang='grc' dir='ltr'>μὴ</span> <span class='ocrx_word' id='word_1_414' title='bbox 1420 2027 1507 2061; x_wconf 77' lang='grc' dir='ltr'>πᾶσι</span> <span class='ocrx_word' id='word_1_415' title='bbox 1525 2027 1658 2062; x_wconf 79' lang='grc' dir='ltr'>πάντων</span> <span class='ocrx_word' id='word_1_416' title='bbox 1675 2027 1860 2075; x_wconf 76' lang='grc' dir='ltr'>προσφέρῃ</span> <span class='ocrx_word' id='word_1_417' title='bbox 1878 2029 2094 2075; x_wconf 86' lang='grc' dir='ltr'>μειλίγματα.</span> 
     </span>
     <span class='ocr_line' id='line_1_34' title="bbox 162 2076 2299 2125; baseline 0.002 -10"><span class='ocrx_word' id='word_1_418' title='bbox 162 2076 233 2115; x_wconf 86' lang='lat' dir='ltr'>VI.</span> <span class='ocrx_word' id='word_1_419' title='bbox 1307 2076 1433 2125; x_wconf 88' lang='lat'>(368.)</span> <span class='ocrx_word' id='word_1_420' title='bbox 1460 2093 1507 2125; x_wconf 91' lang='lat'>¹9·</span> <span class='ocrx_word' id='word_1_421' title='bbox 1538 2077 1709 2114; x_wconf 79' lang='lat' dir='ltr'><strong>Stoboeus</strong></span> <span class='ocrx_word' id='word_1_422' title='bbox 1739 2078 1885 2123; x_wconf 90' lang='lat' dir='ltr'><strong>XXIX,</strong></span> <span class='ocrx_word' id='word_1_423' title='bbox 1919 2082 1978 2116; x_wconf 93' lang='grc'>11.</span> <span class='ocrx_word' id='word_1_424' title='bbox 2010 2080 2127 2117; x_wconf 91' lang='lat' dir='ltr'><strong>Orion</strong></span> <span class='ocrx_word' id='word_1_425' title='bbox 2153 2081 2299 2119; x_wconf 87' lang='lat' dir='ltr'><strong>Antho-</strong></span> 
     </span>
     <span class='ocr_line' id='line_1_35' title="bbox 215 2130 2018 2182; baseline -0.001 -13"><span class='ocrx_word' id='word_1_426' title='bbox 215 2132 341 2179; x_wconf 89' lang='lat'><strong>(358.)</strong></span> <span class='ocrx_word' id='word_1_427' title='bbox 362 2149 394 2181; x_wconf 90' lang='lat'>9.</span> <span class='ocrx_word' id='word_1_428' title='bbox 421 2132 591 2171; x_wconf 87' lang='lat' dir='ltr'><strong>Stobaeus</strong></span> <span class='ocrx_word' id='word_1_429' title='bbox 606 2132 708 2176; x_wconf 91' lang='lat' dir='ltr'><strong>LIX,</strong></span> <span class='ocrx_word' id='word_1_430' title='bbox 732 2133 792 2169; x_wconf 90' lang='grc'>13.</span> <span class='ocrx_word' id='word_1_431' title='bbox 808 2132 941 2171; x_wconf 76' lang='lat' dir='ltr'><strong>Arsen.</strong></span> <span class='ocrx_word' id='word_1_432' title='bbox 958 2131 1060 2170; x_wconf 93' lang='lat' dir='ltr'><strong>Viol.</strong></span> <span class='ocrx_word' id='word_1_433' title='bbox 1075 2145 1113 2182; x_wconf 92' lang='lat' dir='ltr'>p.</span> <span class='ocrx_word' id='word_1_434' title='bbox 1136 2133 1209 2170; x_wconf 85' lang='lat'>365</span> <span class='ocrx_word' id='word_1_435' title='bbox 1249 2130 1350 2180; x_wconf 89' lang='lat' dir='ltr'><strong>logn-</strong></span> <span class='ocrx_word' id='word_1_436' title='bbox 1371 2130 1460 2175; x_wconf 93' lang='lat' dir='ltr'><strong>VII,</strong></span> <span class='ocrx_word' id='word_1_437' title='bbox 1484 2134 1518 2174; x_wconf 84' lang='lat'>2,</span> <span class='ocrx_word' id='word_1_438' title='bbox 1539 2144 1576 2179; x_wconf 92' lang='lat' dir='ltr'>p.</span> <span class='ocrx_word' id='word_1_439' title='bbox 1599 2133 1644 2167; x_wconf 89' lang='lat'>51</span> <span class='ocrx_word' id='word_1_440' title='bbox 1668 2131 1726 2168; x_wconf 88' lang='lat' dir='ltr'>ed.</span> <span class='ocrx_word' id='word_1_441' title='bbox 1749 2131 2018 2170; x_wconf 87' lang='lat' dir='ltr'><strong>Schneidewin.</strong></span> 
     </span>
     <span class='ocr_line' id='line_1_36' title="bbox 161 2184 2158 2236; baseline 0.002 -15"><span class='ocrx_word' id='word_1_442' title='bbox 161 2184 218 2221; x_wconf 84' lang='lat' dir='ltr'>ed.</span> <span class='ocrx_word' id='word_1_443' title='bbox 238 2184 360 2222; x_wconf 83' lang='lat' dir='ltr'><strong>Walz.</strong></span> <span class='ocrx_word' id='word_1_444' title='bbox 382 2186 459 2222; x_wconf 80' lang='lat' dir='ltr'><strong>Sine</strong></span> <span class='ocrx_word' id='word_1_445' title='bbox 476 2199 577 2224; x_wconf 90' lang='lat' dir='ltr'><strong>nom.</strong></span> <span class='ocrx_word' id='word_1_446' title='bbox 599 2191 695 2223; x_wconf 85' lang='lat' dir='ltr'><strong>auct.</strong></span> <span class='ocrx_word' id='word_1_447' title='bbox 717 2190 755 2222; x_wconf 84' lang='lat' dir='ltr'>et</span> <span class='ocrx_word' id='word_1_448' title='bbox 771 2185 846 2222; x_wconf 88' lang='lat' dir='ltr'><strong>fab.</strong></span> <span class='ocrx_word' id='word_1_449' title='bbox 1355 2185 1415 2220; x_wconf 90' lang='grc' dir='ltr'>Ἐκ</span> <span class='ocrx_word' id='word_1_450' title='bbox 1433 2190 1498 2221; x_wconf 90' lang='grc' dir='ltr'>τῶν</span> <span class='ocrx_word' id='word_1_451' title='bbox 1515 2188 1628 2221; x_wconf 88' lang='grc' dir='ltr'>πόνων</span> <span class='ocrx_word' id='word_1_452' title='bbox 1645 2201 1696 2221; x_wconf 87' lang='grc' dir='ltr'>τοι</span> <span class='ocrx_word' id='word_1_453' title='bbox 1714 2186 1834 2233; x_wconf 87' lang='grc' dir='ltr'>τάγάθ’</span> <span class='ocrx_word' id='word_1_454' title='bbox 1854 2188 1990 2232; x_wconf 77' lang='grc' dir='ltr'>αὔξεται</span> <span class='ocrx_word' id='word_1_455' title='bbox 2007 2191 2158 2236; x_wconf 79' lang='grc' dir='ltr'>βροτοῖς·</span> 
     </span>
     <span class='ocr_line' id='line_1_37' title="bbox 266 2238 1968 2290; baseline 0.001 -15"><span class='ocrx_word' id='word_1_456' title='bbox 266 2243 358 2277; x_wconf 83' lang='grc' dir='ltr'>Ναῦς</span> <span class='ocrx_word' id='word_1_457' title='bbox 376 2240 396 2286; x_wconf 84' lang='grc' dir='ltr'>ἡ</span> <span class='ocrx_word' id='word_1_458' title='bbox 414 2242 559 2289; x_wconf 83' lang='grc' dir='ltr'>μεγίστη</span> <span class='ocrx_word' id='word_1_459' title='bbox 578 2244 741 2290; x_wconf 87' lang='grc' dir='ltr'>κρεῖσσον</span> <span class='ocrx_word' id='word_1_460' title='bbox 761 2241 780 2286; x_wconf 87' lang='grc' dir='ltr'>ἦ</span> <span class='ocrx_word' id='word_1_461' title='bbox 798 2242 918 2288; x_wconf 85' lang='grc' dir='ltr'>μικρὸν</span> <span class='ocrx_word' id='word_1_462' title='bbox 937 2242 1084 2289; x_wconf 89' lang='grc' dir='ltr'>σκάφος.</span> <span class='ocrx_word' id='word_1_463' title='bbox 1356 2241 1374 2274; x_wconf 87' lang='grc' dir='ltr'>ὁ</span> <span class='ocrx_word' id='word_1_464' title='bbox 1393 2238 1421 2274; x_wconf 80' lang='grc' dir='ltr'>δ’</span> <span class='ocrx_word' id='word_1_465' title='bbox 1441 2239 1522 2284; x_wconf 81' lang='grc' dir='ltr'>ἡδὺς</span> <span class='ocrx_word' id='word_1_466' title='bbox 1539 2240 1620 2274; x_wconf 88' lang='grc' dir='ltr'>αἰὼν</span> <span class='ocrx_word' id='word_1_467' title='bbox 1637 2239 1656 2284; x_wconf 89' lang='grc' dir='ltr'>ἡ</span> <span class='ocrx_word' id='word_1_468' title='bbox 1676 2239 1756 2285; x_wconf 88' lang='grc' dir='ltr'>κακή</span> <span class='ocrx_word' id='word_1_469' title='bbox 1775 2241 1803 2275; x_wconf 82' lang='grc' dir='ltr'>τ’</span> <span class='ocrx_word' id='word_1_470' title='bbox 1823 2241 1968 2287; x_wconf 85' lang='grc' dir='ltr'>ἀτολμία</span> 
     </span>
     <span class='ocr_line' id='line_1_38' title="bbox 215 2289 2035 2342; baseline 0.001 -14"><span class='ocrx_word' id='word_1_471' title='bbox 215 2289 342 2338; x_wconf 88' lang='grc'>(359.)</span> <span class='ocrx_word' id='word_1_472' title='bbox 365 2309 416 2329; x_wconf 82' lang='lat'>10.</span> <span class='ocrx_word' id='word_1_473' title='bbox 447 2292 618 2330; x_wconf 87' lang='lat' dir='ltr'><strong>Stobaeus</strong></span> <span class='ocrx_word' id='word_1_474' title='bbox 635 2292 700 2335; x_wconf 82' lang='lat' dir='ltr'>LI,</span> <span class='ocrx_word' id='word_1_475' title='bbox 724 2295 785 2329; x_wconf 85' lang='lat'>12.</span> <span class='ocrx_word' id='word_1_476' title='bbox 1352 2292 1421 2328; x_wconf 81' lang='grc' dir='ltr'>οὔτ’</span> <span class='ocrx_word' id='word_1_477' title='bbox 1441 2291 1532 2329; x_wconf 82' lang='grc' dir='ltr'>οἷκον</span> <span class='ocrx_word' id='word_1_478' title='bbox 1550 2295 1626 2329; x_wconf 81' lang='grc' dir='ltr'>οὔτε</span> <span class='ocrx_word' id='word_1_479' title='bbox 1644 2294 1762 2335; x_wconf 88' lang='grc' dir='ltr'>βίοτον</span> <span class='ocrx_word' id='word_1_480' title='bbox 1780 2295 1877 2331; x_wconf 75' lang='grc' dir='ltr'>οὐδὲν</span> <span class='ocrx_word' id='word_1_481' title='bbox 1895 2296 2035 2342; x_wconf 82' lang='grc' dir='ltr'>ὠφελεῖ.</span> 
     </span>
     <span class='ocr_line' id='line_1_39' title="bbox 263 2341 2096 2396; baseline 0.001 -14"><span class='ocrx_word' id='word_1_482' title='bbox 263 2345 423 2394; x_wconf 91' lang='grc' dir='ltr'>Ὀλίγους</span> <span class='ocrx_word' id='word_1_483' title='bbox 441 2347 564 2384; x_wconf 79' lang='grc' dir='ltr'>ἐπαινῶ</span> <span class='ocrx_word' id='word_1_484' title='bbox 581 2349 714 2395; x_wconf 79' lang='grc' dir='ltr'>μᾶλλον</span> <span class='ocrx_word' id='word_1_485' title='bbox 732 2346 751 2392; x_wconf 83' lang='grc' dir='ltr'>ἢ</span> <span class='ocrx_word' id='word_1_486' title='bbox 769 2347 921 2384; x_wconf 82' lang='grc' dir='ltr'>πολλοὺς</span> <span class='ocrx_word' id='word_1_487' title='bbox 939 2347 1070 2385; x_wconf 85' lang='grc' dir='ltr'>κακούς.</span> <span class='ocrx_word' id='word_1_488' title='bbox 1301 2341 1428 2395; x_wconf 88' lang='grc'>(369.)</span> <span class='ocrx_word' id='word_1_489' title='bbox 1449 2361 1501 2383; x_wconf 91' lang='lat'>20.</span> <span class='ocrx_word' id='word_1_490' title='bbox 1530 2344 1721 2394; x_wconf 77' lang='lat' dir='ltr'><strong>Aristoph.</strong></span> <span class='ocrx_word' id='word_1_491' title='bbox 1741 2345 1897 2395; x_wconf 75' lang='lat' dir='ltr'><strong>Lysistr.</strong></span> <span class='ocrx_word' id='word_1_492' title='bbox 1921 2348 2019 2383; x_wconf 88' lang='lat'>1129</span> <span class='ocrx_word' id='word_1_493' title='bbox 2040 2359 2096 2396; x_wconf 88' lang='lat' dir='ltr'>sq.</span> 
     </span>
     <span class='ocr_line' id='line_1_40' title="bbox 213 2397 1887 2447; baseline 0.001 -14"><span class='ocrx_word' id='word_1_494' title='bbox 213 2397 340 2447; x_wconf 85' lang='lat'><strong>(360.)</strong></span> <span class='ocrx_word' id='word_1_495' title='bbox 364 2415 412 2437; x_wconf 78' lang='grc' dir='ltr'>ιι.</span> <span class='ocrx_word' id='word_1_496' title='bbox 443 2398 615 2436; x_wconf 82' lang='lat' dir='ltr'><strong>Stobaeus</strong></span> <span class='ocrx_word' id='word_1_497' title='bbox 632 2398 735 2441; x_wconf 90' lang='lat' dir='ltr'><strong>LIV,</strong></span> <span class='ocrx_word' id='word_1_498' title='bbox 761 2401 820 2435; x_wconf 88' lang='lat'>12.</span> <span class='ocrx_word' id='word_1_499' title='bbox 1458 2420 1512 2425; x_wconf 88' lang='lat'>—</span> <span class='ocrx_word' id='word_1_500' title='bbox 1537 2419 1591 2424; x_wconf 84' lang='lat'>--</span> <span class='ocrx_word' id='word_1_501' title='bbox 1617 2398 1649 2435; x_wconf 81' lang='grc' dir='ltr'>οἳ</span> <span class='ocrx_word' id='word_1_502' title='bbox 1674 2419 1729 2425; x_wconf 84' lang='grc'><strong>-</strong></span> <span class='ocrx_word' id='word_1_503' title='bbox 1753 2419 1808 2426; x_wconf 82' lang='grc'><strong>-</strong></span> <span class='ocrx_word' id='word_1_504' title='bbox 1833 2419 1887 2427; x_wconf 84' lang='lat'>-—</span> 
     </span>
     <span class='ocr_line' id='line_1_41' title="bbox 265 2453 2297 2503; baseline 0 -13"><span class='ocrx_word' id='word_1_505' title='bbox 265 2453 325 2490; x_wconf 66' lang='grc' dir='ltr'>Ὠς</span> <span class='ocrx_word' id='word_1_506' title='bbox 343 2454 408 2490; x_wconf 83' lang='grc' dir='ltr'>σὺν</span> <span class='ocrx_word' id='word_1_507' title='bbox 426 2454 536 2491; x_wconf 85' lang='grc' dir='ltr'>θεοῖσι</span> <span class='ocrx_word' id='word_1_508' title='bbox 553 2455 631 2491; x_wconf 78' lang='grc' dir='ltr'>τοὺς</span> <span class='ocrx_word' id='word_1_509' title='bbox 649 2454 784 2501; x_wconf 80' lang='grc' dir='ltr'>σοφούς</span> <span class='ocrx_word' id='word_1_510' title='bbox 802 2457 902 2490; x_wconf 88' lang='grc' dir='ltr'>κινεῖν</span> <span class='ocrx_word' id='word_1_511' title='bbox 920 2455 1002 2501; x_wconf 89' lang='grc' dir='ltr'>δόρυ</span> <span class='ocrx_word' id='word_1_512' title='bbox 1351 2454 1488 2499; x_wconf 83' lang='grc' dir='ltr'>βωμοὺς</span> <span class='ocrx_word' id='word_1_513' title='bbox 1505 2455 1786 2501; x_wconf 73' lang='grc' dir='ltr'>περιρραίνοντες,</span> <span class='ocrx_word' id='word_1_514' title='bbox 1808 2455 1925 2503; x_wconf 83' lang='grc' dir='ltr'>ὥσπερ</span> <span class='ocrx_word' id='word_1_515' title='bbox 1935 2455 2126 2503; x_wconf 71' lang='grc' dir='ltr'>ξυγγενεῖς,</span> <span class='ocrx_word' id='word_1_516' title='bbox 2217 2472 2297 2502; x_wconf 74' lang='lat'>¹¹30</span> 
     </span>
     <span class='ocr_line' id='line_1_42' title="bbox 265 2506 2240 2556; baseline 0.003 -14"><span class='ocrx_word' id='word_1_517' title='bbox 265 2509 498 2555; x_wconf 81' lang='grc' dir='ltr'>στρατηλάτας</span> <span class='ocrx_word' id='word_1_518' title='bbox 514 2509 592 2556; x_wconf 89' lang='grc' dir='ltr'>χρὴ,</span> <span class='ocrx_word' id='word_1_519' title='bbox 611 2511 678 2544; x_wconf 85' lang='grc' dir='ltr'>τῶν</span> <span class='ocrx_word' id='word_1_520' title='bbox 696 2508 781 2543; x_wconf 84' lang='grc' dir='ltr'>θεῶν</span> <span class='ocrx_word' id='word_1_521' title='bbox 798 2508 835 2543; x_wconf 81' lang='grc' dir='ltr'>δὲ</span> <span class='ocrx_word' id='word_1_522' title='bbox 853 2508 898 2554; x_wconf 83' lang='grc' dir='ltr'>μὴ</span> <span class='ocrx_word' id='word_1_523' title='bbox 916 2508 988 2553; x_wconf 81' lang='grc' dir='ltr'>βίᾳ.</span> <span class='ocrx_word' id='word_1_524' title='bbox 1351 2506 1634 2553; x_wconf 88' lang='grc' dir='ltr'>Ὀλυμπίασιν,</span> <span class='ocrx_word' id='word_1_525' title='bbox 1664 2507 1704 2543; x_wconf 86' lang='grc' dir='ltr'>ἐν</span> <span class='ocrx_word' id='word_1_526' title='bbox 1730 2507 1897 2551; x_wconf 81' lang='grc' dir='ltr'>Πύλαις,</span> <span class='ocrx_word' id='word_1_527' title='bbox 1926 2510 2240 2547; x_wconf 80' lang='grc' dir='ltr'>Πυθοῖ-πόσους</span> 
     </span>
     <span class='ocr_line' id='line_1_43' title="bbox 215 2557 2136 2607; baseline 0.001 -11"><span class='ocrx_word' id='word_1_528' title='bbox 215 2557 340 2607; x_wconf 88' lang='grc'>(361.)</span> <span class='ocrx_word' id='word_1_529' title='bbox 363 2575 411 2597; x_wconf 88' lang='lat'>12.</span> <span class='ocrx_word' id='word_1_530' title='bbox 442 2560 613 2597; x_wconf 85' lang='lat' dir='ltr'><strong>Stobaeus</strong></span> <span class='ocrx_word' id='word_1_531' title='bbox 632 2558 734 2602; x_wconf 89' lang='lat' dir='ltr'>LIV,</span> <span class='ocrx_word' id='word_1_532' title='bbox 758 2561 816 2596; x_wconf 88' lang='lat'>13.</span> <span class='ocrx_word' id='word_1_533' title='bbox 1352 2559 1474 2606; x_wconf 78' lang='grc' dir='ltr'>εἴποιμ’</span> <span class='ocrx_word' id='word_1_534' title='bbox 1492 2561 1533 2596; x_wconf 85' lang='grc' dir='ltr'>ἂν</span> <span class='ocrx_word' id='word_1_535' title='bbox 1550 2561 1688 2603; x_wconf 77' lang='grc' dir='ltr'>ἅλλους,</span> <span class='ocrx_word' id='word_1_536' title='bbox 1710 2559 1741 2596; x_wconf 80' lang='grc' dir='ltr'>εἴ</span> <span class='ocrx_word' id='word_1_537' title='bbox 1756 2577 1798 2607; x_wconf 91' lang='grc' dir='ltr'>με</span> <span class='ocrx_word' id='word_1_538' title='bbox 1815 2561 1970 2607; x_wconf 76' lang='grc' dir='ltr'>μηκύνειν</span> <span class='ocrx_word' id='word_1_539' title='bbox 1988 2563 2058 2598; x_wconf 84' lang='grc' dir='ltr'>δέοι</span> <span class='ocrx_word' id='word_1_540' title='bbox 2071 2575 2136 2603; x_wconf 81' lang='lat'>3—</span> 
     </span>
     <span class='ocr_line' id='line_1_44' title="bbox 265 2611 2146 2664; baseline 0.002 -15"><span class='ocrx_word' id='word_1_541' title='bbox 265 2614 385 2652; x_wconf 77' lang='grc' dir='ltr'>Οὐδεὶς</span> <span class='ocrx_word' id='word_1_542' title='bbox 402 2614 614 2662; x_wconf 71' lang='grc' dir='ltr'>στρατεύσας</span> <span class='ocrx_word' id='word_1_543' title='bbox 631 2614 728 2649; x_wconf 74' lang='grc' dir='ltr'>ἄδικα</span> <span class='ocrx_word' id='word_1_544' title='bbox 746 2618 817 2650; x_wconf 89' lang='grc' dir='ltr'>σῶς</span> <span class='ocrx_word' id='word_1_545' title='bbox 835 2611 939 2658; x_wconf 84' lang='grc' dir='ltr'>ἦλθεν</span> <span class='ocrx_word' id='word_1_546' title='bbox 955 2613 1068 2649; x_wconf 86' lang='grc' dir='ltr'>πάλιν.</span> <span class='ocrx_word' id='word_1_547' title='bbox 1351 2614 1483 2661; x_wconf 90' lang='grc' dir='ltr'>ἐχθρῶν</span> <span class='ocrx_word' id='word_1_548' title='bbox 1499 2616 1674 2662; x_wconf 88' lang='grc' dir='ltr'>παρόντων</span> <span class='ocrx_word' id='word_1_549' title='bbox 1690 2616 1876 2662; x_wconf 88' lang='grc' dir='ltr'>βαρβάρων</span> <span class='ocrx_word' id='word_1_550' title='bbox 1894 2616 2146 2664; x_wconf 78' lang='grc' dir='ltr'>στρατεύμασιν</span> 
     </span>
     <span class='ocr_line' id='line_1_45' title="bbox 211 2663 2062 2715; baseline 0.001 -13"><span class='ocrx_word' id='word_1_551' title='bbox 211 2663 340 2715; x_wconf 85' lang='lat'><strong>(362.)</strong></span> <span class='ocrx_word' id='word_1_552' title='bbox 361 2681 421 2712; x_wconf 72' lang='grc'>13..</span> <span class='ocrx_word' id='word_1_553' title='bbox 442 2665 614 2703; x_wconf 83' lang='lat' dir='ltr'><strong>Stobaeus</strong></span> <span class='ocrx_word' id='word_1_554' title='bbox 632 2664 774 2707; x_wconf 85' lang='lat' dir='ltr'><strong>XCIV,</strong></span> <span class='ocrx_word' id='word_1_555' title='bbox 798 2666 857 2701; x_wconf 92' lang='lat'>10.</span> <span class='ocrx_word' id='word_1_556' title='bbox 1344 2666 1514 2713; x_wconf 84' lang='grc' dir='ltr'>Ἕλληνας</span> <span class='ocrx_word' id='word_1_557' title='bbox 1532 2668 1655 2714; x_wconf 74' lang='grc' dir='ltr'>ἄνδρας</span> <span class='ocrx_word' id='word_1_558' title='bbox 1673 2668 1726 2702; x_wconf 79' lang='grc' dir='ltr'>καὶ</span> <span class='ocrx_word' id='word_1_559' title='bbox 1743 2670 1861 2706; x_wconf 83' lang='grc' dir='ltr'>πόλεις</span> <span class='ocrx_word' id='word_1_560' title='bbox 1878 2669 2062 2706; x_wconf 80' lang='grc' dir='ltr'>ἀπόλλυτε.</span> 
     </span>
     <span class='ocr_line' id='line_1_46' title="bbox 262 2718 2234 2772; baseline 0.002 -16"><span class='ocrx_word' id='word_1_561' title='bbox 262 2721 329 2758; x_wconf 82' lang='grc' dir='ltr'>Τὰς</span> <span class='ocrx_word' id='word_1_562' title='bbox 347 2721 466 2757; x_wconf 78' lang='grc' dir='ltr'>οὐσίας</span> <span class='ocrx_word' id='word_1_563' title='bbox 482 2722 548 2768; x_wconf 85' lang='grc' dir='ltr'>γὰρ</span> <span class='ocrx_word' id='word_1_564' title='bbox 566 2721 699 2766; x_wconf 84' lang='grc' dir='ltr'>μᾶλλον</span> <span class='ocrx_word' id='word_1_565' title='bbox 716 2718 735 2765; x_wconf 88' lang='grc' dir='ltr'>ἢ</span> <span class='ocrx_word' id='word_1_566' title='bbox 753 2720 814 2756; x_wconf 85' lang='grc' dir='ltr'>τὰς</span> <span class='ocrx_word' id='word_1_567' title='bbox 831 2720 984 2767; x_wconf 84' lang='grc' dir='ltr'>ἁρπαγὰς</span> <span class='ocrx_word' id='word_1_568' title='bbox 1348 2719 1405 2758; x_wconf 78' lang='grc' dir='ltr'>εἷς</span> <span class='ocrx_word' id='word_1_569' title='bbox 1430 2722 1501 2767; x_wconf 82' lang='grc' dir='ltr'>μὲν</span> <span class='ocrx_word' id='word_1_570' title='bbox 1527 2723 1650 2768; x_wconf 91' lang='grc' dir='ltr'>λόγος</span> <span class='ocrx_word' id='word_1_571' title='bbox 1676 2736 1743 2767; x_wconf 90' lang='grc' dir='ltr'>μοι</span> <span class='ocrx_word' id='word_1_572' title='bbox 1770 2722 1873 2770; x_wconf 83' lang='grc' dir='ltr'>δεῦρ’</span> <span class='ocrx_word' id='word_1_573' title='bbox 1902 2723 1962 2758; x_wconf 78' lang='grc' dir='ltr'>ἀεὶ</span> <span class='ocrx_word' id='word_1_574' title='bbox 1988 2724 2234 2772; x_wconf 86' lang='grc' dir='ltr'>περαίνεται.</span> 
     </span>
     <span class='ocr_line' id='line_1_47' title="bbox 260 2770 2293 2820; baseline 0.002 -11"><span class='ocrx_word' id='word_1_575' title='bbox 260 2776 359 2820; x_wconf 80' lang='grc' dir='ltr'>τιμᾶν</span> <span class='ocrx_word' id='word_1_576' title='bbox 377 2775 516 2810; x_wconf 80' lang='grc' dir='ltr'>δίκαιον·</span> <span class='ocrx_word' id='word_1_577' title='bbox 546 2777 623 2810; x_wconf 84' lang='grc' dir='ltr'>οὔτε</span> <span class='ocrx_word' id='word_1_578' title='bbox 640 2774 706 2820; x_wconf 81' lang='grc' dir='ltr'>γὰρ</span> <span class='ocrx_word' id='word_1_579' title='bbox 724 2775 872 2809; x_wconf 87' lang='grc' dir='ltr'>πλοῦτός</span> <span class='ocrx_word' id='word_1_580' title='bbox 889 2788 972 2808; x_wconf 88' lang='grc' dir='ltr'>ποτε</span> <span class='ocrx_word' id='word_1_581' title='bbox 1242 2770 1304 2806; x_wconf 87' lang='lat' dir='ltr'>Ad</span> <span class='ocrx_word' id='word_1_582' title='bbox 1330 2783 1385 2809; x_wconf 82' lang='lat' dir='ltr'>vs.</span> <span class='ocrx_word' id='word_1_583' title='bbox 1416 2774 1511 2808; x_wconf 88' lang='lat'>1131</span> <span class='ocrx_word' id='word_1_584' title='bbox 1543 2772 1696 2809; x_wconf 83' lang='lat' dir='ltr'><strong>adnotat</strong></span> <span class='ocrx_word' id='word_1_585' title='bbox 1723 2773 1960 2810; x_wconf 78' lang='lat' dir='ltr'><strong>scholiastes:</strong></span> <span class='ocrx_word' id='word_1_586' title='bbox 2000 2778 2036 2812; x_wconf 91' lang='grc' dir='ltr'>ἐν</span> <span class='ocrx_word' id='word_1_587' title='bbox 2063 2777 2194 2815; x_wconf 87' lang='grc' dir='ltr'>Πύλαις</span> <span class='ocrx_word' id='word_1_588' title='bbox 2220 2779 2293 2814; x_wconf 79' lang='grc' dir='ltr'>ἀντὶ</span> 
     </span>
     <span class='ocr_line' id='line_1_48' title="bbox 206 2826 2294 2877; baseline 0.002 -15"><span class='ocrx_word' id='word_1_589' title='bbox 206 2861 209 2862; x_wconf 20' lang='grc' dir='ltr'>ι</span> <span class='ocrx_word' id='word_1_590' title='bbox 261 2828 402 2870; x_wconf 89' lang='grc' dir='ltr'>βέβαιος</span> <span class='ocrx_word' id='word_1_591' title='bbox 419 2828 533 2864; x_wconf 73' lang='grc' dir='ltr'>ἄδικος</span> <span class='ocrx_word' id='word_1_592' title='bbox 558 2845 612 2852; x_wconf 91' lang='lat'>—</span> <span class='ocrx_word' id='word_1_593' title='bbox 637 2845 690 2851; x_wconf 88' lang='grc'>-</span> <span class='ocrx_word' id='word_1_594' title='bbox 1242 2828 1301 2860; x_wconf 86' lang='grc' dir='ltr'>τοῦ</span> <span class='ocrx_word' id='word_1_595' title='bbox 1333 2826 1369 2862; x_wconf 85' lang='grc' dir='ltr'>ἐν</span> <span class='ocrx_word' id='word_1_596' title='bbox 1401 2826 1651 2874; x_wconf 82' lang='grc' dir='ltr'>Θερμοπύλαις.</span> <span class='ocrx_word' id='word_1_597' title='bbox 1680 2829 1829 2873; x_wconf 77' lang='grc' dir='ltr'>ἔπεμπον</span> <span class='ocrx_word' id='word_1_598' title='bbox 1859 2829 1924 2876; x_wconf 83' lang='grc' dir='ltr'>γὰρ</span> <span class='ocrx_word' id='word_1_599' title='bbox 1953 2829 2000 2866; x_wconf 82' lang='grc' dir='ltr'>εἷς</span> <span class='ocrx_word' id='word_1_600' title='bbox 2029 2830 2089 2875; x_wconf 90' lang='grc' dir='ltr'>τὴν</span> <span class='ocrx_word' id='word_1_601' title='bbox 2120 2833 2294 2877; x_wconf 83' lang='grc' dir='ltr'>Πυλαῒκὴν</span> 
     </span>
    </p>
   </div>
   <div class='ocr_carea' id='block_1_10' title="bbox 154 2878 2291 3566">
    <p class='ocr_par' dir='ltr' id='par_1_12' title="bbox 154 2878 2291 3352">
     <span class='ocr_line' id='line_1_49' title="bbox 210 2878 2290 2931; baseline 0.002 -16"><span class='ocrx_word' id='word_1_602' title='bbox 210 2878 336 2929; x_wconf 90' lang='grc'>(363.)</span> <span class='ocrx_word' id='word_1_603' title='bbox 361 2895 411 2925; x_wconf 88' lang='lat'>¹4·</span> <span class='ocrx_word' id='word_1_604' title='bbox 441 2878 545 2916; x_wconf 85' lang='lat' dir='ltr'><strong>Suid.</strong></span> <span class='ocrx_word' id='word_1_605' title='bbox 569 2891 604 2915; x_wconf 82' lang='lat' dir='ltr'>V.</span> <span class='ocrx_word' id='word_1_606' title='bbox 630 2882 729 2916; x_wconf 85' lang='grc' dir='ltr'>Βοῦς</span> <span class='ocrx_word' id='word_1_607' title='bbox 755 2879 942 2926; x_wconf 83' lang='grc' dir='ltr'>ἕβδομος·</span> <span class='ocrx_word' id='word_1_608' title='bbox 970 2878 1128 2925; x_wconf 83' lang='grc' dir='ltr'>πέμματα</span> <span class='ocrx_word' id='word_1_609' title='bbox 1151 2878 1204 2913; x_wconf 84' lang='grc' dir='ltr'>κέ·</span> <span class='ocrx_word' id='word_1_610' title='bbox 1240 2878 1426 2927; x_wconf 85' lang='grc' dir='ltr'>πανήγυριν</span> <span class='ocrx_word' id='word_1_611' title='bbox 1451 2881 1531 2918; x_wconf 81' lang='grc' dir='ltr'>τούς</span> <span class='ocrx_word' id='word_1_612' title='bbox 1553 2881 1757 2928; x_wconf 85' lang='grc' dir='ltr'>λεγομένους</span> <span class='ocrx_word' id='word_1_613' title='bbox 1785 2882 2032 2929; x_wconf 82' lang='grc' dir='ltr'>ἱερομνήμονας.</span> <span class='ocrx_word' id='word_1_614' title='bbox 2062 2884 2143 2921; x_wconf 87' lang='grc' dir='ltr'>ὅλος</span> <span class='ocrx_word' id='word_1_615' title='bbox 2169 2887 2188 2919; x_wconf 83' lang='grc' dir='ltr'>ὁ</span> <span class='ocrx_word' id='word_1_616' title='bbox 2214 2884 2290 2931; x_wconf 81' lang='grc' dir='ltr'>ἰἀμ-</span> 
     </span>
     <span class='ocr_line' id='line_1_50' title="bbox 154 2931 2290 2984; baseline 0.002 -16"><span class='ocrx_word' id='word_1_617' title='bbox 154 2947 242 2980; x_wconf 90' lang='grc' dir='ltr'>ρατα</span> <span class='ocrx_word' id='word_1_618' title='bbox 272 2935 395 2981; x_wconf 81' lang='grc' dir='ltr'>ἔχοντα</span> <span class='ocrx_word' id='word_1_619' title='bbox 421 2934 504 2969; x_wconf 85' lang='grc' dir='ltr'>κατὰ</span> <span class='ocrx_word' id='word_1_620' title='bbox 533 2933 675 2979; x_wconf 87' lang='grc' dir='ltr'>μίμησιν</span> <span class='ocrx_word' id='word_1_621' title='bbox 702 2935 762 2978; x_wconf 86' lang='grc' dir='ltr'>τῆς</span> <span class='ocrx_word' id='word_1_622' title='bbox 791 2934 1016 2981; x_wconf 88' lang='grc' dir='ltr'>πρωτοφαοῦς</span> <span class='ocrx_word' id='word_1_623' title='bbox 1047 2931 1202 2977; x_wconf 90' lang='grc' dir='ltr'>σελήνης.</span> <span class='ocrx_word' id='word_1_624' title='bbox 1239 2936 1303 2975; x_wconf 89' lang='grc' dir='ltr'>βος</span> <span class='ocrx_word' id='word_1_625' title='bbox 1337 2933 1494 2970; x_wconf 85' lang='grc' dir='ltr'>λέλεκται</span> <span class='ocrx_word' id='word_1_626' title='bbox 1530 2934 1568 2980; x_wconf 77' lang='grc' dir='ltr'>ἐξ</span> <span class='ocrx_word' id='word_1_627' title='bbox 1602 2934 1802 2982; x_wconf 80' lang='grc' dir='ltr'>Ἐρεχθέως.</span> <span class='ocrx_word' id='word_1_628' title='bbox 1858 2933 1994 2970; x_wconf 82' lang='lat' dir='ltr'><strong>Totum</strong></span> <span class='ocrx_word' id='word_1_629' title='bbox 2029 2935 2290 2984; x_wconf 77' lang='lat' dir='ltr'><strong>Aristophanis</strong></span> 
     </span>
     <span class='ocr_line' id='line_1_51' title="bbox 157 2985 2291 3037; baseline 0.002 -17"><span class='ocrx_word' id='word_1_630' title='bbox 157 2987 298 3028; x_wconf 84' lang='grc' dir='ltr'>ἐκάλουν</span> <span class='ocrx_word' id='word_1_631' title='bbox 329 2988 366 3023; x_wconf 80' lang='grc' dir='ltr'>δὲ</span> <span class='ocrx_word' id='word_1_632' title='bbox 393 2987 474 3022; x_wconf 78' lang='grc' dir='ltr'>αὐτὸ</span> <span class='ocrx_word' id='word_1_633' title='bbox 504 2987 600 3028; x_wconf 86' lang='grc' dir='ltr'>βοῦν,</span> <span class='ocrx_word' id='word_1_634' title='bbox 628 2986 868 3034; x_wconf 83' lang='grc' dir='ltr'>προστιθέντες</span> <span class='ocrx_word' id='word_1_635' title='bbox 899 2987 953 3021; x_wconf 87' lang='grc' dir='ltr'>καὶ</span> <span class='ocrx_word' id='word_1_636' title='bbox 979 2987 1018 3021; x_wconf 84' lang='grc' dir='ltr'>τὸ</span> <span class='ocrx_word' id='word_1_637' title='bbox 1046 2985 1202 3031; x_wconf 84' lang='grc' dir='ltr'>ἕβδομον,</span> <span class='ocrx_word' id='word_1_638' title='bbox 1239 2985 1362 3021; x_wconf 92' lang='lat' dir='ltr'><strong>locum</strong></span> <span class='ocrx_word' id='word_1_639' title='bbox 1389 2985 1588 3027; x_wconf 79' lang='lat' dir='ltr'><strong>attulimus,</strong></span> <span class='ocrx_word' id='word_1_640' title='bbox 1616 2998 1727 3034; x_wconf 88' lang='lat' dir='ltr'><strong>quum</strong></span> <span class='ocrx_word' id='word_1_641' title='bbox 1754 2997 1830 3023; x_wconf 91' lang='lat' dir='ltr'>non</span> <span class='ocrx_word' id='word_1_642' title='bbox 1857 2986 1976 3023; x_wconf 83' lang='lat' dir='ltr'><strong>solum</strong></span> <span class='ocrx_word' id='word_1_643' title='bbox 2000 2987 2062 3024; x_wconf 92' lang='lat' dir='ltr'><strong>ille</strong></span> <span class='ocrx_word' id='word_1_644' title='bbox 2085 3001 2156 3031; x_wconf 69' lang='lat' dir='ltr'>vs„</span> <span class='ocrx_word' id='word_1_645' title='bbox 2180 3002 2291 3037; x_wconf 87' lang='lat' dir='ltr'><strong>quem</strong></span> 
     </span>
     <span class='ocr_line' id='line_1_52' title="bbox 157 3037 2290 3089; baseline 0.002 -15"><span class='ocrx_word' id='word_1_646' title='bbox 157 3038 209 3075; x_wconf 85' lang='grc' dir='ltr'>ὅτι</span> <span class='ocrx_word' id='word_1_647' title='bbox 236 3040 291 3076; x_wconf 80' lang='grc' dir='ltr'>ἐπὶ</span> <span class='ocrx_word' id='word_1_648' title='bbox 319 3040 356 3087; x_wconf 79' lang='grc' dir='ltr'>ἓξ</span> <span class='ocrx_word' id='word_1_649' title='bbox 382 3042 453 3077; x_wconf 83' lang='grc' dir='ltr'>ταῖς</span> <span class='ocrx_word' id='word_1_650' title='bbox 481 3038 639 3084; x_wconf 82' lang='grc' dir='ltr'>σελήναις</span> <span class='ocrx_word' id='word_1_651' title='bbox 666 3039 824 3075; x_wconf 80' lang='grc' dir='ltr'>ἐπεθὺετο</span> <span class='ocrx_word' id='word_1_652' title='bbox 848 3037 948 3076; x_wconf 81' lang='grc' dir='ltr'>οὗτος</span> <span class='ocrx_word' id='word_1_653' title='bbox 978 3038 1134 3084; x_wconf 84' lang='grc' dir='ltr'>ἕβδομος,</span> <span class='ocrx_word' id='word_1_654' title='bbox 1161 3040 1205 3075; x_wconf 83' lang='grc' dir='ltr'>ὡς</span> <span class='ocrx_word' id='word_1_655' title='bbox 1240 3037 1356 3074; x_wconf 81' lang='lat' dir='ltr'><strong>schol.</strong></span> <span class='ocrx_word' id='word_1_656' title='bbox 1373 3037 1567 3084; x_wconf 78' lang='lat' dir='ltr'><strong>significat,</strong></span> <span class='ocrx_word' id='word_1_657' title='bbox 1581 3039 1647 3075; x_wconf 86' lang='lat' dir='ltr'>sed</span> <span class='ocrx_word' id='word_1_658' title='bbox 1660 3038 1789 3087; x_wconf 85' lang='lat' dir='ltr'><strong>reliqui</strong></span> <span class='ocrx_word' id='word_1_659' title='bbox 1802 3038 1913 3075; x_wconf 83' lang='lat' dir='ltr'><strong>etiam</strong></span> <span class='ocrx_word' id='word_1_660' title='bbox 1931 3040 2114 3089; x_wconf 85' lang='lat' dir='ltr'><strong>tragicum</strong></span> <span class='ocrx_word' id='word_1_661' title='bbox 2127 3040 2290 3078; x_wconf 85' lang='lat' dir='ltr'><strong>colorem</strong></span> 
     </span>
     <span class='ocr_line' id='line_1_53' title="bbox 156 3090 2290 3142; baseline 0.001 -15"><span class='ocrx_word' id='word_1_662' title='bbox 156 3093 331 3139; x_wconf 79' lang='grc' dir='ltr'>Εὐθυκλῆς</span> <span class='ocrx_word' id='word_1_663' title='bbox 357 3094 393 3129; x_wconf 87' lang='grc' dir='ltr'>ἐν</span> <span class='ocrx_word' id='word_1_664' title='bbox 421 3093 620 3138; x_wconf 83' lang='grc' dir='ltr'>Ἀταλάντῃ.</span> <span class='ocrx_word' id='word_1_665' title='bbox 658 3093 781 3139; x_wconf 80' lang='grc' dir='ltr'>ὁμοίως</span> <span class='ocrx_word' id='word_1_666' title='bbox 811 3093 848 3128; x_wconf 84' lang='grc' dir='ltr'>δὲ</span> <span class='ocrx_word' id='word_1_667' title='bbox 879 3093 934 3128; x_wconf 83' lang='grc' dir='ltr'>καὶ</span> <span class='ocrx_word' id='word_1_668' title='bbox 969 3093 1002 3127; x_wconf 82' lang='grc' dir='ltr'>αἱ</span> <span class='ocrx_word' id='word_1_669' title='bbox 1038 3094 1205 3137; x_wconf 84' lang='grc' dir='ltr'>σελῆναι</span> <span class='ocrx_word' id='word_1_670' title='bbox 1238 3102 1317 3138; x_wconf 87' lang='lat' dir='ltr'>prae</span> <span class='ocrx_word' id='word_1_671' title='bbox 1336 3102 1375 3126; x_wconf 84' lang='lat' dir='ltr'>se</span> <span class='ocrx_word' id='word_1_672' title='bbox 1393 3090 1525 3133; x_wconf 80' lang='lat' dir='ltr'>ferant,</span> <span class='ocrx_word' id='word_1_673' title='bbox 1545 3096 1583 3127; x_wconf 91' lang='lat' dir='ltr'>et</span> <span class='ocrx_word' id='word_1_674' title='bbox 1601 3096 1788 3127; x_wconf 84' lang='lat' dir='ltr'><strong>extremus</strong></span> <span class='ocrx_word' id='word_1_675' title='bbox 1805 3096 1931 3140; x_wconf 76' lang='lat' dir='ltr'><strong>aperte</strong></span> <span class='ocrx_word' id='word_1_676' title='bbox 1949 3092 2114 3142; x_wconf 88' lang='lat' dir='ltr'><strong>Euripidi</strong></span> <span class='ocrx_word' id='word_1_677' title='bbox 2130 3093 2290 3130; x_wconf 86' lang='lat' dir='ltr'><strong>tributus</strong></span> 
     </span>
     <span class='ocr_line' id='line_1_54' title="bbox 156 3143 2288 3195; baseline 0.001 -15"><span class='ocrx_word' id='word_1_678' title='bbox 156 3146 311 3192; x_wconf 86' lang='grc' dir='ltr'>πέμματα</span> <span class='ocrx_word' id='word_1_679' title='bbox 331 3148 462 3182; x_wconf 87' lang='grc' dir='ltr'>πλατέα</span> <span class='ocrx_word' id='word_1_680' title='bbox 485 3148 678 3192; x_wconf 83' lang='grc' dir='ltr'>κυκλοτερῆ,</span> <span class='ocrx_word' id='word_1_681' title='bbox 697 3145 719 3181; x_wconf 78' lang='grc' dir='ltr'>ἃ</span> <span class='ocrx_word' id='word_1_682' title='bbox 742 3146 793 3181; x_wconf 72' lang='grc' dir='ltr'>καὶ</span> <span class='ocrx_word' id='word_1_683' title='bbox 818 3143 922 3182; x_wconf 76' lang='grc' dir='ltr'>οὕτως</span> <span class='ocrx_word' id='word_1_684' title='bbox 947 3145 1099 3181; x_wconf 87' lang='grc' dir='ltr'>ἐκάλουν.</span> <span class='ocrx_word' id='word_1_685' title='bbox 1129 3147 1203 3181; x_wconf 77' lang='grc' dir='ltr'>ἔστι</span> <span class='ocrx_word' id='word_1_686' title='bbox 1238 3143 1285 3180; x_wconf 81' lang='lat' dir='ltr'>sit</span> <span class='ocrx_word' id='word_1_687' title='bbox 1314 3155 1336 3179; x_wconf 81' lang='lat' dir='ltr'><strong>a</strong></span> <span class='ocrx_word' id='word_1_688' title='bbox 1361 3143 1604 3191; x_wconf 75' lang='lat' dir='ltr'><strong>grammatico</strong></span> <span class='ocrx_word' id='word_1_689' title='bbox 1635 3143 1673 3179; x_wconf 83' lang='lat' dir='ltr'>in</span> <span class='ocrx_word' id='word_1_690' title='bbox 1700 3143 1853 3181; x_wconf 84' lang='lat' dir='ltr'><strong>Bachm.</strong></span> <span class='ocrx_word' id='word_1_691' title='bbox 1880 3144 1953 3182; x_wconf 88' lang='lat' dir='ltr'>An.</span> <span class='ocrx_word' id='word_1_692' title='bbox 1982 3144 2050 3183; x_wconf 86' lang='lat' dir='ltr'>Gr.</span> <span class='ocrx_word' id='word_1_693' title='bbox 2077 3146 2110 3187; x_wconf 90' lang='lat' dir='ltr'>I,</span> <span class='ocrx_word' id='word_1_694' title='bbox 2139 3159 2176 3195; x_wconf 91' lang='lat' dir='ltr'>p.</span> <span class='ocrx_word' id='word_1_695' title='bbox 2203 3148 2288 3188; x_wconf 86' lang='lat'>191,</span> 
     </span>
     <span class='ocr_line' id='line_1_55' title="bbox 156 3197 2288 3247; baseline 0 -12"><span class='ocrx_word' id='word_1_696' title='bbox 156 3200 194 3235; x_wconf 78' lang='grc' dir='ltr'>δὲ</span> <span class='ocrx_word' id='word_1_697' title='bbox 217 3200 296 3247; x_wconf 88' lang='grc' dir='ltr'>παρ’</span> <span class='ocrx_word' id='word_1_698' title='bbox 322 3200 518 3247; x_wconf 81' lang='grc' dir='ltr'>Εὐριπίδῃ</span> <span class='ocrx_word' id='word_1_699' title='bbox 545 3200 585 3234; x_wconf 83' lang='grc' dir='ltr'>ἐν</span> <span class='ocrx_word' id='word_1_700' title='bbox 610 3199 796 3246; x_wconf 88' lang='grc' dir='ltr'>Ἐρεχθεῖ</span> <span class='ocrx_word' id='word_1_701' title='bbox 818 3199 872 3235; x_wconf 80' lang='grc' dir='ltr'>καὶ</span> <span class='ocrx_word' id='word_1_702' title='bbox 893 3198 970 3246; x_wconf 86' lang='grc' dir='ltr'>παρ’</span> <span class='ocrx_word' id='word_1_703' title='bbox 993 3198 1137 3247; x_wconf 77' lang='grc' dir='ltr'>Ἀχαιῷ</span> <span class='ocrx_word' id='word_1_704' title='bbox 1164 3200 1204 3234; x_wconf 87' lang='grc' dir='ltr'>ἐν</span> <span class='ocrx_word' id='word_1_705' title='bbox 1239 3197 1298 3233; x_wconf 87' lang='lat'>26.</span> <span class='ocrx_word' id='word_1_706' title='bbox 1356 3197 1453 3244; x_wconf 78' lang='grc' dir='ltr'>Δεῦρ’</span> <span class='ocrx_word' id='word_1_707' title='bbox 1483 3197 1534 3233; x_wconf 80' lang='grc' dir='ltr'>ἀεὶ</span> <span class='ocrx_word' id='word_1_708' title='bbox 1569 3199 1655 3235; x_wconf 79' lang='grc' dir='ltr'>τινὲς</span> <span class='ocrx_word' id='word_1_709' title='bbox 1683 3198 1756 3234; x_wconf 76' lang='grc' dir='ltr'>ἀντὶ</span> <span class='ocrx_word' id='word_1_710' title='bbox 1777 3201 1837 3235; x_wconf 88' lang='grc' dir='ltr'>τοῦ</span> <span class='ocrx_word' id='word_1_711' title='bbox 1873 3199 1945 3234; x_wconf 77' lang='grc' dir='ltr'>ὡδί.</span> <span class='ocrx_word' id='word_1_712' title='bbox 1973 3203 2073 3235; x_wconf 85' lang='grc' dir='ltr'>τοῦτο</span> <span class='ocrx_word' id='word_1_713' title='bbox 2101 3201 2162 3247; x_wconf 71' lang='grc' dir='ltr'>μὲν</span> <span class='ocrx_word' id='word_1_714' title='bbox 2189 3201 2288 3247; x_wconf 83' lang='grc' dir='ltr'>δεῦρο</span> 
     </span>
     <span class='ocr_line' id='line_1_56' title="bbox 165 3249 2288 3301; baseline 0 -12"><span class='ocrx_word' id='word_1_715' title='bbox 165 3254 286 3300; x_wconf 88' lang='grc' dir='ltr'>Ῑριδι.</span> <span class='ocrx_word' id='word_1_716' title='bbox 358 3251 501 3288; x_wconf 87' lang='lat' dir='ltr'><strong>Eadem</strong></span> <span class='ocrx_word' id='word_1_717' title='bbox 535 3250 612 3287; x_wconf 83' lang='lat' dir='ltr'><strong>fere</strong></span> <span class='ocrx_word' id='word_1_718' title='bbox 647 3250 736 3287; x_wconf 85' lang='lat' dir='ltr'><strong>citat</strong></span> <span class='ocrx_word' id='word_1_719' title='bbox 772 3262 819 3286; x_wconf 83' lang='lat' dir='ltr'>ex</span> <span class='ocrx_word' id='word_1_720' title='bbox 855 3249 1042 3286; x_wconf 82' lang='lat' dir='ltr'><strong>Pausaniae</strong></span> <span class='ocrx_word' id='word_1_721' title='bbox 1084 3249 1203 3286; x_wconf 81' lang='lat' dir='ltr'><strong>lexico</strong></span> <span class='ocrx_word' id='word_1_722' title='bbox 1237 3252 1312 3286; x_wconf 75' lang='grc' dir='ltr'>ὦδε.</span> <span class='ocrx_word' id='word_1_723' title='bbox 1342 3252 1381 3286; x_wconf 86' lang='grc' dir='ltr'>τὸ</span> <span class='ocrx_word' id='word_1_724' title='bbox 1408 3251 1445 3286; x_wconf 81' lang='grc' dir='ltr'>δὲ</span> <span class='ocrx_word' id='word_1_725' title='bbox 1464 3251 1553 3298; x_wconf 80' lang='grc' dir='ltr'>δεῦρ’</span> <span class='ocrx_word' id='word_1_726' title='bbox 1572 3252 1624 3287; x_wconf 85' lang='grc' dir='ltr'>ἀεί</span> <span class='ocrx_word' id='word_1_727' title='bbox 1639 3266 1706 3287; x_wconf 91' lang='grc' dir='ltr'>που</span> <span class='ocrx_word' id='word_1_728' title='bbox 1728 3251 1806 3299; x_wconf 85' lang='grc' dir='ltr'>παρ’</span> <span class='ocrx_word' id='word_1_729' title='bbox 1826 3252 2003 3299; x_wconf 76' lang='grc' dir='ltr'>Εὐριπίδῃ·</span> <span class='ocrx_word' id='word_1_730' title='bbox 2032 3251 2079 3290; x_wconf 81' lang='grc' dir='ltr'>εἷς</span> <span class='ocrx_word' id='word_1_731' title='bbox 2105 3254 2168 3300; x_wconf 78' lang='grc' dir='ltr'>μὲν</span> <span class='ocrx_word' id='word_1_732' title='bbox 2184 3255 2288 3301; x_wconf 87' lang='grc' dir='ltr'>λόγος</span> 
     </span>
     <span class='ocr_line' id='line_1_57' title="bbox 155 3300 1337 3352; baseline -0.003 -11"><span class='ocrx_word' id='word_1_733' title='bbox 155 3304 327 3342; x_wconf 84' lang='lat' dir='ltr'><strong>Eustath.</strong></span> <span class='ocrx_word' id='word_1_734' title='bbox 346 3304 386 3341; x_wconf 89' lang='lat' dir='ltr'>in</span> <span class='ocrx_word' id='word_1_735' title='bbox 404 3303 447 3340; x_wconf 92' lang='lat' dir='ltr'>Il.</span> <span class='ocrx_word' id='word_1_736' title='bbox 467 3303 516 3340; x_wconf 88' lang='lat' dir='ltr'><strong>o·&#39;.</strong></span> <span class='ocrx_word' id='word_1_737' title='bbox 535 3316 575 3352; x_wconf 90' lang='lat' dir='ltr'><strong>p.</strong></span> <span class='ocrx_word' id='word_1_738' title='bbox 599 3304 708 3340; x_wconf 86' lang='lat'><strong>1165.</strong></span> <span class='ocrx_word' id='word_1_739' title='bbox 728 3302 776 3339; x_wconf 86' lang='lat' dir='ltr'>cf.</span> <span class='ocrx_word' id='word_1_740' title='bbox 799 3301 1020 3351; x_wconf 82' lang='lat' dir='ltr'><strong>Diogenian.</strong></span> <span class='ocrx_word' id='word_1_741' title='bbox 1043 3300 1118 3345; x_wconf 88' lang='lat' dir='ltr'><strong>III,</strong></span> <span class='ocrx_word' id='word_1_742' title='bbox 1137 3304 1200 3340; x_wconf 92' lang='lat'>50.</span> <span class='ocrx_word' id='word_1_743' title='bbox 1237 3307 1337 3340; x_wconf 84' lang='grc' dir='ltr'>κ.τ.λ.</span> 
     </span>
    </p>

    <p class='ocr_par' dir='ltr' id='par_1_13' title="bbox 157 3352 1956 3404">
     <span class='ocr_line' id='line_1_58' title="bbox 157 3352 1956 3404; baseline -0.001 -10"><span class='ocrx_word' id='word_1_744' title='bbox 157 3356 255 3394; x_wconf 85' lang='lat' dir='ltr'>Cum</span> <span class='ocrx_word' id='word_1_745' title='bbox 280 3356 338 3394; x_wconf 88' lang='lat' dir='ltr'>his</span> <span class='ocrx_word' id='word_1_746' title='bbox 362 3356 558 3404; x_wconf 86' lang='lat' dir='ltr'><strong>conjunge,</strong></span> <span class='ocrx_word' id='word_1_747' title='bbox 582 3368 664 3404; x_wconf 87' lang='lat' dir='ltr'>quae</span> <span class='ocrx_word' id='word_1_748' title='bbox 688 3355 802 3391; x_wconf 82' lang='lat' dir='ltr'><strong>tradit</strong></span> <span class='ocrx_word' id='word_1_749' title='bbox 823 3354 929 3392; x_wconf 90' lang='lat' dir='ltr'><strong>Suid.</strong></span> <span class='ocrx_word' id='word_1_750' title='bbox 954 3368 992 3391; x_wconf 91' lang='lat' dir='ltr'>v.</span> <span class='ocrx_word' id='word_1_751' title='bbox 1013 3356 1201 3392; x_wconf 83' lang='grc' dir='ltr'>Ἀνάστα·</span> <span class='ocrx_word' id='word_1_752' title='bbox 1292 3352 1416 3404; x_wconf 84' lang='lat'><strong>(370.)</strong></span> <span class='ocrx_word' id='word_1_753' title='bbox 1439 3370 1490 3392; x_wconf 87' lang='lat'><strong>21.</strong></span> <span class='ocrx_word' id='word_1_754' title='bbox 1520 3355 1691 3392; x_wconf 78' lang='lat' dir='ltr'><strong>Stobaeus</strong></span> <span class='ocrx_word' id='word_1_755' title='bbox 1710 3356 1898 3400; x_wconf 90' lang='lat' dir='ltr'><strong>LXXIX,</strong></span> <span class='ocrx_word' id='word_1_756' title='bbox 1918 3358 1956 3393; x_wconf 82' lang='lat'>4.</span> 
     </span>
    </p>

    <p class='ocr_par' dir='ltr' id='par_1_14' title="bbox 156 3407 2085 3566">
     <span class='ocr_line' id='line_1_59' title="bbox 156 3407 2049 3458; baseline 0 -10"><span class='ocrx_word' id='word_1_757' title='bbox 156 3426 228 3454; x_wconf 86' lang='grc' dir='ltr'>τοι,</span> <span class='ocrx_word' id='word_1_758' title='bbox 247 3410 464 3447; x_wconf 83' lang='grc' dir='ltr'>πλακούντων</span> <span class='ocrx_word' id='word_1_759' title='bbox 481 3407 582 3447; x_wconf 84' lang='grc' dir='ltr'>εἶδος.</span> <span class='ocrx_word' id='word_1_760' title='bbox 611 3409 704 3445; x_wconf 77' lang='grc' dir='ltr'>οὗτοι</span> <span class='ocrx_word' id='word_1_761' title='bbox 722 3410 760 3445; x_wconf 86' lang='grc' dir='ltr'>δὲ</span> <span class='ocrx_word' id='word_1_762' title='bbox 777 3409 891 3446; x_wconf 68' lang='grc' dir='ltr'>αὑταῖς</span> <span class='ocrx_word' id='word_1_763' title='bbox 907 3411 979 3446; x_wconf 87' lang='grc' dir='ltr'>ταῖς</span> <span class='ocrx_word' id='word_1_764' title='bbox 996 3409 1204 3457; x_wconf 79' lang='grc' dir='ltr'>ἀρρηφόροις</span> <span class='ocrx_word' id='word_1_765' title='bbox 1345 3409 1414 3444; x_wconf 79' lang='grc' dir='ltr'>Οὐκ</span> <span class='ocrx_word' id='word_1_766' title='bbox 1431 3410 1526 3445; x_wconf 85' lang='grc' dir='ltr'>ἔστιν</span> <span class='ocrx_word' id='word_1_767' title='bbox 1543 3411 1641 3446; x_wconf 79' lang='grc' dir='ltr'>οὐδὲν</span> <span class='ocrx_word' id='word_1_768' title='bbox 1657 3413 1782 3458; x_wconf 89' lang='grc' dir='ltr'>μητρὸς</span> <span class='ocrx_word' id='word_1_769' title='bbox 1799 3412 1894 3457; x_wconf 83' lang='grc' dir='ltr'>ἥδιον</span> <span class='ocrx_word' id='word_1_770' title='bbox 1910 3411 2049 3448; x_wconf 82' lang='grc' dir='ltr'>τέκνοις.</span> 
     </span>
     <span class='ocr_line' id='line_1_60' title="bbox 157 3462 2085 3514; baseline 0 -14"><span class='ocrx_word' id='word_1_771' title='bbox 157 3465 319 3513; x_wconf 78' lang='grc' dir='ltr'>ἐγίνοντο.</span> <span class='ocrx_word' id='word_1_772' title='bbox 347 3464 530 3513; x_wconf 77' lang='grc' dir='ltr'>Ἐλέγοντο</span> <span class='ocrx_word' id='word_1_773' title='bbox 557 3463 594 3499; x_wconf 87' lang='grc' dir='ltr'>δὲ</span> <span class='ocrx_word' id='word_1_774' title='bbox 620 3462 826 3499; x_wconf 86' lang='grc' dir='ltr'>πλακοῦντές</span> <span class='ocrx_word' id='word_1_775' title='bbox 847 3477 934 3499; x_wconf 87' lang='grc' dir='ltr'>τινες</span> <span class='ocrx_word' id='word_1_776' title='bbox 957 3463 1011 3497; x_wconf 83' lang='grc' dir='ltr'>καὶ</span> <span class='ocrx_word' id='word_1_777' title='bbox 1035 3463 1202 3510; x_wconf 85' lang='grc' dir='ltr'>χαρίσιοι.</span> <span class='ocrx_word' id='word_1_778' title='bbox 1345 3462 1442 3509; x_wconf 83' lang='grc' dir='ltr'>ἐρᾶτε</span> <span class='ocrx_word' id='word_1_779' title='bbox 1458 3462 1594 3511; x_wconf 80' lang='grc' dir='ltr'>μητρὸς,</span> <span class='ocrx_word' id='word_1_780' title='bbox 1614 3465 1742 3501; x_wconf 86' lang='grc' dir='ltr'>παῖδες·</span> <span class='ocrx_word' id='word_1_781' title='bbox 1770 3465 1814 3502; x_wconf 83' lang='grc' dir='ltr'>ὣς</span> <span class='ocrx_word' id='word_1_782' title='bbox 1832 3465 1892 3499; x_wconf 78' lang='grc' dir='ltr'>οὐκ</span> <span class='ocrx_word' id='word_1_783' title='bbox 1909 3464 1981 3500; x_wconf 74' lang='grc' dir='ltr'>ἔστ’</span> <span class='ocrx_word' id='word_1_784' title='bbox 2001 3465 2085 3514; x_wconf 72' lang='grc' dir='ltr'>ἔρος</span> 
     </span>
     <span class='ocr_line' id='line_1_61' title="bbox 157 3514 1945 3566; baseline 0.001 -13"><span class='ocrx_word' id='word_1_785' title='bbox 157 3535 210 3546; x_wconf 86' lang='lat'>--</span> <span class='ocrx_word' id='word_1_786' title='bbox 248 3536 302 3545; x_wconf 91' lang='lat'>—</span> <span class='ocrx_word' id='word_1_787' title='bbox 339 3535 395 3544; x_wconf 88' lang='lat'>—</span> <span class='ocrx_word' id='word_1_788' title='bbox 432 3517 475 3552; x_wconf 71' lang='lat' dir='ltr'>Al</span> <span class='ocrx_word' id='word_1_789' title='bbox 505 3517 542 3553; x_wconf 83' lang='grc' dir='ltr'>δὲ</span> <span class='ocrx_word' id='word_1_790' title='bbox 573 3517 740 3558; x_wconf 82' lang='grc' dir='ltr'>σελῆναι</span> <span class='ocrx_word' id='word_1_791' title='bbox 770 3514 926 3563; x_wconf 85' lang='grc' dir='ltr'>πέμματά</span> <span class='ocrx_word' id='word_1_792' title='bbox 956 3515 1024 3551; x_wconf 89' lang='grc' dir='ltr'>εἰσι</span> <span class='ocrx_word' id='word_1_793' title='bbox 1048 3518 1203 3560; x_wconf 75' lang='grc' dir='ltr'>πλατέα,</span> <span class='ocrx_word' id='word_1_794' title='bbox 1345 3517 1496 3554; x_wconf 84' lang='grc' dir='ltr'>τοιοῦτος</span> <span class='ocrx_word' id='word_1_795' title='bbox 1513 3516 1630 3561; x_wconf 74' lang='grc' dir='ltr'>ἄλλος,</span> <span class='ocrx_word' id='word_1_796' title='bbox 1650 3515 1719 3555; x_wconf 82' lang='grc' dir='ltr'>οἷος</span> <span class='ocrx_word' id='word_1_797' title='bbox 1736 3517 1837 3564; x_wconf 83' lang='grc' dir='ltr'>ἡδίων</span> <span class='ocrx_word' id='word_1_798' title='bbox 1854 3517 1945 3566; x_wconf 83' lang='grc' dir='ltr'>ε’ρᾶν.</span> 
     </span>
    </p>
   </div>
   <div class='ocr_carea' id='block_1_11' title="bbox 1219 3473 1224 3560">
    <p class='ocr_par' dir='ltr' id='par_1_15' title="bbox 1219 3473 1224 3560">
     <span class='ocr_line' id='line_1_62' title="bbox 1219 3473 1224 3560; baseline 0 0"><span class='ocrx_word' id='word_1_799' title='bbox 1219 3473 1224 3560; x_wconf 95' lang='lat' dir='ltr'> </span> 
     </span>
    </p>
   </div>
  </div>
 </body>
</html>
