2488 3860
820 258 1297 316 APIETOQANOTX
1326 260 1573 302 EIPHNH.

214 386 225 399 .
236 357 394 409 ’·”ἥσυχος
405 361 546 408 ἥσυχος,
565 360 681 411 ἠρέμα,
701 365 840 402 κάνθων·

262 413 308 460 μή
324 428 382 460 μοι
400 416 557 462 σοβαρῶς
572 417 676 463 χώρει
692 418 770 453 λίαν

264 466 361 503 εὐθὺς
377 466 433 502 ἀπ’
451 467 557 514 ἀρχῆς
573 468 667 515 ῥώμῃ
684 470 838 511 πίσυνος,
852 470 858 482 ”

263 519 343 565 πρὶν
359 519 400 554 ἂν
417 519 502 564 ἶδίῃς
519 520 573 555 καὶ
590 521 754 566 διαλύσῃς

264 571 396 618 ὄρθρων
413 567 483 607 ἶνας
498 571 672 620 πτερύγων
687 574 788 621 ῥύμῃ.

265 623 319 659 καὶ
334 623 380 669 μὴ
397 625 474 659 πνεῖ
487 638 545 669 μοι
562 627 672 667 κακὸν,
691 627 860 669 ἀντιβολῶ
877 627 925 663 σ’·

264 675 295 711 εἶ
311 676 350 711 δέ
350 674 519 739 ποιήσεις
535 679 647 718 τοῦτο,
666 678 736 714 κατ’
754 677 865 717 οἴκους

265 728 367 763 αὐτοῦ
383 730 496 773 μεῖνον
510 729 590 766 τοὺς
605 729 796 778 ἡμετέρους.

164 786 222 815 ΟΙ.
240 785 283 815 A.
311 779 338 814 ὦ
355 780 492 816 δέσποτ’
509 780 604 826 ἅναξ,
623 783 668 819 ῶς
684 784 893 831 παραπαίεις.

162 838 226 867 ΤΡ.
266 832 349 879 σίγα
356 833 459 895 .σίγα.

164 890 222 920 01.
241 889 283 919 A.
310 886 372 920 ποῖ
386 884 456 930 δῆτ’
474 884 589 923 ἄλλως
605 890 882 935 μετεωροκοπεῖς;

162 942 225 972 ΤΡ.
263 936 348 984 ὑπὲρ
363 936 537 983 Ἑλλήνων
552 940 685 975 πάντων
701 941 854 986 πέτομαι,

265 990 421 1034 τόλμημα
438 991 512 1026 νέον
527 993 819 1038 παλαμησάμενος.

165 1047 223 1077 ΟῙ.
242 1046 284 1077 A.
312 1041 347 1076 τί
362 1042 476 1083 πέτει;
504 1043 538 1078 τί
553 1043 659 1087 μάτην
675 1045 740 1091 οὐχ
757 1045 938 1091 ύγιαίνεις;
1157 1061 1197 1099 95

164 1099 226 1129 ΤΡ.
262 1093 424 1140 εὔφημεῖν
439 1095 506 1141 χρὴ
525 1096 578 1130 καὶ
595 1096 639 1140 μὴ
657 1098 814 1142 φλαῦρον

266 1146 368 1192 μηδὲν
384 1145 528 1193 γρύζειν,
547 1147 622 1182 ἀλλ’
643 1148 831 1192 ὀλολύζειν·

267 1199 338 1234 τοῖς
355 1197 383 1233 τ’
402 1198 610 1241 ἀνθρώποισι
627 1198 767 1244 φράσον
784 1202 896 1247 σιγᾶν,

267 1248 346 1286 τούς
362 1263 400 1285 τε
417 1254 587 1297 κοπρῶνας
605 1253 658 1287 καὶ
675 1253 734 1290 τὰς
749 1253 876 1297 λαύρας

268 1304 391 1339 καιναῖς
407 1302 601 1339 πλίνθοισιν
617 1304 861 1347 ἀποικοδομεῖν,
1140 1320 1198 1343 ιοο

269 1355 323 1389 καὶ
338 1354 418 1391 τοὺς
433 1356 606 1401 πρωκτοὺς
622 1357 812 1393 ἐπικλείειν.

167 1412 227 1443 01.
246 1412 289 1442 A.
319 1406 379 1441 οὐκ
396 1406 474 1442 ἔσθ’
492 1407 582 1444 ὅπως
600 1407 773 1455 σιγήσομ’,
792 1409 833 1456 ἣν
847 1407 894 1457 μή
910 1424 968 1457 μοι
985 1410 1122 1459 φράσῃς

268 1458 347 1495 ὅποι
363 1458 525 1496 πέτεσθαι
543 1461 676 1497 διανοεῖ.

167 1517 232 1548 ΤΡ.
696 1515 730 1550 τί
746 1514 776 1551 δ’
792 1515 882 1551 ἄλλο
898 1516 931 1564 γ’
948 1516 969 1562 ἦ

270 1565 315 1602 ὧς
331 1566 390 1600 τὸν
407 1565 463 1600 Δί’
482 1565 529 1603 εἷς
545 1567 604 1602 τὸν
620 1567 760 1614 οὐρανόν
772 1580 782 1610 3

168 1622 226 1652 01.
245 1622 287 1653 A.
804 1621 877 1657 τίνα
894 1623 971 1658 νοῦν
987 1621 1096 1669 ἔχωνς

167 1675 231 1705 ΤΡ.
270 1671 471 1717 ἐρησόμενος
488 1672 613 1707 ἐκεῖνον
628 1670 801 1718 Ἑλλήνων
817 1674 894 1720 πέρι
1142 1686 1198 1721 105

270 1723 513 1767 ἁπαξαπάντων
529 1723 550 1760 ὅ
565 1738 598 1760 τι
614 1726 722 1762 ποιεῖν
736 1725 947 1768 βουλεύεται.

168 1780 226 1810 ΟῙ.
246 1780 289 1810 A.
318 1776 375 1810 ἐὰν
392 1776 429 1811 δέ
444 1775 490 1822 μή
509 1790 567 1812 σοι
584 1777 838 1825 καταγορεύσῃς

166 1832 232 1863 ΤΡ·
859 1831 1038 1878 γράψομαι

225 1902 233 1903 ff
272 1877 441 1924 Μήδοισιν
457 1881 557 1922 αὐτὸν
573 1882 766 1929 προδιδόναι
781 1882 842 1928 τὴν
857 1882 1019 1920 Ἐλλάδα.

170 1936 228 1966 ΟΙ.
247 1936 288 1967 A.
317 1931 364 1975 μὰ
381 1933 438 1967 τὸν
455 1934 621 1969 Διόνυσον
637 1933 797 1970 οὐδέποτε
814 1936 934 1979 ζῶντός
949 1935 982 1983 γ’
1001 1936 1094 1982 ἐμοῦ·

167 1984 232 2013 ΤΡ.
271 1994 331 2015 ουκ
348 1981 424 2015 ἔστι
440 1982 530 2028 παρὰ
546 1982 637 2018 ταῦτ’
655 1983 745 2020 ω’.
1139 1997 1198 2021 110

168 2035 225 2066 01.
254 2036 295 2067 A.
761 2036 813 2072 ἰοὺ
830 2036 883 2071 tm>
901 2033 965 2070 ἰού·

270 2083 297 2118 ὦ
313 2084 436 2126 παιδί’,
455 2086 475 2120 ὁ
491 2086 600 2132 πατὴρ
617 2087 828 2124 ἀπολιπῶν’
807 2088 988 2135 απέρχεται

269 2135 353 2180 ὑμᾶς
370 2136 510 2183 ἐρήμους
526 2138 574 2175 εἷς
589 2140 648 2175 τὸν
664 2140 803 2187 οὐρανὸν
818 2140 939 2188 λάθρα.

268 2186 350 2222 ἀλλ’
368 2189 577 2232 ἀντιβολεῖτε
593 2192 653 2227 τὸν
667 2192 795 2235 πατέρ’,
813 2191 840 2228 ὦ
857 2191 1087 2239 κακοδαίμονα.

167 2244 239 2274 ΚΟ.
268 2239 295 2273 ὦ
311 2240 428 2288 πάτερ,
447 2241 474 2276 ὦ
490 2243 608 2290 πάτερ,
619 2242 710 2291 ὅρη
689 2245 810 2288 ετυμός
824 2257 866 2287 ’γε

268 2292 451 2337 δώμασιν“
434 2294 604 2342 ημετέροις
621 2297 723 2343 φάτις
739 2297 811 2342 ἥκει
1079 2310 1086 2313 ”
1137 2307 1194 2342 115

269 2344 313 2380 ὡς
331 2344 376 2379 σὺ
391 2345 463 2390 μετ’
481 2347 622 2393 ὀρνίθων
637 2349 812 2396 προλιπὼν
829 2349 887 2395 ἐμὲ

269 2396 304 2432 ἐς
321 2398 460 2444 κόρακας
475 2396 589 2440 βαδιεῖ
602 2402 830 2447 μεταμώνιος;

266 2448 341 2483 ἔστι
363 2464 397 2484 τι
422 2451 517 2486 τῶνδ’
545 2451 693 2498 ἐτύμως;
722 2451 798 2494 εἶπ’,
827 2453 854 2488 ὦ
879 2454 996 2501 πάτερ,
1021 2469 1051 2490 ει
1075 2467 1109 2490 τι
1134 2454 1193 2501 φι-

316 2502 388 2538 λεῖς
403 2516 458 2547 με.

164 2557 227 2586 ΤΡ.
266 2552 442 2616 δοξάσαι”
421 2569 508 2596 εστι,
523 2557 630 2603 κόραι
658 2559 697 2593 τὸ
710 2557 777 2593 δ”
758 2557 929 2604 ετήτυμον,
944 2558 1123 2605 αχθομαι’
1106 2561 1194 2605 υμῖν,

265 2603 345 2647 ἡνίκ’
363 2605 404 2640 ἂν
419 2606 595 2652 αἰτίζητ’*
572 2623 685 2656 αρτον,
703 2611 842 2646 πάππαν
857 2626 899 2656 με
917 2613 1094 2653 καλοῦσαι,
1138 2625 1196 2648 120

265 2656 359 2692 ἔνδον
376 2657 405 2692 δ’
419 2658 579 2706 ἀργυρίου
594 2661 678 2706 μηδὲ
694 2660 849 2708 ψακὰς’
824 2679 846 2708 ῃ
864 2664 951 2698 πάνυ
966 2663 1114 2709 πάμπαν.

264 2706 304 2752 ἢν
321 2708 388 2743 δ”
369 2710 434 2756 εγῶ
451 2709 489 2745 εὖ
504 2712 634 2758 πράξας
650 2713 743 2748 ἔλθω
760 2716 874 2756 πάλιν,
895 2713 979 2759 ‘ger'
996 2716 1032 2751 ἐν
1048 2716 1118 2763 ὥρᾳ

265 2759 434 2807 κολλύραν
449 2764 599 2811 μεγάλην
615 2766 669 2800 καὶ
686 2767 847 2802 κόνδυλον
863 2766 991 2814 οψον’
972 2767 1022 2803 επ’
1041 2769 1135 2813 αὐτῇ.

162 2817 234 2847 ΚΟ.
262 2812 316 2847 καὶ
333 2813 384 2849 τίς
399 2816 503 2860 πόρος
521 2830 578 2850 σοι
595 2817 653 2862 τῆς
669 2817 750 2853 ὁδοῦ
765 2817 963 2865 γενήσεταις

263 2866 341 2900 ναῦς
356 2878 418 2910 μεν
433 2867 498 2914 γὰρ
515 2868 575 2902 οὒκ
592 2868 665 2912 ἄξει
682 2883 724 2904 σε
741 2869 861 2916 ταύτην
877 2872 937 2916 τὴν
954 2872 1190 2919 &eh-125

161 2920 224 2950 TP.
262 2918 385 2961 πτηνὸς
400 2917 560 2963 πορεύσει
576 2923 702 2957 πῶλος·
731 2937 771 2956 ου
788 2922 1062 2970 ναυσθλώσομαι.

162 2973 232 3003 ΚΟ.
260 2968 311 3004 τίς
328 2968 393 3003 δ”
375 2970 508 3013 ηπίνοιά
525 2972 668 3008 σουστὶν
684 2973 773 3009 ὥστε
790 2975 953 3022 κάνθαρον

264 3018 412 3065 ζεύξαντ’
428 3021 582 3059 ἐλαύνειν
598 3023 646 3061 εἷς
663 3024 769 3066 θεους,
789 3027 816 3061 ὦ
832 3028 988 3070 παππία;

160 3077 224 3107 ΤΡ.
263 3072 299 3107 ἐν
315 3074 426 3109 τοῖσιν
442 3074 603 3111 Αἶσῶπου
619 3078 737 3124 λόγοις
753 3078 909 3126 ἐξευρέθη

261 3125 362 3169 μόνος
377 3130 534 3162 πετεινῶν
551 3127 598 3164 εἷς
615 3127 711 3165 θεοὺς
727 3129 923 3178 ἀφιγμένος.
1131 3146 1191 3177 130

162 3180 231 3211 ΚΟ.
259 3176 405 3212 απιστον
421 3175 514 3214 εἴπας
530 3178 647 3224 μῦθον,
666 3177 692 3214 ὦ
709 3182 814 3228 πάτερ
830 3184 947 3228 πάτερ,

260 3227 351 3265 ὅπως
368 3230 537 3275 κάκοσμον
554 3233 638 3279 ζῷον
654 3230 792 3276 ᾗλθεν’
772 3249 808 3271 ες
825 3232 953 3272 θεούς.“

163 3284 227 3315 ΤΡ.
264 3278 369 3324 ἦλθεν
385 3281 455 3317 κατ’
473 3282 633 3330 ἔχθραν’
613 3286 711 3319 αετοῧ
727 3285 833 3320 πάλαι
849 3287 942 3326 ποτε,

260 3347 287 3380 φ
316 3332 515 3370 ἐκκυλίνδων
531 3335 879 3382 κάντιτιμωρούμενος.

161 3387 231 3419 ΚΟ.
258 3384 378 3420 οὐκοῦν
394 3387 497 3432 ἐχρῆν
514 3402 556 3422 σε
562 3389 738 3448 Πηγάσου
756 3389 867 3433 ζεῦξαι
882 3389 1015 3437 πτερὸν,
1131 3404 1185 3438 135

260 3435 350 3473 ὅπως
367 3437 507 3484 ἐφαίνου
523 3439 594 3475 τοῖς
611 3438 699 3476 θεοῖς
715 3440 968 3489 τραγικώτερος.

158 3491 222 3523 ΤΡ.
257 3487 337 3523 ἀλλ’
356 3487 383 3523 ὃ
398 3489 474 3534 μέλ’
491 3490 532 3526 ἄν
547 3503 605 3536 μοι
623 3491 740 3527 σιτίων
756 3492 885 3528 διπλῶν
900 3492 980 3529 ἔδει·

259 3541 318 3578 νῦν
334 3539 364 3577 δ’
381 3540 452 3578 ἄττ’
470 3541 511 3580 ἂν
527 3541 625 3581 αὐτὸς
642 3544 824 3594 καταφάγω
842 3544 884 3582 τὸ
901 3545 1005 3590 σιτία,

2186 256 2267 304 491

1292 364 1295 367 ”
1341 362 1492 400 τούτοισι
1508 359 1729 399 τοῖς”αὗτοῖσι
1746 363 1863 397 τοῦτον
1879 360 2053 408 χορτάσω.

1240 423 1312 453 xo.

1153 529 1194 571 85
1238 528 1302 558 TP.

1243 632 1314 661 xo.

1236 683 1304 713 TP.

1243 736 1313 767 Ko-

1243 893 1304 923 TP.

1242 2513 1307 2543 ΕΡ.

1242 2619 1307 2648 ΕΡ.

1241 2827 1306 2857 ΕΡ.

1240 2880 1306 2910 ΕΡ.

1240 2932 1305 2962 ΕΡ.

1239 3036 1302 3066 ΤΡ.

1239 3140 1304 3170 ΕΡ.

1239 3192 1304 3221 ΕΡ.

1238 3244 1301 3274 ΤΡ.

1238 3400 1302 3429 ΕΡ.

1340 417 1375 453 τί
1390 416 1432 457 δ’,
1451 416 1492 461 ἦν
1509 416 1543 452 ἐς
1559 415 1664 462 ὑγρὸν
1679 417 1814 450 πόντιον
1829 414 1919 458 πέσῃ
1937 412 2065 456 βάθοςς
2211 421 2272 453 140

1341 473 1413 506 πῶς
1430 467 1621 513 ἐξολισθεῖν
1637 468 1760 511 πτηνὸς
1776 467 1822 502 ὢν
1839 465 2038 510 δυνήσεται;
2074 478 2077 481 ·

1341 522 1492 566 ἐπίτηδες
1508 517 1602 566 εἶχον
1618 520 1794 564 πηδάλιον,
1812 515 1840 566 ᾧ
1855 517 2039 564 χρήσομαι·

1343 575 1382 608 τὸ
1400 574 1437 609 δέ
1453 574 1574 608 πλοῖον
1591 573 1688 607 ἔσται
1705 570 1916 617 Ναξιουργὴς
1933 569 2108 616 κάνθαρος.

1340 626 1442 670 λιμὴν
1459 625 1496 660 δὲ
1513 625 1564 660 τίς
1582 638 1624 659 σε
1641 623 1771 667 δέξεται
1789 621 2022 668 φορούμενον;

1343 678 1378 713 ἐν
1395 679 1534 724 Πειραεῖ
1550 675 1657 721 δήπου
1673 675 1745 711 ’στὶ
1762 674 1937 718 Κανθάρου
1953 673 2069 719 λιμήν.

1343 730 1447 764 ἐκεῖνο
1465 728 1569 776 τήρει,
1587 728 1633 773 μὴ
1652 728 1801 774 σφαλεὶς
1817 727 2001 773 καταρρυῇς

1345 781 1508 821 ἐντεῦθεν,
1527 795 1599 816 ειτα
1615 781 1730 827 χωλὸς
1746 780 1792 815 ὢν
1808 779 1973 826 Εὐριπίδῃ
2013 802 2018 807 -

1343 837 1450 880 λόγον
1466 834 1647 880 παράσχῃς
1664 847 1718 867 και
1734 832 1903 880 τραγῳδία
1918 830 2012 877 γένῃ.

1343 888 1418 931 ἐμοὶ
1434 885 1578 931 μελήσει
1594 886 1699 920 ταῦτά
1714 883 1761 931 γ’.
1791 884 1883 919 ἀλλὰ
1899 882 2047 930 χαίρετε.

1344 939 1437 984 ὑμεῖς
1454 939 1492 973 δέ
1507 937 1553 985 γ’,
1571 938 1656 984 ὑπὲρ
1674 937 1720 972 ῶν
1736 936 1814 973 τοὺς
1831 938 1954 972 πόνους
1971 936 2037 982 ἐγὼ
2053 937 2156 976 πονῶ,

1343 992 1388 1036 μὴ
1401 991 1517 1034 βδεῖτε
1533 991 1615 1035 μηδὲ
1632 989 1747 1036 χέζεθ’
1766 989 1897 1035 ἡμερῶν
1913 991 2025 1035 τριῶν

1345 1044 1390 1080 ὡς
1407 1043 1437 1078 εἶ
1451 1042 1618 1089 μετέωρος
1635 1041 1734 1078 οὗτος
1751 1041 1797 1076 ὢν
1814 1039 2045 1088 ὀσφρήσεται,

2219 684 2276 717 145

2187 943 2191 949 ⁴
2220 947 2278 979 ¹50

1346 1097 1432 1131 κάτω
1451 1096 1535 1141 κάρα
1551 1094 1659 1141 ῥίψας
1675 1109 1718 1139 με
1734 1092 1995 1138 βουκολήσεται.

1345 1147 1424 1183 ἀλλ’
1442 1147 1515 1194 ὅγε,
1534 1145 1688 1194 Πήγασε,
1707 1148 1811 1193 χώρει
1827 1145 1967 1192 χαίρων,

1345 1200 1599 1247 χρυσοχάλινον
1615 1200 1766 1246 πάταγον
1782 1198 1922 1245 ψαλίων

1346 1251 1537 1296 διακινήσας
1554 1251 1710 1298 φαιδροῖς
1727 1251 1822 1286 ὦσίν.

1345 1306 1379 1340 τί
1394 1307 1512 1345 ποιεῖς,
1530 1304 1565 1338 τί
1579 1306 1707 1344 ποιεῖς;
1735 1305 1796 1339 ποῖ
1809 1302 2025 1349 παρακλίνεις

1346 1357 1424 1395 τοὺς
1440 1357 1606 1403 μυκτῆρας
1621 1356 1707 1402 πρὸς
1722 1356 1782 1392 τὰς
1798 1354 1947 1403 λαύρας;

1345 1409 1388 1446 ἵει
1406 1411 1531 1446 σαυτὸν
1547 1408 1679 1456 θαρρῶν
1695 1408 1761 1444 ἀπὸ
1778 1410 1852 1455 γῆς,

1347 1460 1429 1509 κᾷτα
1446 1462 1605 1509 δρομαίαν
1620 1460 1757 1508 πτέρυγ’
1775 1461 1927 1496 ἐκτείνων

1346 1515 1454 1563 ὀρθῶς
1469 1516 1573 1561 χώρει
1591 1515 1670 1550 Διὸς
1688 1513 1735 1550 εἷς
1751 1513 1868 1554 αὐλὰς,

1346 1569 1412 1604 ἀπὸ
1429 1569 1490 1613 μὲν
1507 1568 1626 1611 κάκκης
1642 1566 1701 1610 τὴν
1717 1565 1779 1613 ῥῖν’
1798 1565 1944 1612 ἀπέχων,

1346 1621 1412 1656 ἀπὸ
1430 1619 1459 1655 δ’
1476 1619 1638 1666 ἧμερινῶν
1655 1618 1760 1653 σι’των
1775 1620 1921 1654 πάντων.

1346 1673 1511 1719 ἄνθρωπε,
1529 1672 1563 1707 τί
1580 1672 1671 1718 δρᾷς,
1690 1669 1788 1707 οὗτος
1804 1672 1824 1705 ὁ
1840 1670 1950 1716 χέζων

1347 1727 1383 1761 ἐν
1399 1726 1537 1771 Πειραεῖ
1551 1724 1642 1770 παρὰ
1659 1724 1730 1759 ταῖς
1746 1725 1904 1770 πόρναις;
2021 1769 2027 1772 ξ

1346 1778 1485 1814 ἀπολεῖς
1499 1777 1546 1822 μ’,
1564 1777 1713 1812 ἀπολεῖς.
1742 1775 1783 1810 οὔ
1800 1773 2002 1821 κατορύξεις,

1347 1828 1592 1877 κάπιφορήσεις
1608 1830 1667 1874 τῆς
1682 1830 1744 1875 γῆς
1759 1827 1905 1872 πολλὴν,

1348 1881 1610 1929 κάπιφυτεύσεις
1627 1881 1797 1928 ἕρπυλλον
1813 1880 1892 1919 ἅνω,

1347 1936 1401 1971 καὶ
1417 1933 1523 1981 μύρον
1539 1935 1686 1980 ἐπιχεῖς;
1716 1933 1760 1969 ὦς
1777 1934 1818 1978 ἤν
1834 1946 1867 1967 τι
1884 1931 1999 1968 πεσὼν

1347 1986 1478 2022 ἐνθένδε
1494 1985 1603 2024 πάθω,
1622 1984 1746 2028 τούμοῦ
1764 1983 1908 2018 θανάτου

1344 2038 1443 2074 πέντε
1461 2036 1601 2073 τάλανθ’
1620 2035 1640 2080 ἡ
1657 2037 1757 2071 πόλις
1774 2034 1794 2079 ἦ
1812 2034 1902 2069 Χίων

1345 2091 1401 2126 διὰ
1418 2091 1477 2125 τὸν
1495 2090 1559 2125 σὸν
1574 2089 1728 2136 πρωκτὸν
1745 2085 1909 2133 ὀφλήσει.

1346 2140 1411 2188 οἴμ’
1431 2142 1475 2179 ὧς
1492 2141 1624 2177 δέδοικα
1641 2139 1769 2175 κούκέτι
1788 2139 1952 2174 σκώπτων
1968 2136 2072 2184 λέγω.

1346 2194 1373 2229 ῶ
1389 2193 1607 2240 μηχανοποιὲ,
1626 2194 1776 2239 πρόσεχε
1793 2192 1852 2226 τὸν
1869 2192 1947 2225 νοῦν
1964 2190 2008 2225 ὡς
2025 2189 2095 2235 ἐμὲ

1345 2247 1407 2292 ἤδη
1426 2247 1576 2293 στροφεῖ
1591 2259 1623 2280 τι
1640 2246 1768 2289 πνεῦμα
1783 2244 1861 2289 περὶ
1878 2244 1937 2277 τὸν
1953 2242 2125 2287 ὀμφαλὸν,

1346 2299 1396 2334 κεῖ
1411 2298 1456 2344 μὴ
1474 2297 1651 2344 φυλάξεις,
1670 2296 1830 2343 χορτάσω
1847 2295 1906 2329 τὸν
1923 2293 2099 2340 κάνθαρον.

1344 2351 1428 2398 ἀτὰρ
1447 2349 1548 2397 ἐγγὺς
1565 2347 1647 2384 εἶναι
1663 2352 1729 2383 τῶν
1746 2347 1830 2382 θεῶν
1846 2347 1919 2391 ἐμοὶ
1937 2347 2035 2389 δοκῶ,

1347 2404 1400 2438 καὶ
1417 2403 1457 2448 δὴ
1476 2401 1606 2448 καθορῶ
1623 2401 1683 2445 τὴν
1700 2399 1805 2435 οἰκίαν
1821 2399 1881 2443 τὴν
1898 2401 1959 2433 τοῦ
1977 2399 2068 2435 Διός.

1344 2456 1394 2492 τίς
1411 2456 1447 2491 ἐν
1464 2455 1543 2490 Διὸς
1561 2452 1736 2499 θύραισιν;
1765 2452 1824 2485 οὐκ
1841 2450 2011 2494 ἀνοίξετε;

1338 2507 1443 2544 πόθεν
1458 2507 1585 2553 βροτοῦ
1597 2519 1639 2550 με
1654 2502 1845 2547 προσέβαλ’
1857 2515 1867 2543 ;
1896 2501 1985 2546 ὦναξ
2000 2501 2192 2549 Ἡράκλεις,
2219 2506 2278 2538 180

1343 2560 1437 2595 τουτὶ
1453 2559 1486 2594 τί
1503 2558 1578 2592 ἐστι
1594 2558 1633 2591 τὸ
1652 2557 1770 2596 κακόν;
1825 2560 1889 2590 ΤΡ.
1918 2554 2173 2601 ἱπποκάνθαρος.

1339 2611 1366 2646 ὦ
1382 2610 1527 2656 βδελυρὲ
1545 2610 1598 2644 καὶ
1614 2608 1761 2655 τολμηρὲ
1779 2607 2000 2652 κάναίσχυντε
2017 2605 2063 2642 σὺ

1344 2664 1398 2699 καὶ
1413 2662 1510 2710 μιαρὲ
1528 2662 1581 2696 καὶ
1597 2659 1766 2707 παμμίαρέ
1782 2660 1836 2694 καὶ
1851 2660 2049 2705 μιαρώτατε,

1343 2720 1413 2752 πῶς
1430 2714 1517 2761 δεῦρ’
1535 2712 1688 2758 ἀνῆλθες,
1708 2711 1735 2746 ὦ
1752 2714 1878 2758 μιαρῶν
1893 2713 2078 2758 μιαρώτατε
2092 2723 2102 2751 ;
2215 2716 2275 2753 184

1343 2768 1378 2803 τί
1395 2767 1453 2803 σοί
1464 2763 1539 2803 ποτ’
1551 2764 1623 2800 ἔστ’
1642 2763 1749 2810 ὅνομ’;
1769 2764 1829 2799 οὔκ
1842 2763 1948 2810 ἐρεῖςς
1976 2769 2040 2798 ΤΡ.
2058 2763 2275 2810 μιαρώτατος.

1339 2820 1488 2856 ποδαπὸς
1498 2819 1536 2853 τὸ
1546 2817 1642 2864 γένος
1652 2816 1681 2851 δ’
1693 2813 1738 2857 εἶ;
1758 2816 1868 2863 φράζε
1879 2829 1949 2860 μοι.
1977 2821 2041 2851 ΤΡ.
2056 2816 2272 2862 μιαρώτατος.

1339 2871 1447 2918 πατὴρ
1465 2870 1504 2906 δέ
1519 2883 1577 2905 σοι
1593 2869 1644 2904 τίς
1662 2868 1777 2909 ἐστιν;
1830 2873 1894 2903 ΤΡ.
1923 2867 1998 2912 ἐμοί
2007 2880 2017 2908 ;
2045 2868 2262 2914 μιαρώτατος.

1339 2926 1380 2960 οὔ
1395 2937 1448 2959 τοι
1464 2922 1511 2968 μὰ
1527 2921 1587 2966 τὴν
1603 2921 1669 2966 Γῆν
1685 2919 1763 2955 ἔσθ’
1782 2919 1872 2956 ὅπως
1889 2919 1949 2955 οὔκ
1966 2919 2135 2959 ἀποθανεῖ,
2166 2935 2174 2962 ι

1342 2977 1372 3011 εἷ
1388 2976 1433 3021 μὴ
1451 2975 1597 3020 κατερεῖς
1613 2986 1671 3018 μοι
1687 2969 1820 3018 τοῦνομ’
1836 2971 1857 3007 ὅ
1873 2985 1906 3006 τι
1922 2971 1997 3007 ποτ’
2015 2973 2090 3007 ἔστι
2108 2985 2177 3006 σοι.

1341 3029 1502 3074 Τρυγαῖος
1517 3024 1707 3070 Ἀθμονεὺς,
1726 3023 1958 3071 ἀμπελουργὸς
1974 3024 2094 3068 δεξιὸς,

1342 3081 1381 3115 οὐ
1400 3079 1624 3125 συκοφάντης,
1642 3076 1710 3112 οὔδ’
1730 3076 1873 3124 ἐραστὴς
1888 3077 2104 3123 πραγμάτων.

1342 3132 1430 3177 ἥκεις
1446 3131 1483 3166 δέ
1500 3130 1583 3165 κατὰ
1599 3129 1634 3164 τί
1643 3142 1654 3170 ;
1710 3134 1775 3164 ΤΡ.
1802 3129 1844 3164 τὰ
1862 3128 1941 3175 κρέα
1956 3128 2053 3164 ταυτί
2068 3138 2127 3163 σοι
2143 3127 2270 3174 φέρων.

1342 3184 1369 3219 ὦ
1386 3181 1590 3230 δειλακρίων,
1609 3184 1679 3218 πῶς
1694 3179 1818 3226 ἦλθες;

1826 3231 1853 3267 ὦ
1869 3233 2058 3280 γλίσχρων,
2076 3230 2155 3279 ὁρᾷς

1340 3289 1384 3324 ὡς
1401 3286 1506 3322 οὐκέτ’
1524 3283 1606 3322 εἶναί
1622 3299 1679 3321 σοι
1698 3286 1785 3321 δοκῶ
1801 3286 2007 3331 μιαρώτατος
2016 3296 2027 3326 2

1339 3339 1387 3375 ’ίθι
1405 3353 1476 3380 νυν,
1495 3339 1642 3374 κάλεσόν
1657 3351 1715 3383 μοι
1731 3339 1790 3373 τὸν
1807 3336 1877 3372 Δί’.

1920 3388 1952 3433 εὴ
1970 3388 2003 3433 ιν)
2021 3387 2066 3433 ῑὴ,

1340 3442 1388 3479 ὅτ’
1405 3443 1482 3479 οὐδὲ
1498 3442 1636 3488 μέλλεις
1652 3441 1751 3489 ἐγγὺς
1769 3437 1850 3476 εἶναι
1867 3444 1933 3475 τῶν
1949 3440 2045 3475 θεῶν·

1340 3495 1485 3543 φροῦδοι
1499 3494 1566 3542 γὸρ
1583 3493 1680 3540 ἐχθές
1697 3493 1784 3528 εἶσιν
1801 3491 2030 3541 ἐξῳκισμένοι.

1338 3549 1399 3586 ποῖ
1412 3548 1495 3594 γῆς;
1548 3551 1614 3582 ΕΡ.
1643 3545 1715 3581 ἶδοὺ
1731 3546 1804 3594 γῆς.
1857 3550 1920 3580 ΤΡ.
1949 3543 2040 3579 ἀλλὰ
2055 3543 2136 3589 ποῖῑ

2227 1463 2284 1494 160

2224 1723 2281 1766 165

2227 1991 2283 2025 170

2222 2253 2278 2286 175

2215 3037 2274 3069 190

2210 3346 2266 3382 ¹95
