2488 3860
215 290 288 335 192

210 398 235 427 Κ
243 399 277 429 Ρ.
311 391 394 441 ἕρπ’,
415 393 440 430 ὦ
457 394 590 441 ματαία,
611 396 665 431 καί
682 395 715 443 μ’
735 397 932 443 ἀπάλλαξον
949 400 1070 435 πόνων.

211 451 292 481 ΜΗ.
308 449 472 492 πονοῦμεν
490 447 581 493 ἡμεῖς
599 450 658 483 κού
674 451 784 486 πόνων
801 451 999 498 κεχρήμεθα.

211 503 276 533 ΚΡ.
309 499 382 544 τάχ’
403 500 440 543 ἐξ
458 500 591 535 ὀπαδῶν
607 503 720 548 χειρὸς
738 502 889 538 ὦσθήσει
902 505 973 550 βίᾳ.

210 555 292 594 ΜΗ.
307 551 351 595 μὴ
371 552 451 596 δῆτα
468 555 567 587 τοῦτό
584 553 628 600 γ’,
648 554 739 590 ἀλλά
758 554 789 590 σ’
810 555 973 601 αἰτοῦμαι,
994 557 1111 604 Κρέον.

211 608 275 637 KP.
309 602 416 648 ὄχλον
432 605 597 651 παρέξεις,
617 607 661 642 ὣς
679 607 797 647 ἔοικας,
818 608 844 642 ὦ
861 607 969 655 γύναι.

211 660 292 689 ΜΗ.
308 655 530 700 φει·ξούμεθ”
560 658 599 692 οὗ
617 658 712 693 τοῦθ’
732 659 885 695 ἱκέτευσα
903 664 968 696 σοῦ
986 664 1110 707 τυχεῖν.

211 712 276 741 KP.
310 707 343 742 τί
361 708 389 743 δ’
409 708 467 744 οὖν
483 711 592 753 βιάζει
610 711 689 745 κούκ
706 712 925 748 ἀπαλλάσσει
942 714 1064 759 χθονός
1078 728 1087 755 ;

210 765 291 795 ΜΗ.
306 761 384 804 μίαν
401 776 442 805 με
460 763 566 801 μεῖναι
584 762 672 807 τήνδ’
692 765 794 799 ἔασον
811 764 934 812 ἡμέραν

310 813 361 847 καὶ
382 813 585 860 ξυμπερᾶναι
603 817 754 862 φροντίδ’
773 815 795 862 ᾖ
812 817 1038 863 φευξούμεθα,

309 865 427 900 παισίν
444 864 474 900 τ’
494 867 651 914 ἀφορμὴν
667 871 737 905 τοῖς
755 870 857 914 ἐμοῖς,
878 871 949 905 ἐπεὶ
965 871 1074 916 πατὴρ

310 918 406 953 οὐδὲν
422 922 567 965 προτιμᾷ
584 920 845 966 μηχανήσασθαι
862 923 999 959 τέκνοις.

310 968 449 1017 οἴκτειρε
467 971 495 1006 δ’
515 971 647 1009 αὐτούς·
676 974 728 1008 καὶ
747 972 792 1008 σύ
810 988 862 1008 τοι
878 975 1005 1010 παίδων
1021 975 1129 1021 πατὴρ

308 1023 472 1068 πέφυκας·
501 1024 588 1061 εἰκὸς
605 1024 634 1060 δ’
653 1025 747 1060 ἐστὶν
765 1027 892 1061 εὔνοιάν
910 1026 944 1061 σ’
963 1028 1064 1072 ἔχειν.

308 1075 433 1120 τούμοῦ
449 1077 515 1123 γὰρ
533 1079 573 1112 οὔ
588 1092 645 1122 μοι
663 1079 814 1124 φροντὶς,
835 1078 865 1113 εἶ
881 1078 1105 1124 φευξούμεθα,

309 1127 435 1164 κείνους
454 1129 490 1163 δέ
509 1129 613 1164 κλαίω
632 1131 790 1177 ξυμφορᾷ
808 1131 1039 1177 κεχρημένους.

308 1179 429 1224 ἥκιστα
447 1181 570 1226 τούμὸν
586 1181 664 1226 λῆμ’
684 1183 751 1228 ἕφυ
768 1184 970 1229 τυραννικὸν,

309 1231 501 1277 αἰδούμενος
519 1234 554 1268 δέ
572 1235 687 1269 πολλὰ
706 1235 745 1279 δὴ
764 1235 939 1282 διέφθορα·

309 1285 362 1319 καὶ
380 1287 437 1319 νῦν
454 1287 521 1332 ὁρῶ
538 1286 599 1330 μὲν
616 1287 858 1334 ἐξαμαρτάνων,
877 1286 985 1334 γύναι,

310 1336 399 1381 ὅμως
416 1337 452 1372 δέ
470 1337 578 1381 τεύξει
596 1339 705 1373 τοῦδε·
735 1339 928 1384 προύννέπω
947 1341 986 1375 δέ
1002 1355 1070 1381 σοι,

310 1387 341 1423 εἴ
357 1388 390 1423 σ’
409 1388 428 1433 ἡ
446 1389 583 1425 ’πιοῦσα
600 1391 734 1434 λαμπὰς
753 1391 876 1438 ὄψεται
895 1392 973 1427 θεοῦ

309 1442 362 1476 καὶ
379 1443 498 1478 παῖδας
516 1443 606 1478 ἐντὸς
624 1443 728 1487 τῆσδε
745 1445 911 1490 τερμόνων
927 1444 1060 1490 χθονὸς,

311 1493 411 1528 θανεῖ·
441 1495 596 1529 λέλεκται
613 1495 716 1539 μῦθος
734 1495 885 1541 ἀψευδὴς
903 1497 970 1532 ὅδε.

310 1547 367 1581 νῦν
384 1545 426 1586 δ’,
446 1546 475 1580 εἷ
491 1547 600 1591 μένειν
617 1548 677 1586 δεῖ,
696 1547 784 1592 μίμν’
804 1547 859 1594 ἐφ’
878 1548 1001 1596 ἡμέραν
1016 1550 1107 1595 μίαν·

310 1598 349 1632 οὐ
366 1599 431 1645 γάρ
449 1612 481 1632 τι
499 1599 635 1645 δράσεις
653 1600 758 1634 δεινὸν
777 1600 821 1635 ὧν
839 1602 951 1647 φόβος
968 1602 1001 1647 μ’
1021 1604 1103 1648 ἕχει.

310 1648 452 1685 δύστανε
469 1650 576 1696 γύναι,

311 1703 378 1748 φεῦ
396 1704 474 1748 φεῦ,
493 1704 597 1748 μελέα
614 1707 680 1738 τῶν
699 1707 769 1739 σῶν
786 1705 904 1750 ἀχέων.

309 1757 369 1790 ποῖ
384 1769 466 1790 ποτε
484 1757 626 1802 τρέψει;
656 1756 728 1791 τίνα
745 1758 934 1804 προξενίαν,

309 1806 329 1852 ἢ
349 1807 460 1852 δόμον,
480 1807 498 1852 ἢ
517 1808 622 1853 χθόνα
642 1810 777 1856 σωτῆρα
796 1813 901 1845 κακῶν

311 1859 522 1906 ἐξευρήσεις;

311 1912 355 1947 ὡς
373 1912 419 1948 εἷς
436 1913 563 1959 ἄπορόν
581 1928 623 1948 σε
641 1912 793 1950 κλύδωνα
811 1914 897 1956 θεὸς,

311 1963 450 2008 Μήδεια,
471 1968 577 2000 κακῶν
594 1966 768 2012 ἐπόρευσε.

312 2014 415 2047 κακῶς
430 2012 615 2058 πέπρακται
632 2014 798 2059 πανταχῆ·
826 2013 877 2050 τίς
894 2015 1023 2062 ἀντερεῖ
1033 2028 1042 2056 ;

308 2062 384 2097 ἀλλ’
405 2065 477 2098 οὔτι
495 2063 596 2108 ταύτῃ
614 2067 727 2105 ταῦτα,
747 2065 791 2110 μὴ
810 2066 937 2101 δοκεῖτέ
951 2083 1015 2103 πω.

308 2114 352 2149 ἔτ’
372 2113 435 2149 εἷο)
455 2116 579 2162 ἀγῶνες
595 2119 665 2152 τοῖς
682 2119 802 2153 νεωστὶ
820 2119 987 2163 νυμφίοις,

310 2167 361 2201 καὶ
379 2169 469 2202 τοῖσι
488 2168 691 2212 κηδεύσασιν
708 2170 747 2204 οὗ
766 2172 900 2217 σμικροὶ
917 2174 1024 2207 πόνοι.

310 2220 416 2256 δοκεῖς
432 2221 498 2266 γὰρ
516 2220 556 2255 ἅν
572 2236 614 2266 με
631 2223 726 2257 τόνδε
745 2222 916 2259 θωπεῦσαί
932 2238 1025 2263 ποτε,

311 2271 340 2305 εἶ
357 2271 401 2316 μή
420 2286 452 2307 τι
471 2273 708 2319 κερδαίνουσαν
725 2273 745 2319 ἦ
765 2275 993 2320 τεχνωμένην;

311 2324 379 2358 οὐδ’
400 2324 439 2359 ἂν
455 2328 642 2371 προσεῖπον
660 2326 728 2361 οὐδ’
747 2327 787 2361 ἂν
804 2326 944 2373 ἡψάμην
960 2330 1085 2375 χεροῖν.

311 2378 329 2410 ὁ
349 2376 377 2410 δ’
397 2377 430 2412 ἐς
447 2381 613 2412 τοσοῦτον
629 2379 754 2425 μωρίας
772 2379 913 2425 ἀφίκετο

312 2427 407 2468 ὥστ’,
428 2429 503 2472 ἐξὸν
520 2430 608 2478 αὐτῷ
626 2430 699 2475 τᾶμ’
720 2432 807 2466 έλεῖν
823 2431 1038 2477 βουλεύματα

311 2481 374 2526 γῆς
392 2481 581 2524 ἐκβαλόντι,
601 2481 691 2527 τήνδ’
709 2483 838 2528 ἀφῆκεν
855 2483 980 2531 ἡμέραν

311 2533 419 2576 μεῖναί
435 2532 481 2578 μ’,
502 2534 537 2568 ἐν
554 2532 575 2579 ᾗ
592 2537 680 2580 τρεῖς
698 2539 763 2570 τῶν
782 2537 868 2580 ἐμῶν
886 2537 1015 2583 ἐχθρῶν
1032 2536 1165 2584 νεκροὺς

313 2583 420 2628 θήσω,
439 2586 565 2632 πατέρα
582 2601 619 2621 τε
636 2588 689 2622 καὶ
707 2589 807 2633 κόρην
823 2590 927 2623 πόσιν
944 2587 972 2623 τ’
991 2589 1080 2634 ἐμόν.

312 2637 444 2672 πολλὰς
462 2637 490 2672 δ’
509 2638 638 2683 ἔχουσα
656 2639 859 2685 θανασίμους
875 2642 987 2677 αὐτοῖς
1005 2642 1114 2682 ὁδοὺς,

313 2689 372 2722 οὐκ
390 2686 452 2723 οἷδ’
470 2691 567 2735 ὁποίᾳ
585 2694 717 2737 πρῶτον
736 2692 888 2739 ἐγχειρῶ,
909 2694 1021 2739 φίλαι,

313 2742 454 2786 πότερον
471 2742 606 2789 ὑφάψω,
622 2744 715 2787 δῶμα
732 2746 896 2790 νυμφικὸν
912 2746 1004 2792 πυρὶ,

313 2791 332 2836 ἢ
352 2792 471 2836 θηκτὸν
489 2793 567 2828 ὤσω
586 2795 764 2841 φάσγανον
782 2797 823 2831 δι’
842 2797 979 2841 ἥπατος,

314 2845 395 2890 σιγῇ
413 2845 533 2889 δόμους
551 2847 675 2888 ἐσβᾶσ’
694 2846 732 2882 ἵν’
751 2849 915 2895 ἕστρωται
933 2850 1048 2896 λέχος.

313 2895 390 2930 ἀλλ’
410 2894 445 2931 ἕν
461 2897 495 2932 τί
511 2912 567 2941 μοι
584 2900 782 2944 πρόσαντες’
811 2901 840 2935 εἶ
857 2902 1079 2947 ληφθήσομαι

314 2949 434 2992 δόμους
451 2949 701 2995 ὑπερβαίνουσα
720 2953 773 2987 καὶ
790 2954 988 2998 τεχνωμένη,

318 2999 467 3035 θανοῦσα
484 3000 579 3045 θήσω
597 3005 667 3038 τοῖς
685 3004 775 3048 ἐμοῖς
794 3005 927 3051 ἐχθροῖς
944 3006 1064 3053 γέλων.

316 3053 479 3097 κράτιστα
496 3053 555 3097 τὴν
573 3054 713 3094 εὐθεῖαν,
732 3053 754 3100 ᾗ
770 3056 965 3102 πεφύκαμεν

316 3105 425 3167 σόφαὶ
441 3106 604 3149 μάλιστα,
624 3107 813 3154 φαρμάκοις
830 3109 949 3146 αὐτοὺς
966 3112 1066 3146 ἑλεῖν.

315 3165 391 3191 ειεν·

315 3208 369 3242 καὶ
387 3208 426 3253 δὴ
444 3208 592 3244 τεθνᾶσι·
623 3211 673 3247 τίς
689 3226 731 3255 με
749 3212 878 3256 δέξεται
895 3216 1017 3258 πόλις;

314 3260 366 3296 τίς
382 3262 446 3307 γῆν
463 3261 593 3296 ἄσυλον
611 3264 664 3297 καὶ
683 3264 804 3308 δόμους
823 3265 1004 3313 ε’χεγγύους

315 3312 410 3355 ξένος
426 3315 612 3359 παρασχὼν
629 3313 768 3360 ῥύσεται
786 3317 909 3362 τούμὸν
927 3319 1047 3363 δέμας;

314 3364 374 3398 οὐκ
391 3365 477 3398 ἔστι.
506 3365 636 3410 μείνασ’
656 3365 715 3401 οὖν
732 3368 781 3402 ἔτι
800 3371 941 3415 σμικρὸν
958 3374 1091 3416 χρόνον,

314 3415 354 3460 ἣν
370 3416 431 3460 μέν
447 3431 497 3452 τις
514 3416 591 3461 ἡμῖν
607 3417 736 3464 πύργος
753 3420 914 3465 ἀσφαλὴς
932 3423 1035 3467 φανῇ,

316 3468 406 3514 δόλῳ
424 3468 552 3513 μέτειμι
569 3471 664 3505 τόνδε
682 3472 735 3505 καὶ
753 3473 836 3516 σιγῇ
852 3474 969 3518 φόνον,

315 3518 355 3563 ἢν
372 3516 401 3554 δ’
421 3520 580 3565 ἐξελαύνῃ
599 3522 758 3569 ξυμφορά
775 3523 808 3567 μ’
827 3524 1007 3570 ἀμήχανος,

314 3571 396 3616 αὐτὴ
413 3571 516 3618 ξίφος
533 3574 702 3615 λαβοῦσα,
723 3575 771 3612 κεῖ
788 3577 904 3621 μέλλω
923 3577 1042 3619 θανεῖν,

208 1183 274 1214 ΚΡ.

208 1653 280 1685 XO.

208 2014 288 2044 ΜΗ.

1183 1563 1243 1596 355

1182 1816 1245 1857 360

1183 2071 1242 2112 365

1185 2601 1247 2634 375

1188 2855 1249 2894 380
1266 2899 1270 2910 μ

1190 3117 1249 3157 385

1263 2711 1268 2763 Ι
1289 2692 1344 2724 ΙΑ.

1191 3490 1254 3521 390
1274 3514 1276 3518 .

1109 298 1436 342 ΕΥΡΙΠΙΔΟΥ

1379 401 1480 432 κτενῶ
1499 398 1583 442 σφε,
1602 398 1727 441 τόλμης
1744 396 1773 432 δ’
1793 395 1859 442 εἶμι
1875 398 1958 445 πρὸς
1975 397 2014 432 τὸ
2032 394 2199 443 καρτερόν.

1377 450 1417 485 οὐ
1434 450 1499 495 γὰρ
1516 449 1563 493 μὰ
1579 450 1639 493 τὴν
1657 449 1846 492 δέσποιναν,
1865 448 1905 495 ἣν
1922 450 1988 497 ἐγὼ
2006 449 2100 492 σέβω

1376 503 1527 546 μάλιστα
1544 501 1676 535 πάντων
1693 502 1747 536 καὶ
1764 502 1924 548 ξυνεργὸν
1941 503 2089 546 εἱλόμην,

1375 554 1526 597 Ἑκάτην,
1546 555 1666 599 μυχοῖς
1684 553 1841 588 ναίουσαν
1858 553 1972 590 ἑστίας
1990 554 2080 598 ἐμῆς,

1377 606 1503 652 χαίρων
1520 619 1571 641 τις
1587 605 1694 640 αὐτῶν
1711 605 1833 651 τούμὸν
1849 606 1986 651 ἀλγυνεῖ
2003 605 2093 651 κέαρ.

1376 657 1513 703 πικροὺς
1531 656 1559 691 δ’
1579 657 1644 702 ἐγώ
1667 660 1755 704 σφιν
1775 658 1828 692 καὶ
1845 658 1992 703 λυγροὺς
2008 656 2103 702 θήσω
2121 658 2257 705 γάμους,

1378 710 1496 755 πικρὸν
1514 709 1549 743 δέ
1569 710 1667 753 κῆδος
1685 710 1737 743 καὶ
1755 709 1868 755 φυγὰς
1885 709 1964 754 ἐμὰς
1980 710 2114 754 χθονός.

1378 761 1455 796 ἀλλ’
1475 758 1536 796 εἷα·
1565 761 1686 807 φείδου
1702 761 1803 805 μηδὲν
1821 761 1866 796 ὧν
1883 761 2076 803 ἐπίστασαι,

1379 813 1520 858 Μήδεια,
1539 811 1755 856 βουλεύουσα
1773 813 1825 848 καὶ
1844 813 2042 859 τεχνωμένη·

1379 865 1451 912 ἕρπ’
1471 866 1505 902 ἐς
1522 867 1560 900 τὸ
1579 866 1698 901 δεινόν·
1727 867 1784 900 νῦν
1801 866 1891 911 ἀγὼν
1907 866 2086 912 εὐψυχίας.

1379 921 1458 964 ὁρᾷς
1476 917 1497 952 ἃ
1514 919 1681 963 πάσχεις;
1710 917 1750 952 οὐ
1767 917 1903 964 γέλωτα
1921 918 1972 952 δεῖ
1988 917 2021 952 σ’
2041 918 2163 962 ὀφλεῖν

1379 973 1448 1006 τοῖς
1466 970 1661 1017 Σισυφείοις
1678 972 1748 1006 τοῖς
1764 969 1792 1004 τ’
1810 968 1960 1006 Ἰάσονος
1975 970 2106 1016 γάμοις,

1379 1026 1535 1069 γεγῶσαν
1553 1022 1681 1058 ἐσθλοῦ
1698 1023 1823 1068 πατρὸς
1839 1021 1962 1057 ςΗλίου
1979 1021 2007 1056 τ’
2026 1021 2105 1056 ἅπο.

1381 1075 1562 1110 ἐπίστασαι
1581 1076 1631 1110 δέ·
1659 1075 1743 1121 πρὸς
1761 1075 1797 1109 δὲ
1814 1075 1867 1109 καὶ
1884 1073 2079 1120 πεφύκαμεν

1379 1129 1542 1174 γυναῖκες,
1562 1127 1596 1163 ἐς
1612 1127 1672 1172 μέν
1689 1126 1785 1161 ἔσθλ’
1804 1126 2068 1172 ἇμηχανώταται,

1381 1182 1486 1214 κακῶν
1504 1180 1540 1214 δὲ
1558 1180 1689 1215 πάντων
1705 1179 1854 1215 τέκτονες
1872 1179 2081 1225 σοφώταται.

1379 1231 1446 1266 ἅνω
1463 1235 1620 1277 ποταμῶν
1639 1233 1734 1278 ἱερῶν
1750 1233 1903 1277 χωροῦσι
1919 1231 2035 1277 παγαὶ,

1381 1285 1434 1319 καὶ
1452 1285 1526 1319 δίκα
1544 1285 1597 1319 καὶ
1614 1285 1721 1319 πάντα
1737 1284 1841 1318 πάλιν
1858 1284 2054 1330 στρέφεται.

1384 1337 1525 1383 ἀνδράσι
1543 1337 1604 1381 μὲν
1621 1337 1730 1371 δόλιαι
1747 1336 1882 1378 βουλαὶ,
1902 1335 1985 1370 θεῶν
2002 1334 2031 1370 δ’

1383 1389 1491 1423 οὐκέτι
1508 1389 1623 1426 πίστις
1640 1388 1753 1435 ἄραρε.
2066 1382 2286 1436 [φᾶμαι.4ι4,
2305 1398 2322 1430 5

1381 1441 1441 1476 τὰν
1477 1440 1506 1476 δ’
1543 1442 1623 1486 ἐμὰν
1660 1443 1810 1476 εὔκλειαν
1844 1440 1934 1486 ἔχειν
1966 1439 2086 1482 βιοτὰν
2120 1439 2313 1486 στρέφουσι

1382 1494 1516 1540 ἔρχεται
1533 1494 1612 1538 τιμὰ
1628 1494 1802 1540 γυναικείῳ
1819 1493 1919 1540 γένει·

2248 510 2308 543 395

2249 772 2311 803 400

2248 1032 2308 1065 405

2251 1183 2312 1222 408

2165 1242 2242 1275 στρ.
2273 1229 2312 1263 α’.

1382 1546 1491 1580 οὐκέτι
1510 1546 1721 1581 δυσκέλαδος
1739 1546 1837 1592 φάμα
1853 1546 2008 1591 γυναῖκας
2025 1543 2104 1587 ἕξει.
2201 1547 2276 1585 4ι8,
2293 1555 2314 1586 9

1381 1600 1507 1643 μοῦσαι
1525 1599 1562 1634 δὲ
1579 1598 1806 1645 παλαιγενέων
1822 1596 1965 1642 λήξουσ’
1984 1596 2099 1631 ἀοιδᾶν
2176 1597 2248 1632 ἀντ.
2269 1593 2313 1630 α’.

1382 1651 1442 1685 τὰν
1460 1651 1541 1695 ε’μὰν
1557 1651 1718 1696 ὑμνεῦσαι
1735 1648 1978 1686 ἀπιστοσύναν.

1383 1702 1423 1736 οὗ
1439 1703 1505 1750 γὰρ
1524 1703 1560 1738 ἐν
1577 1704 1719 1749 ἁμετέρᾳ
1735 1704 1850 1749 γνώμᾳ
1867 1700 1972 1749 λύρας

1383 1753 1499 1790 ὤπασε
1516 1755 1637 1790 θέσπιν
1654 1755 1768 1790 ἀοιδὰν
2251 1766 2313 1797 424

1384 1809 1519 1849 Φοῖβος,
1537 1807 1670 1854 ἁγὴτωρ
1687 1807 1826 1853 μελέων·
1857 1807 1928 1842 ἐπεὶ
1946 1804 2106 1851 ἀντάχησ’
2125 1805 2165 1840 ἃν
2182 1803 2284 1850 ὕμνον

1385 1859 1536 1906 ἀρσένων
1552 1861 1662 1907 γέννᾳ·
1691 1861 1816 1906 μακρὸς
1833 1858 1861 1894 δ’
1881 1859 1960 1893 αἰὼν
1978 1859 2048 1904 ἔχει
2206 1868 2279 1901 427,
2298 1860 2316 1890 8

1383 1913 1499 1947 πολλὰ
1515 1912 1576 1957 μὲν
1594 1912 1759 1958 ἁμετέραν
1776 1912 1903 1956 ἀνδρῶν
1920 1926 1957 1946 τε
1974 1912 2092 1957 μοῖραν
2109 1910 2225 1946 εἰπεῖν.

1387 1963 1432 1998 σὺ
1451 1963 1479 1999 δ’
1499 1964 1535 1999 ἐκ
1551 1965 1612 2009 μὲν
1629 1962 1728 1999 οἴκων
1744 1963 1907 2010 πατρῴων
1923 1963 2092 1999 ἔπλευσας
2127 1968 2130 1970 ’
2160 1974 2254 2003 .στρ.
2273 1956 2316 2002 β’-

1385 2012 1562 2058 μαινομένᾳ
1580 2012 1707 2058 κραδίᾳ,
1727 2010 1883 2056 διδύμους
1901 2013 2048 2058 ὁρισασα
2065 2010 2190 2046 πόντου

1385 2065 1519 2110 πέτρας’
1550 2065 1603 2099 ἐπὶ
1622 2064 1658 2098 δὲ
1676 2064 1753 2108 ξένᾳ

1387 2116 1487 2152 ναίεις
1503 2115 1612 2161 χθονὶ,
1632 2117 1691 2151 τᾶς
1708 2116 1869 2160 ἀνάνδρου

1388 2168 1502 2204 κοίτας
1520 2168 1675 2203 ὀλέσασα
1691 2168 1832 2214 λέκτρον

1387 2221 1539 2259 τάλαινα,
1559 2221 1671 2266 φυγὰς
1690 2220 1725 2255 δέ
1743 2221 1855 2266 χώρας

1387 2272 1502 2317 ἄτιμος
1520 2271 1662 2307 ἐλαύνει.

1387 2325 1512 2367 βέβακε
1531 2322 1560 2359 δ’
1576 2323 1683 2371 ὅρκων
1700 2325 1810 2371 χάρις,
1824 2321 1895 2358 οὐδ’
1912 2320 1956 2357 ἔτ’
1971 2322 2070 2359 αἰδὼς
2105 2323 2256 2371 ἀντιστρ.
2273 2322 2321 2366 β’.

1386 2376 1528 2411 Ἑλλάδι
1546 2380 1587 2421 τᾷ
1603 2376 1733 2422 μεγάλᾳ
1750 2375 1852 2419 μένει,
1871 2374 1999 2421 αἰθερία
2018 2374 2045 2409 δ’
2064 2375 2196 2412 ἀνέπτα.

1389 2429 1446 2462 σοὶ
1464 2427 1493 2463 δ’
1513 2430 1590 2463 οὔτε
1606 2428 1732 2474 πατρὸς
1750 2428 1859 2471 δόμοι,

1388 2479 1542 2521 δύστανε,
1561 2479 1832 2526 μεθορμίσασθαι

1388 2532 1524 2578 μόχθων
1541 2533 1642 2579 πάρα,
1662 2535 1733 2566 σῶν
1751 2531 1786 2566 δὲ
1803 2531 1952 2578 λέκτρων

1389 2585 1479 2619 ἄλλα
1495 2585 1658 2627 βασίλεια
1676 2584 1845 2632 κρείσσων

1389 2637 1543 2682 δόμοισιν
1560 2633 1695 2672 ε’πέστα.

1390 2690 1430 2724 οὗ
1448 2692 1505 2724 νῦν
1523 2690 1671 2725 κατεῖδον
1688 2692 1831 2736 πρῶτον,
1851 2688 1942 2723 ἀλλὰ
1958 2689 2123 2726 πολλάκις

1389 2745 1544 2788 τραχεῖαν
1561 2742 1664 2789 ὀργὴν
1681 2743 1725 2777 ὣς
1742 2740 1911 2786 ἀμήχανον
1928 2743 2037 2776 κακόν.

1390 2794 1447 2828 σοὶ
1464 2794 1529 2840 γὰρ
1546 2796 1652 2841 παρὸν
1668 2796 1731 2841 γῆν
1748 2792 1845 2837 τήνδε
1863 2794 1916 2828 καὶ
1933 2794 2054 2838 δόμους
2071 2794 2172 2839 ἔχειν,

1390 2845 1526 2891 κούφως
1543 2845 1698 2893 φερούσῃ
1716 2846 1923 2892 κρεισσόνων
1939 2844 2164 2890 βουλεύματα,

2256 2177 2315 2209 435

2256 2439 2317 2471 ⁴40

2260 2700 2320 2734 4⁴5

1341 2930 1348 2937 „
1389 2900 1501 2944 λόγων
1517 2899 1663 2943 ματαίων
1680 2896 1783 2933 οὕνεκ’
1804 2898 1939 2932 ἐκπεσεῖ
1953 2897 2087 2943 χθονός.

1391 2950 1488 2994 κάμοὶ
1505 2951 1566 2995 μὲν
1584 2951 1680 2986 οὐδὲν
1696 2952 1846 2997 πρᾶγμα·
1873 2949 1918 2994 μὴ
1936 2948 2049 2993 παύσῃ
2066 2949 2149 2984 ποτὲ

1390 3000 1529 3048 λέγουσ’
1547 3002 1668 3037 Ἰάσων
1685 3003 1730 3038 ὣς
1747 3003 1904 3037 κάκιστός
1921 3001 1991 3036 ἐστ’
2010 3000 2103 3047 ἀνήρ·

1391 3053 1412 3088 ἃ
1430 3054 1459 3088 δ’
1479 3055 1512 3090 ε’ς
1529 3056 1708 3100 τυράννους
1726 3054 1802 3089 ἐστί
1820 3068 1877 3089 σοι
1893 3053 2090 3100 λελεγμένα,

1391 3107 1457 3141 πᾶν
1475 3105 1589 3152 κέρδος
1606 3106 1689 3153 ἡγοῦ
1709 3106 1902 3151 ζημιουμένη
1921 3107 2027 3152 φυγῇ.

1393 3158 1482 3204 κάγὼ
1500 3159 1560 3202 μὲν
1577 3158 1628 3192 ἀεὶ
1645 3159 1819 3200 βασιλέων
1837 3158 2048 3202 θυμουμένων

1393 3210 1495 3256 ὀργὰς
1512 3209 1676 3256 ἀφῄρουν,
1696 3210 1750 3245 καί
1769 3211 1801 3245 ‹r’
1821 3210 2010 3254 ἐβουλόμην
2026 3207 2146 3254 μένειν·

1394 3262 1439 3296 σὺ
1457 3261 1485 3296 δ’
1505 3262 1564 3296 οὐκ
1582 3262 1674 3306 ἀνίης
1690 3263 1826 3308 μωρίας,
1845 3261 1983 3308 λέγουσ’
2003 3261 2054 3296 ἀεὶ

1393 3317 1498 3350 κακῶς
1515 3315 1705 3359 τυράννους·
1733 3315 1850 3360 τοιγὰρ
1868 3314 2004 3348 ἐκπεσεῖ
2016 3312 2151 3358 χθονός.

1394 3365 1482 3409 ὅμως
1500 3366 1535 3400 δὲ
1554 3366 1614 3400 κάκ
1631 3366 1725 3402 τῶνδ’
1744 3367 1803 3401 οὐκ
1820 3366 2002 3411 ἀπειρηκὼς
2019 3364 2137 3410 φίλοις

1394 3417 1473 3462 ἥκω,
1493 3419 1531 3452 τὸ
1552 3420 1614 3452 σόν
1630 3432 1671 3464 γε
1687 3416 1995 3465 προσκοπούμενος,
2013 3414 2124 3462 γύναι,

1395 3470 1438 3505 ὡς
1455 3467 1532 3513 μήτ’
1551 3469 1710 3516 ἀχρήμων
1728 3470 1788 3514 ξὺν
1804 3469 1969 3504 τέκνοισιν
1986 3467 2129 3512 ἐκπέσῃς

1393 3520 1469 3566 μήτ’
1489 3521 1599 3566 ἐνδεής
1616 3536 1688 3556 του.
1717 3521 1820 3557 πόλλ’
1840 3521 2017 3566 ἐφέλκεται
2036 3519 2129 3566 φυγὴ

1396 3572 1477 3609 κακὰ
1495 3573 1555 3618 ξὺν
1573 3574 1668 3619 αὑτῇ·
1698 3574 1750 3608 καὶ
1767 3573 1831 3622 γὰρ
1850 3572 1880 3607 εἷ
1898 3571 1943 3607 σύ
1959 3587 2001 3617 με
2019 3574 2166 3619 στυγεῖς,

2258 2961 2320 2993 45ο

2260 3220 2322 3255 455
