2488 3860
186 1429 256 1460 ΞΑ.

185 1481 251 1510 ΣΩ.

186 1584 256 1617 ΞΑ.

186 1638 255 1667 ΣΩ.

186 1741 257 1773 ΞΑ.

186 1794 254 1823 ΣΩ.

189 1846 257 1880 ΞΑ.

188 2055 267 2101 Σο..

193 2419 259 2448 ΣΩ.

193 2471 262 2501 ΞΑ.

197 2622 265 2656 ΞἋ.

194 2724 262 2755 ΣΩ.

194 2827 265 2860 ΞΑ.

194 2931 262 2962 ΣΩ.

194 3035 266 3067 ΞΑ.

194 3087 263 3117 ΣΩ.

196 3396 267 3430 ΞΑ.

196 3448 266 3481 zA.

587 920 1375 972 ΑΡΙΣΤΟΦΑΝΟΤΣ
1450 923 1861 972 ΣΦΗΚΕΣ.

570 1325 732 1357 ΣΩΣῘΑΣ.

287 1370 406 1412 Οὗτος,
423 1370 457 1405 τί
473 1369 630 1415 πάσχεις,
650 1368 677 1404 ὣ
694 1369 892 1415 κακόδαιμον
909 1369 1034 1407 Ξανθία
1047 1382 1057 1410 ;

289 1423 444 1470 φυλακὴν
461 1421 636 1457 καταλύειν
653 1421 840 1468 νυκτερινὴν
857 1423 1066 1467 διδάσκομαι.

284 1476 382 1510 κακὸν
399 1475 462 1520 ἄρα
479 1476 550 1511 ταῖς
567 1475 726 1519 πλευραῖς
743 1488 776 1507 τι
792 1474 1012 1519 προύφείλεις
1028 1475 1126 1521 μέγα.

288 1527 339 1574 ἆρ’
357 1524 459 1562 οἶσθά
474 1526 507 1574 γ’
525 1524 596 1561 οἷον
613 1526 782 1560 κνώδαλον
798 1527 1013 1572 φυλάττομεν
1027 1539 1036 1566 ;

292 1576 366 1614 οἶδ’·
396 1578 475 1614 ἀλλ’
495 1578 642 1623 ἐπιθυμῶ
661 1579 801 1624 σμικρὸν
818 1578 1098 1625 ἀπομερμηρίσαι.
1201 1590 1219 1623 5

289 1632 334 1666 σὺ
352 1629 381 1667 δ’
399 1630 457 1666 οὖν
474 1629 734 1677 παρακινδύνευ’,
754 1631 824 1665 ἐπεὶ
843 1631 964 1665 καύτοῦ
979 1629 1021 1676 γέ
1036 1644 1101 1674 μου

290 1685 371 1718 κατὰ
388 1685 460 1718 ταῖν
478 1685 590 1730 κόραιν
606 1681 711 1717 ὕπνου
728 1696 760 1716 τι
778 1684 967 1728 καταχεῖται
983 1681 1105 1727 γλυκύ.

289 1736 366 1771 ἀλλ’
385 1733 405 1779 ἧ
423 1737 649 1782 παραφρονεῖς
667 1735 758 1769 ἐτεὸν
775 1733 794 1779 ἢ
813 1736 1030 1781 κορυβαντιᾷς
1045 1748 1054 1774 ς

289 1788 359 1826 οὒκ,
379 1787 456 1822 ἀλλ’
475 1785 576 1823 ὕπνος
591 1786 625 1832 μ’
643 1788 714 1832 ἕχει
731 1801 781 1822 τις
799 1786 835 1821 ἐκ
852 1786 1028 1829 Σαβαζίου.

290 1842 349 1875 τὸν
366 1840 466 1875 αὐτὸν
482 1839 533 1885 ἄρ’
553 1840 626 1884 ἐμοὶ
642 1840 820 1880 βουκολεῖς·
836 1839 1012 1882 Σαβάζιον.

291 1893 388 1937 κάμοὶ
404 1892 470 1939 γὰρ
487 1891 608 1938 ἀρτίως
626 1889 917 1937 ἐπεστρατεύσατο

291 1946 407 1989 Μῆδός
423 1958 474 1980 τις
491 1944 546 1979 ἐπὶ
563 1944 605 1978 τὰ
621 1942 783 1989 βλέφαρα
801 1943 989 1988 νυστακτὴς
1006 1941 1119 1980 ὕπνος·

292 1997 345 2031 καὶ
362 1995 432 2041 δῆτ’
451 1995 531 2041 ὄναρ
549 1995 742 2039 θαυμαστὸν
759 1991 848 2030 εἶδον
864 1995 998 2041 ἀρτίως.

290 2047 412 2096 κᾶγωγ’
431 2048 563 2092 ἀληθῶς
580 2044 651 2082 οἷον
668 2047 893 2082 οὐδεπώποτε.

292 2100 375 2147 ἀτὰρ
394 2100 440 2135 σὺ
455 2099 558 2143 λέξον
573 2101 748 2146 πρότερος.

1185 1853 1223 1874 10

777 2152 912 2186 ἐδόκουν
928 2152 1026 2187 ἀετὸν

293 2205 540 2250 καταπτόμενον
556 2203 604 2239 εἷς
620 2203 680 2248 τὴν
696 2203 822 2250 ἀγορὰν
837 2204 942 2250 μέγαν
957 2205 1044 2239 πάνυ

294 2257 531 2303 ἀναρπάσαντα
547 2257 617 2291 τοῖς
634 2255 746 2300 ὄνυξιν
762 2256 890 2291 ἀσπίδα

293 2309 410 2356 φέρειν
427 2309 610 2354 ἐπίχαλκον
626 2307 743 2344 ἀνεκὰς
759 2307 807 2344 εἷς
823 2309 881 2343 τὸν
898 2307 1048 2353 οὐρανὸν,

294 2361 431 2396 κᾶπειτα
447 2359 569 2404 ταύτην
585 2360 771 2402 ἀποβαλεῖν
787 2361 1000 2404 Κλεώνυμον.

291 2413 387 2448 οὐδὲν
403 2413 467 2459 ἄρα
482 2412 611 2459 γρίφου
629 2412 780 2457 διαφέρει
798 2412 1008 2457 Κλεώνυμος.
1184 2427 1226 2450 20

289 2468 360 2500 πῶς
377 2462 417 2508 δή
433 2475 443 2506 ;
481 2469 551 2498 ΣΩ.
582 2466 735 2510 προτενεῖ
747 2478 797 2500 τις
808 2465 900 2498 τοῖσι
913 2463 1099 2508 συμπόταις
1108 2463 1230 2511 λέγων,

294 2516 328 2552 τί
345 2515 467 2551 ταυτὸν
483 2515 521 2550 ἐν
536 2518 580 2561 γῇ
598 2517 626 2550 τ’
646 2517 815 2558 ἀπέβαλεν
831 2516 891 2550 κᾶν
910 2515 1039 2561 οὐρανῷ

297 2565 358 2600 κάν
373 2567 414 2610 τῇ
433 2564 579 2607 θαλάττῃ
598 2564 712 2610 θηρίον
728 2564 788 2609 τὴν
803 2564 954 2607 ἀσπίδα·

298 2630 399 2661 οιμοι,
417 2617 452 2651 τί
467 2616 550 2660 δῆτά
565 2630 623 2663 μοι
640 2617 739 2650 κακὸν
754 2615 931 2663 γενῆσεται

297 2667 400 2702 ἰδόντι
415 2669 566 2714 τοιοῦτψ
584 2665 756 2702 ἐνύπνιον·
747 2693 758 2707 ,

809 2718 854 2763 μὴ
872 2718 1069 2765 φροντίσῃς-

297 2771 394 2806 οὖδέν
408 2771 475 2818 γὰρ
492 2771 588 2805 ἔσται
605 2771 712 2805 δεινὸν
728 2770 768 2805 οὔ
784 2771 831 2815 μὰ
847 2771 925 2806 τοὺς
942 2770 1049 2807 θεούς.

297 2823 404 2858 δεινόν
418 2823 461 2869 γέ
475 2824 592 2857 τοῦστ’
608 2821 780 2868 ἅνθρωπος
797 2822 980 2865 ἀποβαλὼν
995 2822 1097 2858 ὅπλα.

297 2875 381 2921 ἀτὰρ
399 2874 445 2909 σὺ
461 2875 500 2909 τὸ
519 2875 582 2909 σὸν
598 2872 640 2909 αὖ
655 2873 770 2917 λέξον.

1184 2680 1222 2712 25

828 2925 906 2960 ἀλλ’
925 2927 1019 2962 ἐστὶν
1034 2925 1131 2973 μέγα.

296 2978 372 3025 περὶ
389 2979 448 3023 τῆς
464 2979 596 3013 πόλεως
612 2977 677 3024 γάρ
695 2977 770 3012 ἐστι
787 2980 846 3012 τοῦ
865 2979 1019 3023 σκάφους
1036 2977 1131 3012 ὅλου.

297 3031 379 3076 λέγε
396 3044 454 3064 νυν
470 3028 596 3065 ἀνύσας
611 3043 645 3063 τι
663 3028 723 3073 τὴν
739 3031 857 3075 τρόπιν
873 3032 932 3064 τοῦ
949 3031 1153 3076 πράγματος.
1181 3042 1223 3074 3ο

295 3081 393 3125 ἔδοξέ
406 3095 464 3126 μοι
481 3095 558 3127 περι
573 3084 707 3126 πρῶτον
723 3078 825 3115 ὕπνον
843 3081 877 3115 ἐν
893 3082 934 3125 τῇ
949 3083 1046 3117 πυκνὶ

297 3134 526 3177 ἐκκλησιάζειν
542 3133 696 3179 πρόβατα
714 3131 957 3179 συγκαθήμενα,

295 3185 476 3232 βακτηρίας
492 3185 613 3230 ἔχοντα
630 3185 683 3219 καὶ
699 3186 870 3230 τριβώνια·

297 3237 436 3272 κᾶπειτα
452 3235 582 3272 τούτοις
599 3238 690 3270 τοῖσι
706 3237 890 3282 προβάτοις
906 3236 1072 3281 μούδόκει,

297 3289 495 3336 δημηγορεῖν
511 3289 662 3334 φάλαινα
677 3287 926 3334 πανδοκεύτρια,

298 3341 427 3385 ἔχουσα
443 3340 560 3386 φωνὴν
577 3339 824 3386 ἐμπεπρημένης
840 3340 910 3376 ὑός.

298 3391 405 3435 αἰβοῖ.
509 3396 577 3427 ΣΩ.
606 3391 640 3427 τί
656 3391 753 3432 {aru

778 3445 864 3478 παῦε
878 3446 973 3484 παῦε,
991 3444 1036 3488 μὴ
1053 3443 1144 3490 λέγε·

298 3495 367 3539 ὄζει
383 3496 541 3531 κάκιστον
557 3493 751 3530 τούνύπνιον
766 3493 898 3541 βύρσης
915 3498 1055 3542 σαπρᾶς.

256 3572 266 3584 .
297 3545 362 3584 εἶθ’
379 3547 401 3592 ἡ
415 3548 519 3593 μιαρὰ
536 3546 712 3594 φάλαιν’*
692 3561 821 3593 εχουσα
838 3548 999 3594 τρυτάνην

1266 2053 1333 2083 ΣΩ.

1266 2156 1335 2190 ΞΑ.

1183 3302 1222 3332 35
1247 3313 1248 3331 1
1268 3301 1334 3331 ΣΩ.

1246 3344 1248 3366 ⁸
1267 3353 1337 3385 ΞΑ.

1270 3508 1336 3538 ΣΩ.

1216 3608 1276 3643 31²

1369 1319 1448 1364 ἵστη
1465 1320 1581 1362 βόειον
1597 1320 1712 1364 δημόν.

1753 1368 1842 1415 οἶμοι
1860 1370 2017 1406 δείλαιος.

1369 1425 1429 1459 τὸν
1446 1424 1550 1469 δῆμον
1567 1422 1659 1468 ἡμῶν
1675 1421 1837 1465 βούλεται
1855 1423 2033 1457 διιστάναι.

1326 1503 1335 1511 .
1369 1477 1474 1512 ἐδόκει
1492 1476 1531 1511 δέ
1545 1490 1603 1520 μοι
1621 1475 1753 1522 Θέωρος
1770 1475 1871 1519 αὐτῆς
1887 1475 2036 1519 πλησίον

1370 1530 1475 1574 χαμαὶ
1492 1527 1669 1572 καθῆσθαι,
1688 1527 1747 1572 τὴν
1765 1526 1916 1573 κεφαλὴν
1933 1529 2071 1573 κόρακος
2088 1526 2188 1571 ἔχων.

1371 1578 1430 1616 εἶτ’
1448 1580 1666 1624 Ἀλκιβιάδης
1683 1577 1754 1615 εἶπε
1771 1581 1854 1625 πρός
1871 1594 1913 1623 με
1931 1579 2127 1624 τραυλίσας·

1371 1634 1474 1679 &gin
1504 1633 1639 1668 Θέωλος
1656 1632 1715 1677 τὴν
1733 1631 1884 1677 κεφαλὴν,
1901 1633 2042 1666 κόλακος
2058 1632 2140 1676 ἔχει.
2260 1640 2298 1673 45

1331 1711 1340 1720 .
1369 1685 1477 1731 ὀρθῶς
1492 1700 1533 1732 γε
1550 1684 1639 1720 τοῦτ’
1657 1684 1873 1727 Ἀλκιβιάδης
1890 1682 2100 1729 ἐτραύλισεν.

1327 1764 1336 1772 .
1370 1739 1489 1772 οὔκουν
1507 1736 1598 1772 ἐκεῖν’
1618 1737 1815 1778 ἀλλόκοτον,

1835 1738 1854 1770 ὁ
1873 1735 2007 1782 Θέωρος
2025 1735 2127 1781 κόραξ

1369 1792 1563 1837 γιγνόμενος
1569 1802 1579 1830 3
1607 1793 1678 1825 ΞΑ.
1691 1787 1813 1834 ἥκιστ’,
1826 1787 1904 1823 ἀλλ’
1916 1788 2067 1834 ἄριστον.
2096 1791 2164 1821 ΣΩ.
2175 1789 2261 1823 mis:

1459 1868 1464 1872 ·
2188 1838 2276 1874 ὅπως
2290 1850 2299 1879 ς

1371 1894 1545 1941 ἅνθρωπος
1562 1893 1608 1929 ὢν
1625 1890 1683 1928 εἶτ’
1702 1891 1822 1940 ἐγένετ’
1841 1892 2000 1937 ἐξαίφνης
2014 1891 2127 1938 κόραξ·

1372 1948 1491 1981 οὔκουν
1508 1946 1642 1991 ἐναργὲς
1659 1948 1759 1979 τοῦτο
1778 1946 1975 1988 συμβαλεῖν,
1995 1943 2046 1977 ὅτι

1369 1996 1482 2042 ἀρθεὶς
1499 1995 1558 2042 ἀφ’
1578 1994 1669 2039 ἡμῶν
1687 1994 1721 2029 ἐς
1738 1995 1878 2039 κόρακας
1896 1991 2093 2038 οίχὴσεται;

1371 2045 1429 2083 εἶτ’
1449 2047 1508 2082 οὐκ
1526 2047 1591 2094 ἐγὼ
1609 2046 1687 2082 δοὺς
1705 2044 1754 2080 δύ’
1773 2045 1889 2088 ὀβολὼ
1905 2044 2123 2089 μισθώσομαι

1368 2098 1475 2136 οὕτως
1491 2099 1747 2145 ὑποκρινόμενον
1765 2098 1885 2143 σοφῶς
1902 2096 2053 2142 ὀνείρατα
2067 2109 2076 2136 ;

1367 2152 1453 2199 φέρε
1471 2166 1529 2187 νυν
1545 2151 1687 2186 κατείπω
1705 2152 1775 2186 τοῖς
1792 2149 1923 2184 θεαταῖς
1939 2149 1998 2183 τὸν
2013 2149 2130 2194 λόγον,

1368 2203 1457 2250 ὀλίγ’
1476 2202 1551 2238 ἅτθ’
1570 2202 1717 2238 ὑπειπὼν
1733 2205 1866 2248 πρῶτον
1882 2200 2034 2235 αὐτοῖσιν
2050 2200 2135 2238 ταδὶ,

1368 2256 1470 2302 μηδὲν
1486 2254 1564 2302 παρ’
1581 2254 1672 2299 ἡμῶν
1688 2254 1882 2300 προσδοκᾶν
1898 2252 1975 2286 λίαν
1991 2252 2089 2298 μέγα,

1367 2307 1443 2353 μηδ’
1461 2323 1503 2342 αυ
1519 2307 1656 2351 γέλωτα
1674 2304 1869 2352 Μεγαρόθεν
1886 2303 2117 2348 κεκλεμμένον.

1369 2359 1446 2405 ἡμῖν
1461 2360 1527 2407 γὰρ
1545 2359 1604 2394 οὐκ
1621 2357 1693 2394 εστ’
1711 2359 1788 2392 οὔτε
1805 2356 1896 2402 κάρυ’
1916 2356 1952 2390 ἐκ
1969 2355 2136 2402 φορμίδος

1369 2411 1480 2447 δούλω
1499 2411 1749 2458 διαρριπτοῦντε
1766 2411 1836 2444 τοῖς
1854 2408 2040 2452 θεωμένοις,

1368 2463 1443 2499 οὔθ’
1460 2463 1631 2510 Ἡρακλῆς
1647 2462 1686 2496 τὸ
1705 2462 1836 2496 δεῖπνον
1853 2460 2114 2504 ἐξαπατώμενος,

1368 2515 1438 2551 οὐδ’
1456 2514 1549 2551 αὖθις
1567 2514 1881 2560 ἐνασελγαινόμενος
1897 2512 2091 2557 Εὐριπίδης·

1368 2568 1437 2604 οὐδ’
1457 2568 1486 2602 εί
1503 2567 1620 2602 Κλέων
1635 2565 1668 2612 γ’
1686 2565 1825 2611 ἔλαμψε
1842 2565 1901 2608 τῆς
1917 2562 2021 2609 τύχης
2037 2565 2148 2610 χάριν,

1368 2619 1461 2656 αὖθις
1478 2620 1536 2654 τὸν
1553 2619 1654 2653 αὐτὸν
1670 2617 1773 2664 ἄνδρα
1790 2614 2078 2662 μυττωτεύσομεν.

1368 2671 1446 2708 ἀλλ’
1465 2672 1559 2706 ἔστιν
1575 2670 1652 2715 ἡμῖν
1667 2669 1820 2716 λογίδιον
1835 2669 1968 2715 γνώμην
1985 2669 2077 2713 ἔχον,

1367 2724 1457 2769 ὑμῶν
1473 2724 1534 2768 μὲν
1550 2723 1658 2757 αὐτῶν
1674 2721 1752 2767 οὐχὶ
1768 2720 1976 2766 δεξιώτερον,

1368 2776 1538 2824 κωμῳδίας
1555 2775 1592 2809 δὲ
1609 2775 1772 2820 φορτικῆς
1790 2773 2001 2818 σοφώτερον.

1368 2830 1462 2863 ἔστιν
1477 2828 1543 2874 γὰρ
1560 2826 1636 2871 ἡμῖν
1654 2826 1819 2868 δεσπότης
1837 2824 1982 2858 ἐκεινοσὶ

1367 2880 1434 2916 ἅνω
1452 2877 1629 2918 καθεύδων,
1648 2879 1667 2912 ὁ
1684 2876 1798 2923 μέγας,
1817 2876 1897 2911 οὑπὶ
1914 2878 1974 2910 τοῦ
1991 2875 2120 2921 τέγους.

1367 2931 1464 2968 οὗτος
1481 2931 1666 2976 φυλάττειν
1681 2930 1740 2963 τὸν
1755 2927 1870 2974 πατέρ’
1890 2928 2028 2971 ἐπέταξε
2046 2930 2121 2975 νῷν,

1367 2985 1461 3019 ἔνδον
1478 2981 1663 3028 καθείρξας,
1682 2979 1735 3016 ἵνα
1752 2979 1872 3026 θύραζε
1888 2979 1933 3024 μὴ
1950 2979 2029 3023 ’ξίῃ.

1368 3038 1471 3071 νόσον
1486 3035 1552 3080 γὰρ
1569 3035 1588 3068 ὁ
1605 3033 1714 3079 πατὴρ
1731 3032 1918 3068 ἀλλόκοτον
1934 3032 2036 3066 αὐτοῦ
2054 3033 2159 3069 νοσεῖ,

1368 3087 1408 3132 ἣν
1425 3086 1494 3121 οὐδ’
1514 3086 1554 3120 ἂν
1571 3082 1618 3121 εἷς
1634 3085 1728 3130 γνοίη
1745 3082 1821 3120 ποτ’
1838 3083 1908 3119 οὐδ’
1927 3083 1967 3118 ἂν
1984 3083 2165 3127 ξυμβάλοι,

1369 3139 1398 3173 εἶ
1414 3138 1459 3183 μὴ
1476 3136 1612 3173 πύθοιθ’
1631 3136 1733 3181 ἡμῶν·
1763 3136 1835 3171 ἐπεὶ
1851 3136 2023 3178 τοπάζετε.
2046 3174 2049 3176 q

1366 3190 1522 3235 Ἀμυνίας
1538 3189 1599 3234 μὲν
1611 3191 1631 3224 ὁ
1647 3189 1846 3235 Προνάπους
1863 3186 1948 3232 φὴσ’
1967 3187 2086 3221 οὑτοσὶ

1370 3240 1451 3277 εἶναι
1469 3242 1658 3287 φιλόκυβον
1675 3241 1786 3275 αὐτόν·
1815 3239 1893 3274 ἀλλ’
1912 3239 2008 3274 οὐδὲν
2023 3238 2131 3284 λέγει.

1367 3295 1412 3339 μὰ
1431 3291 1500 3333 Δί’,
1519 3292 1595 3327 ἀλλ’
1614 3292 1674 3338 ἀφ’
1693 3292 1795 3326 αὑτοῦ
1811 3291 1872 3335 τὴν
1890 3293 1991 3325 νόσον
2008 3289 2226 3334 τεκμαίρεται.

1366 3345 1436 3384 οὒκ,
1456 3345 1546 3380 ἀλλὰ
1563 3345 1650 3390 φιλο
1666 3344 1727 3389 μέν
1744 3344 1838 3378 ἐστιν
1855 3342 1942 3388 ἀρχὴ
1960 3344 2020 3376 τοῦ
2038 3342 2150 3376 κακοῦ.

1371 3398 1423 3432 ὁδὶ
1441 3396 1480 3432 δέ
1494 3397 1584 3441 φησι
1601 3396 1732 3431 Σωσίας
1748 3396 1832 3442 πρὸς
1850 3392 2020 3441 Δερκύλον

1371 3446 1452 3484 εἶναι
1469 3449 1660 3494 φιλοπότην
1676 3447 1788 3483 αὐτόν.

1802 3499 1952 3543 οὐδαμῶς
1969 3497 2013 3542 γ’,
2033 3497 2104 3532 ἐπεὶ

1371 3551 1452 3598 αὕτη
1469 3567 1509 3600 γε
1526 3555 1683 3599 χρηστῶν
1701 3551 1794 3587 ἐστὶν
1811 3550 1939 3597 ἀνδρῶν
1954 3548 1975 3594 ἡ
1993 3550 2103 3585 νόσος.

2265 1956 2303 1986 53

2257 2463 2296 2493 60

2263 3550 2304 3582 δο
