<?xml version="1.0" encoding="UTF-8"?>
<!DOCTYPE html PUBLIC "-//W3C//DTD XHTML 1.0 Transitional//EN"
    "http://www.w3.org/TR/xhtml1/DTD/xhtml1-transitional.dtd">
<html xmlns="http://www.w3.org/1999/xhtml" xml:lang="en" lang="en">
 <head>
  <title>
</title>
<meta http-equiv="Content-Type" content="text/html;charset=utf-8" />
  <meta name='ocr-system' content='tesseract 3.04.00' />
  <meta name='ocr-capabilities' content='ocr_page ocr_carea ocr_par ocr_line ocrx_word'/>
</head>
<body>
  <div class='ocr_page' id='page_1' title='image "./poetarumscenicor00dinduoft_0279.png"; bbox 0 0 2488 3860; ppageno 0'>
   <div class='ocr_carea' id='block_1_1' title="bbox 166 353 227 493">
    <p class='ocr_par' dir='ltr' id='par_1_1' title="bbox 166 353 227 493">
     <span class='ocr_line' id='line_1_1' title="bbox 169 353 226 388; baseline 0.018 -1"><span class='ocrx_word' id='word_1_1' title='bbox 169 353 226 388; x_wconf 80' lang='lat' dir='ltr'>m.</span> 
     </span>
     <span class='ocr_line' id='line_1_2' title="bbox 166 460 227 493; baseline -0.016 0"><span class='ocrx_word' id='word_1_2' title='bbox 166 460 227 493; x_wconf 82' lang='grc' dir='ltr'>ῙΩ.</span> 
     </span>
    </p>
   </div>
   <div class='ocr_carea' id='block_1_2' title="bbox 166 565 225 597">
    <p class='ocr_par' dir='ltr' id='par_1_2' title="bbox 166 565 225 597">
     <span class='ocr_line' id='line_1_3' title="bbox 166 565 225 597; baseline 0.017 -1"><span class='ocrx_word' id='word_1_3' title='bbox 166 565 225 597; x_wconf 87' lang='grc' dir='ltr'>ΙΩ.</span> 
     </span>
    </p>
   </div>
   <div class='ocr_carea' id='block_1_3' title="bbox 168 617 234 649">
    <p class='ocr_par' dir='ltr' id='par_1_3' title="bbox 168 617 234 649">
     <span class='ocr_line' id='line_1_4' title="bbox 168 617 234 649; baseline 0.015 -1"><span class='ocrx_word' id='word_1_4' title='bbox 168 617 234 649; x_wconf 72' lang='grc' dir='ltr'>ῙίΡ.</span> 
     </span>
    </p>
   </div>
   <div class='ocr_carea' id='block_1_4' title="bbox 166 670 223 702">
    <p class='ocr_par' dir='ltr' id='par_1_4' title="bbox 166 670 223 702">
     <span class='ocr_line' id='line_1_5' title="bbox 166 670 223 702; baseline -0.018 -1"><span class='ocrx_word' id='word_1_5' title='bbox 166 670 223 702; x_wconf 80' lang='grc' dir='ltr'>ΙΩ.</span> 
     </span>
    </p>
   </div>
   <div class='ocr_carea' id='block_1_5' title="bbox 167 723 230 754">
    <p class='ocr_par' dir='ltr' id='par_1_5' title="bbox 167 723 230 754">
     <span class='ocr_line' id='line_1_6' title="bbox 167 723 230 754; baseline -0.032 0"><span class='ocrx_word' id='word_1_6' title='bbox 167 723 230 754; x_wconf 58' lang='grc' dir='ltr'>Κξῑ</span> 
     </span>
    </p>
   </div>
   <div class='ocr_carea' id='block_1_6' title="bbox 165 775 226 806">
    <p class='ocr_par' dir='ltr' id='par_1_6' title="bbox 165 775 226 806">
     <span class='ocr_line' id='line_1_7' title="bbox 165 775 226 806; baseline -0.033 0"><span class='ocrx_word' id='word_1_7' title='bbox 165 775 226 806; x_wconf 86' lang='grc' dir='ltr'>ΙΩ.</span> 
     </span>
    </p>
   </div>
   <div class='ocr_carea' id='block_1_7' title="bbox 167 827 233 858">
    <p class='ocr_par' dir='ltr' id='par_1_7' title="bbox 167 827 233 858">
     <span class='ocr_line' id='line_1_8' title="bbox 167 827 233 858; baseline -0.03 0"><span class='ocrx_word' id='word_1_8' title='bbox 167 827 233 858; x_wconf 71' lang='grc' dir='ltr'>ΙίΡ.</span> 
     </span>
    </p>
   </div>
   <div class='ocr_carea' id='block_1_8' title="bbox 167 879 223 912">
    <p class='ocr_par' dir='ltr' id='par_1_8' title="bbox 167 879 223 912">
     <span class='ocr_line' id='line_1_9' title="bbox 167 879 223 912; baseline -0.018 -1"><span class='ocrx_word' id='word_1_9' title='bbox 167 879 223 912; x_wconf 80' lang='lat' dir='ltr'>m.</span> 
     </span>
    </p>
   </div>
   <div class='ocr_carea' id='block_1_9' title="bbox 165 1348 237 1379">
    <p class='ocr_par' dir='ltr' id='par_1_9' title="bbox 165 1348 237 1379">
     <span class='ocr_line' id='line_1_10' title="bbox 165 1348 237 1379; baseline 0 0"><span class='ocrx_word' id='word_1_10' title='bbox 165 1348 237 1379; x_wconf 85' lang='grc' dir='ltr'>ΠΥ.</span> 
     </span>
    </p>
   </div>
   <div class='ocr_carea' id='block_1_10' title="bbox 163 1558 216 1588">
    <p class='ocr_par' dir='ltr' id='par_1_10' title="bbox 163 1558 216 1588">
     <span class='ocr_line' id='line_1_11' title="bbox 163 1558 216 1588; baseline 0 0"><span class='ocrx_word' id='word_1_11' title='bbox 163 1558 216 1588; x_wconf 63' lang='lat'>152</span> 
     </span>
    </p>
   </div>
   <div class='ocr_carea' id='block_1_11' title="bbox 164 1611 232 1639">
    <p class='ocr_par' dir='ltr' id='par_1_11' title="bbox 164 1611 232 1639">
     <span class='ocr_line' id='line_1_12' title="bbox 164 1611 232 1639; baseline 0 0"><span class='ocrx_word' id='word_1_12' title='bbox 164 1611 232 1639; x_wconf 71' lang='grc' dir='ltr'>[ΤΥ.</span> 
     </span>
    </p>
   </div>
   <div class='ocr_carea' id='block_1_12' title="bbox 165 1663 221 1694">
    <p class='ocr_par' dir='ltr' id='par_1_12' title="bbox 165 1663 221 1694">
     <span class='ocr_line' id='line_1_13' title="bbox 165 1663 221 1694; baseline -0.036 0"><span class='ocrx_word' id='word_1_13' title='bbox 165 1663 221 1694; x_wconf 85' lang='grc' dir='ltr'>ΙΩ.</span> 
     </span>
    </p>
   </div>
   <div class='ocr_carea' id='block_1_13' title="bbox 165 1715 236 1745">
    <p class='ocr_par' dir='ltr' id='par_1_13' title="bbox 165 1715 236 1745">
     <span class='ocr_line' id='line_1_14' title="bbox 165 1715 236 1745; baseline 0 0"><span class='ocrx_word' id='word_1_14' title='bbox 165 1715 236 1745; x_wconf 83' lang='grc' dir='ltr'>[ῙΥ.</span> 
     </span>
    </p>
   </div>
   <div class='ocr_carea' id='block_1_14' title="bbox 166 1767 223 1798">
    <p class='ocr_par' dir='ltr' id='par_1_14' title="bbox 166 1767 223 1798">
     <span class='ocr_line' id='line_1_15' title="bbox 166 1767 223 1798; baseline 0 0"><span class='ocrx_word' id='word_1_15' title='bbox 166 1767 223 1798; x_wconf 63' lang='lat' dir='ltr'>Hl-</span> 
     </span>
    </p>
   </div>
   <div class='ocr_carea' id='block_1_15' title="bbox 164 1820 236 1851">
    <p class='ocr_par' dir='ltr' id='par_1_15' title="bbox 164 1820 236 1851">
     <span class='ocr_line' id='line_1_16' title="bbox 164 1820 236 1851; baseline 0.014 -1"><span class='ocrx_word' id='word_1_16' title='bbox 164 1820 236 1851; x_wconf 77' lang='grc' dir='ltr'>ῙΪΥ.</span> 
     </span>
    </p>
   </div>
   <div class='ocr_carea' id='block_1_16' title="bbox 164 1872 219 1902">
    <p class='ocr_par' dir='ltr' id='par_1_16' title="bbox 164 1872 219 1902">
     <span class='ocr_line' id='line_1_17' title="bbox 164 1872 219 1902; baseline 0 0"><span class='ocrx_word' id='word_1_17' title='bbox 164 1872 219 1902; x_wconf 63' lang='grc' dir='ltr'>Ιξὶ</span> 
     </span>
    </p>
   </div>
   <div class='ocr_carea' id='block_1_17' title="bbox 162 2083 221 2114">
    <p class='ocr_par' dir='ltr' id='par_1_17' title="bbox 162 2083 221 2114">
     <span class='ocr_line' id='line_1_18' title="bbox 162 2083 221 2114; baseline -0.034 0"><span class='ocrx_word' id='word_1_18' title='bbox 162 2083 221 2114; x_wconf 87' lang='grc' dir='ltr'>ῙΩ.</span> 
     </span>
    </p>
   </div>
   <div class='ocr_carea' id='block_1_18' title="bbox 162 2135 234 2165">
    <p class='ocr_par' dir='ltr' id='par_1_18' title="bbox 162 2135 234 2165">
     <span class='ocr_line' id='line_1_19' title="bbox 162 2135 234 2165; baseline 0 0"><span class='ocrx_word' id='word_1_19' title='bbox 162 2135 234 2165; x_wconf 79' lang='grc' dir='ltr'>ῙΥΥ.</span> 
     </span>
    </p>
   </div>
   <div class='ocr_carea' id='block_1_19' title="bbox 163 2188 222 2218">
    <p class='ocr_par' dir='ltr' id='par_1_19' title="bbox 163 2188 222 2218">
     <span class='ocr_line' id='line_1_20' title="bbox 163 2188 222 2218; baseline -0.017 0"><span class='ocrx_word' id='word_1_20' title='bbox 163 2188 222 2218; x_wconf 90' lang='grc' dir='ltr'>ΙΩ.</span> 
     </span>
    </p>
   </div>
   <div class='ocr_carea' id='block_1_20' title="bbox 161 2240 236 2270">
    <p class='ocr_par' dir='ltr' id='par_1_20' title="bbox 161 2240 236 2270">
     <span class='ocr_line' id='line_1_21' title="bbox 161 2240 236 2270; baseline -0.013 0"><span class='ocrx_word' id='word_1_21' title='bbox 161 2240 236 2270; x_wconf 85' lang='grc' dir='ltr'>ῙῙΥ.</span> 
     </span>
    </p>
   </div>
   <div class='ocr_carea' id='block_1_21' title="bbox 162 2291 218 2322">
    <p class='ocr_par' dir='ltr' id='par_1_21' title="bbox 162 2291 218 2322">
     <span class='ocr_line' id='line_1_22' title="bbox 162 2291 218 2322; baseline -0.018 0"><span class='ocrx_word' id='word_1_22' title='bbox 162 2291 218 2322; x_wconf 66' lang='grc' dir='ltr'>Ιςλ</span> 
     </span>
    </p>
   </div>
   <div class='ocr_carea' id='block_1_22' title="bbox 162 2344 236 2373">
    <p class='ocr_par' dir='ltr' id='par_1_22' title="bbox 162 2344 236 2373">
     <span class='ocr_line' id='line_1_23' title="bbox 162 2344 236 2373; baseline 0.014 -1"><span class='ocrx_word' id='word_1_23' title='bbox 162 2344 236 2373; x_wconf 82' lang='grc' dir='ltr'>ῘΪΥ.</span> 
     </span>
    </p>
   </div>
   <div class='ocr_carea' id='block_1_23' title="bbox 162 2395 221 2425">
    <p class='ocr_par' dir='ltr' id='par_1_23' title="bbox 162 2395 221 2425">
     <span class='ocr_line' id='line_1_24' title="bbox 162 2395 221 2425; baseline 0 0"><span class='ocrx_word' id='word_1_24' title='bbox 162 2395 221 2425; x_wconf 89' lang='grc' dir='ltr'>ΙΩ.</span> 
     </span>
    </p>
   </div>
   <div class='ocr_carea' id='block_1_24' title="bbox 162 2448 234 2477">
    <p class='ocr_par' dir='ltr' id='par_1_24' title="bbox 162 2448 234 2477">
     <span class='ocr_line' id='line_1_25' title="bbox 162 2448 234 2477; baseline 0.014 -1"><span class='ocrx_word' id='word_1_25' title='bbox 162 2448 234 2477; x_wconf 57' lang='grc' dir='ltr'>ῙῙΥἊ</span> 
     </span>
    </p>
   </div>
   <div class='ocr_carea' id='block_1_25' title="bbox 162 2499 218 2529">
    <p class='ocr_par' dir='ltr' id='par_1_25' title="bbox 162 2499 218 2529">
     <span class='ocr_line' id='line_1_26' title="bbox 162 2499 218 2529; baseline 0 0"><span class='ocrx_word' id='word_1_26' title='bbox 162 2499 218 2529; x_wconf 55' lang='lat' dir='ltr'>lxm</span> 
     </span>
    </p>
   </div>
   <div class='ocr_carea' id='block_1_26' title="bbox 162 2603 218 2633">
    <p class='ocr_par' dir='ltr' id='par_1_26' title="bbox 162 2603 218 2633">
     <span class='ocr_line' id='line_1_27' title="bbox 162 2603 218 2633; baseline 0.018 -1"><span class='ocrx_word' id='word_1_27' title='bbox 162 2603 218 2633; x_wconf 86' lang='grc' dir='ltr'>ΙΩ.</span> 
     </span>
    </p>
   </div>
   <div class='ocr_carea' id='block_1_27' title="bbox 162 2655 236 2685">
    <p class='ocr_par' dir='ltr' id='par_1_27' title="bbox 162 2655 236 2685">
     <span class='ocr_line' id='line_1_28' title="bbox 162 2655 236 2685; baseline 0.014 -1"><span class='ocrx_word' id='word_1_28' title='bbox 162 2655 236 2685; x_wconf 73' lang='grc' dir='ltr'>ῙἘΥ.</span> 
     </span>
    </p>
   </div>
   <div class='ocr_carea' id='block_1_28' title="bbox 163 2707 221 2737">
    <p class='ocr_par' dir='ltr' id='par_1_28' title="bbox 163 2707 221 2737">
     <span class='ocr_line' id='line_1_29' title="bbox 163 2707 221 2737; baseline 0.017 -1"><span class='ocrx_word' id='word_1_29' title='bbox 163 2707 221 2737; x_wconf 82' lang='grc' dir='ltr'>ῙΩ.</span> 
     </span>
    </p>
   </div>
   <div class='ocr_carea' id='block_1_29' title="bbox 162 2760 235 2790">
    <p class='ocr_par' dir='ltr' id='par_1_29' title="bbox 162 2760 235 2790">
     <span class='ocr_line' id='line_1_30' title="bbox 162 2760 235 2790; baseline 0.014 -1"><span class='ocrx_word' id='word_1_30' title='bbox 162 2760 235 2790; x_wconf 70' lang='lat' dir='ltr'>Irr.</span> 
     </span>
    </p>
   </div>
   <div class='ocr_carea' id='block_1_30' title="bbox 163 2812 217 2841">
    <p class='ocr_par' dir='ltr' id='par_1_30' title="bbox 163 2812 217 2841">
     <span class='ocr_line' id='line_1_31' title="bbox 163 2812 217 2841; baseline -0.019 0"><span class='ocrx_word' id='word_1_31' title='bbox 163 2812 217 2841; x_wconf 59' lang='lat'>112</span> 
     </span>
    </p>
   </div>
   <div class='ocr_carea' id='block_1_31' title="bbox 162 2864 234 2893">
    <p class='ocr_par' dir='ltr' id='par_1_31' title="bbox 162 2864 234 2893">
     <span class='ocr_line' id='line_1_32' title="bbox 162 2864 234 2893; baseline 0.014 -1"><span class='ocrx_word' id='word_1_32' title='bbox 162 2864 234 2893; x_wconf 59' lang='lat' dir='ltr'>11Y2</span> 
     </span>
    </p>
   </div>
   <div class='ocr_carea' id='block_1_32' title="bbox 162 2915 221 2945">
    <p class='ocr_par' dir='ltr' id='par_1_32' title="bbox 162 2915 221 2945">
     <span class='ocr_line' id='line_1_33' title="bbox 162 2915 221 2945; baseline 0.017 -1"><span class='ocrx_word' id='word_1_33' title='bbox 162 2915 221 2945; x_wconf 88' lang='grc' dir='ltr'>ΙΩ.</span> 
     </span>
    </p>
   </div>
   <div class='ocr_carea' id='block_1_33' title="bbox 162 2968 233 2998">
    <p class='ocr_par' dir='ltr' id='par_1_33' title="bbox 162 2968 233 2998">
     <span class='ocr_line' id='line_1_34' title="bbox 162 2968 233 2998; baseline 0.028 -2"><span class='ocrx_word' id='word_1_34' title='bbox 162 2968 233 2998; x_wconf 80' lang='grc' dir='ltr'>ῙΤΥ.</span> 
     </span>
    </p>
   </div>
   <div class='ocr_carea' id='block_1_34' title="bbox 162 3019 220 3049">
    <p class='ocr_par' dir='ltr' id='par_1_34' title="bbox 162 3019 220 3049">
     <span class='ocr_line' id='line_1_35' title="bbox 162 3019 220 3049; baseline 0.017 -1"><span class='ocrx_word' id='word_1_35' title='bbox 162 3019 220 3049; x_wconf 92' lang='grc' dir='ltr'>ῙΩ.</span> 
     </span>
    </p>
   </div>
   <div class='ocr_carea' id='block_1_35' title="bbox 161 3123 216 3152">
    <p class='ocr_par' dir='ltr' id='par_1_35' title="bbox 161 3123 216 3152">
     <span class='ocr_line' id='line_1_36' title="bbox 161 3123 216 3152; baseline 0 0"><span class='ocrx_word' id='word_1_36' title='bbox 161 3123 216 3152; x_wconf 64' lang='grc' dir='ltr'>Ιξλ</span> 
     </span>
    </p>
   </div>
   <div class='ocr_carea' id='block_1_36' title="bbox 269 349 1028 469">
    <p class='ocr_par' dir='ltr' id='par_1_36' title="bbox 269 349 1028 453">
     <span class='ocr_line' id='line_1_37' title="bbox 269 349 1028 405; baseline 0.003 -17"><span class='ocrx_word' id='word_1_37' title='bbox 269 349 418 399; x_wconf 56' lang='grc' dir='ltr'>ιφθὴαεῖς,</span> <span class='ocrx_word' id='word_1_38' title='bbox 437 351 535 390; x_wconf 62' lang='grc' dir='ltr'>«κτοις</span> <span class='ocrx_word' id='word_1_39' title='bbox 552 350 816 405; x_wconf 44' lang='grc' dir='ltr'>ουσ·’,εῖιποτῆρ</span> <span class='ocrx_word' id='word_1_40' title='bbox 835 352 952 405; x_wconf 72' lang='grc' dir='ltr'>ἐξηῦρέ</span> <span class='ocrx_word' id='word_1_41' title='bbox 964 368 1028 401; x_wconf 62' lang='lat' dir='ltr'>pag</span> 
     </span>
     <span class='ocr_line' id='line_1_38' title="bbox 270 404 1026 469; baseline 0.004 -30"><span class='ocrx_word' id='word_1_42' title='bbox 270 404 316 469; x_wconf 71' lang='grc' dir='ltr'>σὺ</span> <span class='ocrx_word' id='word_1_43' title='bbox 331 408 398 439; x_wconf 76' lang='grc' dir='ltr'>τῶν</span> <span class='ocrx_word' id='word_1_44' title='bbox 414 405 558 440; x_wconf 82' lang='grc' dir='ltr'>ἀτέκνων</span> <span class='ocrx_word' id='word_1_45' title='bbox 574 405 646 451; x_wconf 83' lang='grc' dir='ltr'>δῆτ’</span> <span class='ocrx_word' id='word_1_46' title='bbox 664 406 869 453; x_wconf 72' lang='grc' dir='ltr'>ἀναρπάσεις</span> <span class='ocrx_word' id='word_1_47' title='bbox 885 407 1026 453; x_wconf 86' lang='grc' dir='ltr'>δόμους,-</span> 
     </span>
    </p>
   </div>
   <div class='ocr_carea' id='block_1_37' title="bbox 263 454 1096 1918">
    <p class='ocr_par' dir='ltr' id='par_1_37' title="bbox 265 454 1008 678">
     <span class='ocr_line' id='line_1_39' title="bbox 267 454 1008 506; baseline 0.005 -14"><span class='ocrx_word' id='word_1_48' title='bbox 267 455 344 502; x_wconf 79' lang='grc' dir='ltr'>ἡμῖν</span> <span class='ocrx_word' id='word_1_49' title='bbox 361 457 399 492; x_wconf 87' lang='grc' dir='ltr'>δέ</span> <span class='ocrx_word' id='word_1_50' title='bbox 415 454 450 503; x_wconf 82' lang='grc' dir='ltr'>γ’</span> <span class='ocrx_word' id='word_1_51' title='bbox 469 457 560 492; x_wconf 83' lang='grc' dir='ltr'>ἀλλὰ</span> <span class='ocrx_word' id='word_1_52' title='bbox 576 459 737 505; x_wconf 80' lang='grc' dir='ltr'>πατρικῆς</span> <span class='ocrx_word' id='word_1_53' title='bbox 754 459 813 494; x_wconf 88' lang='grc' dir='ltr'>οὗκ</span> <span class='ocrx_word' id='word_1_54' title='bbox 830 458 871 504; x_wconf 82' lang='grc' dir='ltr'>ἦν</span> <span class='ocrx_word' id='word_1_55' title='bbox 886 458 1008 506; x_wconf 64' lang='grc' dir='ltr'>μέροςς</span> 
     </span>
     <span class='ocr_line' id='line_1_40' title="bbox 268 507 989 556; baseline 0.006 -12"><span class='ocrx_word' id='word_1_56' title='bbox 268 507 322 554; x_wconf 54' lang='grc' dir='ltr'>ὅρι’</span> <span class='ocrx_word' id='word_1_57' title='bbox 341 508 444 545; x_wconf 85' lang='grc' dir='ltr'>ἀσπις</span> <span class='ocrx_word' id='word_1_58' title='bbox 461 508 562 555; x_wconf 69' lang='grc' dir='ltr'>ἔγχος</span> <span class='ocrx_word' id='word_1_59' title='bbox 580 509 611 545; x_wconf 91' lang='grc' dir='ltr'>θ’</span> <span class='ocrx_word' id='word_1_60' title='bbox 615 526 623 534; x_wconf 87' lang='grc'>·</span> <span class='ocrx_word' id='word_1_61' title='bbox 651 510 709 555; x_wconf 82' lang='grc' dir='ltr'>ἥδε</span> <span class='ocrx_word' id='word_1_62' title='bbox 727 525 785 546; x_wconf 92' lang='grc' dir='ltr'>σοι</span> <span class='ocrx_word' id='word_1_63' title='bbox 801 511 989 556; x_wconf 77' lang='grc' dir='ltr'><strong><em>παμπησία.</em></strong></span> 
     </span>
     <span class='ocr_line' id='line_1_41' title="bbox 269 560 931 610; baseline 0.008 -15"><span class='ocrx_word' id='word_1_64' title='bbox 269 560 402 597; x_wconf 76' lang='grc' dir='ltr'>ἔκλειπε</span> <span class='ocrx_word' id='word_1_65' title='bbox 418 561 536 606; x_wconf 87' lang='grc' dir='ltr'>βωμὸν</span> <span class='ocrx_word' id='word_1_66' title='bbox 553 563 607 598; x_wconf 79' lang='grc' dir='ltr'>καὶ</span> <span class='ocrx_word' id='word_1_67' title='bbox 625 561 807 608; x_wconf 79' lang='grc' dir='ltr'>θεηλάτους</span> <span class='ocrx_word' id='word_1_68' title='bbox 825 563 931 610; x_wconf 84' lang='grc' dir='ltr'>ἕδρας.</span> 
     </span>
     <span class='ocr_line' id='line_1_42' title="bbox 265 612 986 662; baseline 0.007 -16"><span class='ocrx_word' id='word_1_69' title='bbox 265 612 326 658; x_wconf 76' lang='grc' dir='ltr'>τὴν</span> <span class='ocrx_word' id='word_1_70' title='bbox 343 613 408 658; x_wconf 85' lang='grc' dir='ltr'>σὴν</span> <span class='ocrx_word' id='word_1_71' title='bbox 426 612 510 648; x_wconf 84' lang='grc' dir='ltr'>ὅπου</span> <span class='ocrx_word' id='word_1_72' title='bbox 528 628 585 649; x_wconf 89' lang='grc' dir='ltr'>σοι</span> <span class='ocrx_word' id='word_1_73' title='bbox 602 614 715 662; x_wconf 88' lang='grc' dir='ltr'>μητέρ’</span> <span class='ocrx_word' id='word_1_74' title='bbox 736 615 810 651; x_wconf 81' lang='grc' dir='ltr'>ἐστὶ</span> <span class='ocrx_word' id='word_1_75' title='bbox 828 616 986 651; x_wconf 88' lang='grc' dir='ltr'>νουθέτει.</span> 
     </span>
     <span class='ocr_line' id='line_1_43' title="bbox 298 664 526 678; baseline -0.009 0"><span class='ocrx_word' id='word_1_76' title='bbox 298 664 526 678; x_wconf 57' lang='grc'><strong>,,,,,</strong></span> 
     </span>
    </p>

    <p class='ocr_par' dir='ltr' id='par_1_38' title="bbox 263 695 1096 1918">
     <span class='ocr_line' id='line_1_44' title="bbox 1011 695 1020 709; baseline 0 0"><span class='ocrx_word' id='word_1_77' title='bbox 1011 695 1020 709; x_wconf 65' lang='lat'><em>2</em></span> 
     </span>
     <span class='ocr_line' id='line_1_45' title="bbox 266 714 1078 766; baseline 0.007 -16"><span class='ocrx_word' id='word_1_78' title='bbox 266 717 307 761; x_wconf 80' lang='grc' dir='ltr'>ἥν</span> <span class='ocrx_word' id='word_1_79' title='bbox 322 714 358 763; x_wconf 79' lang='grc' dir='ltr'>γ’</span> <span class='ocrx_word' id='word_1_80' title='bbox 377 717 469 753; x_wconf 88' lang='grc' dir='ltr'>ἐντὸς</span> <span class='ocrx_word' id='word_1_81' title='bbox 486 716 613 753; x_wconf 80' lang='grc' dir='ltr'>ἀδύτων</span> <span class='ocrx_word' id='word_1_82' title='bbox 630 718 735 753; x_wconf 81' lang='grc' dir='ltr'>τῶνδέ</span> <span class='ocrx_word' id='word_1_83' title='bbox 749 734 791 764; x_wconf 85' lang='grc' dir='ltr'>με</span> <span class='ocrx_word' id='word_1_84' title='bbox 810 720 943 766; x_wconf 77' lang='grc' dir='ltr'>σφάξαι</span> <span class='ocrx_word' id='word_1_85' title='bbox 961 720 1078 765; x_wconf 83' lang='grc' dir='ltr'>θέλῃς.</span> 
     </span>
     <span class='ocr_line' id='line_1_46' title="bbox 265 767 996 817; baseline 0.007 -14"><span class='ocrx_word' id='word_1_86' title='bbox 265 768 316 804; x_wconf 88' lang='grc' dir='ltr'>τίς</span> <span class='ocrx_word' id='word_1_87' title='bbox 332 767 432 813; x_wconf 85' lang='grc' dir='ltr'>ἡδονή</span> <span class='ocrx_word' id='word_1_88' title='bbox 451 783 508 804; x_wconf 92' lang='grc' dir='ltr'>σοι</span> <span class='ocrx_word' id='word_1_89' title='bbox 526 770 605 807; x_wconf 88' lang='grc' dir='ltr'>θεοῦ</span> <span class='ocrx_word' id='word_1_90' title='bbox 623 770 769 806; x_wconf 86' lang='grc' dir='ltr'>θανεῖν’</span> <span class='ocrx_word' id='word_1_91' title='bbox 751 786 786 806; x_wconf 89' lang='grc' dir='ltr'>εν</span> <span class='ocrx_word' id='word_1_92' title='bbox 804 771 996 817; x_wconf 89' lang='grc' dir='ltr'>στέμμασι·</span> 
     </span>
     <span class='ocr_line' id='line_1_47' title="bbox 266 821 946 869; baseline 0.007 -14"><span class='ocrx_word' id='word_1_93' title='bbox 266 821 463 867; x_wconf 84' lang='grc' dir='ltr'>λυπήσομέν</span> <span class='ocrx_word' id='word_1_94' title='bbox 479 822 539 857; x_wconf 87' lang='grc' dir='ltr'>τιν’</span> <span class='ocrx_word' id='word_1_95' title='bbox 559 823 604 858; x_wconf 78' lang='grc' dir='ltr'>ὧν</span> <span class='ocrx_word' id='word_1_96' title='bbox 620 822 891 869; x_wconf 63' lang='grc' dir='ltr'>λελυπήμεσθ’ν</span> <span class='ocrx_word' id='word_1_97' title='bbox 870 839 946 860; x_wconf 91' lang='grc' dir='ltr'>υπο.</span> 
     </span>
     <span class='ocr_line' id='line_1_48' title="bbox 267 874 346 919; baseline 0 -10"><span class='ocrx_word' id='word_1_98' title='bbox 267 874 346 919; x_wconf 86' lang='grc' dir='ltr'>φεῦ.</span> 
     </span>
     <span class='ocr_line' id='line_1_49' title="bbox 266 926 1064 973; baseline 0.006 -12"><span class='ocrx_word' id='word_1_99' title='bbox 266 926 373 961; x_wconf 89' lang='grc' dir='ltr'>δεινόν</span> <span class='ocrx_word' id='word_1_100' title='bbox 388 941 439 973; x_wconf 89' lang='grc' dir='ltr'>γε,</span> <span class='ocrx_word' id='word_1_101' title='bbox 459 926 589 972; x_wconf 78' lang='grc' dir='ltr'>θνητοῖς</span> <span class='ocrx_word' id='word_1_102' title='bbox 605 926 682 963; x_wconf 89' lang='grc' dir='ltr'>τοὺς</span> <span class='ocrx_word' id='word_1_103' title='bbox 700 929 819 973; x_wconf 91' lang='grc' dir='ltr'>νόμους</span> <span class='ocrx_word' id='word_1_104' title='bbox 836 929 881 965; x_wconf 84' lang='grc' dir='ltr'>ὧς</span> <span class='ocrx_word' id='word_1_105' title='bbox 898 930 937 964; x_wconf 83' lang='grc' dir='ltr'>οὗ</span> <span class='ocrx_word' id='word_1_106' title='bbox 955 931 1064 966; x_wconf 81' lang='grc' dir='ltr'>καλῶς</span> 
     </span>
     <span class='ocr_line' id='line_1_50' title="bbox 267 977 973 1028; baseline 0.006 -15"><span class='ocrx_word' id='word_1_107' title='bbox 267 977 417 1023; x_wconf 77' lang='grc' dir='ltr'>ἔθηκεν</span> <span class='ocrx_word' id='word_1_108' title='bbox 400 995 418 1014; x_wconf 92' lang='grc' dir='ltr'>ο</span> <span class='ocrx_word' id='word_1_109' title='bbox 437 978 512 1014; x_wconf 83' lang='grc' dir='ltr'>θεὸς</span> <span class='ocrx_word' id='word_1_110' title='bbox 530 978 598 1013; x_wconf 75' lang='grc' dir='ltr'>οὐδ’</span> <span class='ocrx_word' id='word_1_111' title='bbox 618 978 684 1014; x_wconf 90' lang='grc' dir='ltr'>ἀπὸ</span> <span class='ocrx_word' id='word_1_112' title='bbox 700 981 832 1026; x_wconf 84' lang='grc' dir='ltr'>γνώμης</span> <span class='ocrx_word' id='word_1_113' title='bbox 850 983 973 1028; x_wconf 84' lang='grc' dir='ltr'>σοφῆς·</span> 
     </span>
     <span class='ocr_line' id='line_1_51' title="bbox 266 1030 1096 1081; baseline 0.005 -17"><span class='ocrx_word' id='word_1_114' title='bbox 266 1030 344 1067; x_wconf 75' lang='grc' dir='ltr'>τοὺς</span> <span class='ocrx_word' id='word_1_115' title='bbox 360 1031 421 1076; x_wconf 82' lang='grc' dir='ltr'>μέν</span> <span class='ocrx_word' id='word_1_116' title='bbox 437 1032 503 1077; x_wconf 81' lang='grc' dir='ltr'>γὰρ</span> <span class='ocrx_word' id='word_1_117' title='bbox 522 1031 654 1067; x_wconf 80' lang='grc' dir='ltr'>ἀδίκους</span> <span class='ocrx_word' id='word_1_118' title='bbox 671 1033 788 1077; x_wconf 90' lang='grc' dir='ltr'>βωμὸν</span> <span class='ocrx_word' id='word_1_119' title='bbox 804 1032 868 1079; x_wconf 82' lang='grc' dir='ltr'>οὐχ</span> <span class='ocrx_word' id='word_1_120' title='bbox 885 1033 966 1078; x_wconf 79' lang='grc' dir='ltr'>ἵζειν</span> <span class='ocrx_word' id='word_1_121' title='bbox 983 1034 1096 1081; x_wconf 80' lang='grc' dir='ltr'>ἐχρῆν,</span> 
     </span>
     <span class='ocr_line' id='line_1_52' title="bbox 267 1082 1013 1131; baseline 0.005 -14"><span class='ocrx_word' id='word_1_122' title='bbox 267 1082 345 1118; x_wconf 85' lang='grc' dir='ltr'>ἀλλ’</span> <span class='ocrx_word' id='word_1_123' title='bbox 366 1082 564 1126; x_wconf 78' lang='grc' dir='ltr'>ἐξελαύνειν·</span> <span class='ocrx_word' id='word_1_124' title='bbox 592 1084 667 1118; x_wconf 82' lang='grc' dir='ltr'>οὐδὲ</span> <span class='ocrx_word' id='word_1_125' title='bbox 684 1085 750 1131; x_wconf 86' lang='grc' dir='ltr'>γὰρ</span> <span class='ocrx_word' id='word_1_126' title='bbox 768 1085 893 1130; x_wconf 74' lang='grc' dir='ltr'>ψαύειν</span> <span class='ocrx_word' id='word_1_127' title='bbox 909 1087 1013 1122; x_wconf 84' lang='grc' dir='ltr'>καλὸν</span> 
     </span>
     <span class='ocr_line' id='line_1_53' title="bbox 268 1134 954 1182; baseline 0.006 -13"><span class='ocrx_word' id='word_1_128' title='bbox 268 1134 352 1170; x_wconf 83' lang='grc' dir='ltr'>θεῶν</span> <span class='ocrx_word' id='word_1_129' title='bbox 368 1137 515 1182; x_wconf 91' lang='grc' dir='ltr'>πονηρὰν</span> <span class='ocrx_word' id='word_1_130' title='bbox 531 1137 638 1182; x_wconf 84' lang='grc' dir='ltr'>χεῖρα,</span> <span class='ocrx_word' id='word_1_131' title='bbox 657 1138 749 1172; x_wconf 86' lang='grc' dir='ltr'>τοῖσι</span> <span class='ocrx_word' id='word_1_132' title='bbox 767 1137 795 1172; x_wconf 83' lang='grc' dir='ltr'>δ’</span> <span class='ocrx_word' id='word_1_133' title='bbox 816 1138 954 1175; x_wconf 81' lang='grc' dir='ltr'>ἐνδίκοις</span> 
     </span>
     <span class='ocr_line' id='line_1_54' title="bbox 271 1186 926 1253; baseline 0.005 -31"><span class='ocrx_word' id='word_1_134' title='bbox 271 1189 342 1234; x_wconf 79' lang='grc' dir='ltr'>ἱερὰ</span> <span class='ocrx_word' id='word_1_135' title='bbox 360 1187 524 1253; x_wconf 79' lang='grc' dir='ltr'>καθίζειν,</span> <span class='ocrx_word' id='word_1_136' title='bbox 536 1189 630 1224; x_wconf 83' lang='grc' dir='ltr'>ὅστις</span> <span class='ocrx_word' id='word_1_137' title='bbox 649 1186 793 1232; x_wconf 78' lang='grc' dir='ltr'>ἠδικεῖτ’,</span> <span class='ocrx_word' id='word_1_138' title='bbox 813 1190 926 1236; x_wconf 83' lang='grc' dir='ltr'>ἐχρῆν,</span> 
     </span>
     <span class='ocr_line' id='line_1_55' title="bbox 265 1290 1024 1342; baseline 0.004 -15"><span class='ocrx_word' id='word_1_139' title='bbox 265 1293 324 1327; x_wconf 85' lang='grc' dir='ltr'>τόν</span> <span class='ocrx_word' id='word_1_140' title='bbox 341 1290 372 1327; x_wconf 90' lang='grc' dir='ltr'>τ’</span> <span class='ocrx_word' id='word_1_141' title='bbox 393 1291 557 1327; x_wconf 82' lang='grc' dir='ltr'>ἐσθλὸν”</span> <span class='ocrx_word' id='word_1_142' title='bbox 538 1307 616 1326; x_wconf 87' lang='grc' dir='ltr'>οντα</span> <span class='ocrx_word' id='word_1_143' title='bbox 633 1294 691 1327; x_wconf 89' lang='grc' dir='ltr'>τόν</span> <span class='ocrx_word' id='word_1_144' title='bbox 708 1309 745 1329; x_wconf 92' lang='grc' dir='ltr'>τε</span> <span class='ocrx_word' id='word_1_145' title='bbox 762 1294 806 1339; x_wconf 85' lang='grc' dir='ltr'>μὴ</span> <span class='ocrx_word' id='word_1_146' title='bbox 825 1294 909 1329; x_wconf 81' lang='grc' dir='ltr'>θεῶν</span> <span class='ocrx_word' id='word_1_147' title='bbox 925 1296 1024 1342; x_wconf 88' lang='grc' dir='ltr'>πάρα.</span> 
     </span>
     <span class='ocr_line' id='line_1_56' title="bbox 267 1344 1024 1394; baseline 0.003 -15"><span class='ocrx_word' id='word_1_148' title='bbox 267 1345 417 1390; x_wconf 77' lang='grc' dir='ltr'>ἐπίσχες,</span> <span class='ocrx_word' id='word_1_149' title='bbox 436 1344 462 1379; x_wconf 82' lang='grc' dir='ltr'><em>ὦ</em></span> <span class='ocrx_word' id='word_1_150' title='bbox 478 1346 549 1379; x_wconf 89' lang='grc' dir='ltr'>παῖ·</span> <span class='ocrx_word' id='word_1_151' title='bbox 576 1344 718 1391; x_wconf 81' lang='grc' dir='ltr'>τρίποδα</span> <span class='ocrx_word' id='word_1_152' title='bbox 734 1348 801 1393; x_wconf 86' lang='grc' dir='ltr'>γὰρ</span> <span class='ocrx_word' id='word_1_153' title='bbox 817 1346 1024 1394; x_wconf 86' lang='grc' dir='ltr'>χρηστήριον</span> 
     </span>
     <span class='ocr_line' id='line_1_57' title="bbox 266 1396 1000 1445; baseline 0.004 -14"><span class='ocrx_word' id='word_1_154' title='bbox 266 1398 417 1433; x_wconf 86' lang='grc' dir='ltr'>λιποῦσα</span> <span class='ocrx_word' id='word_1_155' title='bbox 435 1396 572 1443; x_wconf 81' lang='grc' dir='ltr'>θριγκοῦ</span> <span class='ocrx_word' id='word_1_156' title='bbox 589 1397 680 1432; x_wconf 85' lang='grc' dir='ltr'>τοῦδ’</span> <span class='ocrx_word' id='word_1_157' title='bbox 699 1398 904 1445; x_wconf 81' lang='grc' dir='ltr'>ὑπερβάλλω</span> <span class='ocrx_word' id='word_1_158' title='bbox 921 1400 1000 1434; x_wconf 79' lang='grc' dir='ltr'>ποδὶ</span> 
     </span>
     <span class='ocr_line' id='line_1_58' title="bbox 266 1449 1040 1497; baseline 0.003 -13"><span class='ocrx_word' id='word_1_159' title='bbox 266 1449 394 1491; x_wconf 89' lang='grc' dir='ltr'>Φοίβου</span> <span class='ocrx_word' id='word_1_160' title='bbox 411 1450 591 1495; x_wconf 85' lang='grc' dir='ltr'>προφῆτις,</span> <span class='ocrx_word' id='word_1_161' title='bbox 610 1450 767 1495; x_wconf 82' lang='grc' dir='ltr'>τρίποδος</span> <span class='ocrx_word' id='word_1_162' title='bbox 783 1451 924 1496; x_wconf 88' lang='grc' dir='ltr'>ἀρχαῖον</span> <span class='ocrx_word' id='word_1_163' title='bbox 941 1452 1040 1497; x_wconf 89' lang='grc' dir='ltr'>νόμον</span> 
     </span>
     <span class='ocr_line' id='line_1_59' title="bbox 268 1502 967 1550; baseline 0.004 -14"><span class='ocrx_word' id='word_1_164' title='bbox 268 1503 435 1545; x_wconf 79' lang='grc' dir='ltr'>σώζουσα,</span> <span class='ocrx_word' id='word_1_165' title='bbox 454 1504 573 1536; x_wconf 84' lang='grc' dir='ltr'>πασῶν</span> <span class='ocrx_word' id='word_1_166' title='bbox 590 1503 771 1548; x_wconf 82' lang='grc' dir='ltr'>Δελφίδων</span> <span class='ocrx_word' id='word_1_167' title='bbox 788 1502 967 1550; x_wconf 79' lang='grc' dir='ltr'>ἐξαίρετος.</span> 
     </span>
     <span class='ocr_line' id='line_1_60' title="bbox 263 1553 1030 1603; baseline 0.003 -15"><span class='ocrx_word' id='word_1_168' title='bbox 263 1553 365 1600; x_wconf 81' lang='grc' dir='ltr'>χαῖρ’,</span> <span class='ocrx_word' id='word_1_169' title='bbox 384 1553 410 1587; x_wconf 79' lang='grc' dir='ltr'><em>ὦ</em></span> <span class='ocrx_word' id='word_1_170' title='bbox 427 1553 514 1598; x_wconf 92' lang='grc' dir='ltr'>φίλη</span> <span class='ocrx_word' id='word_1_171' title='bbox 532 1567 589 1598; x_wconf 93' lang='grc' dir='ltr'>μοι</span> <span class='ocrx_word' id='word_1_172' title='bbox 606 1556 720 1602; x_wconf 90' lang='grc' dir='ltr'>μῆτερ,</span> <span class='ocrx_word' id='word_1_173' title='bbox 739 1556 778 1592; x_wconf 81' lang='grc' dir='ltr'>οὗ</span> <span class='ocrx_word' id='word_1_174' title='bbox 795 1557 940 1591; x_wconf 85' lang='grc' dir='ltr'>τεκοῦσά</span> <span class='ocrx_word' id='word_1_175' title='bbox 955 1570 1030 1603; x_wconf 91' lang='grc' dir='ltr'>περ.</span> 
     </span>
     <span class='ocr_line' id='line_1_61' title="bbox 265 1604 1092 1656; baseline 0.004 -15"><span class='ocrx_word' id='word_1_176' title='bbox 265 1606 344 1641; x_wconf 83' lang='grc' dir='ltr'>ἀλλ’</span> <span class='ocrx_word' id='word_1_177' title='bbox 357 1604 414 1640; x_wconf 82' lang='grc' dir='ltr'>οὖν</span> <span class='ocrx_word' id='word_1_178' title='bbox 426 1604 593 1651; x_wconf 82' lang='grc' dir='ltr'>λεγόμεθά</span> <span class='ocrx_word' id='word_1_179' title='bbox 606 1605 649 1653; x_wconf 81' lang='grc' dir='ltr'>γ’·</span> <span class='ocrx_word' id='word_1_180' title='bbox 668 1606 688 1651; x_wconf 88' lang='grc' dir='ltr'><strong><em>ἡ</em></strong></span> <span class='ocrx_word' id='word_1_181' title='bbox 703 1609 804 1655; x_wconf 87' lang='grc' dir='ltr'>φάτις</span> <span class='ocrx_word' id='word_1_182' title='bbox 815 1607 844 1643; x_wconf 65' lang='grc' dir='ltr'>δ’</span> <span class='ocrx_word' id='word_1_183' title='bbox 855 1610 896 1643; x_wconf 79' lang='grc' dir='ltr'>οὔ</span> <span class='ocrx_word' id='word_1_184' title='bbox 907 1623 966 1653; x_wconf 92' lang='grc' dir='ltr'>μοι</span> <span class='ocrx_word' id='word_1_185' title='bbox 978 1609 1092 1656; x_wconf 87' lang='grc' dir='ltr'>πικρά.</span> 
     </span>
     <span class='ocr_line' id='line_1_62' title="bbox 267 1657 1027 1707; baseline 0.007 -15"><span class='ocrx_word' id='word_1_186' title='bbox 267 1660 411 1703; x_wconf 78' lang='grc' dir='ltr'>ἤκουσας</span> <span class='ocrx_word' id='word_1_187' title='bbox 428 1658 472 1694; x_wconf 85' lang='grc' dir='ltr'>ὥς</span> <span class='ocrx_word' id='word_1_188' title='bbox 487 1657 523 1702; x_wconf 89' lang='grc' dir='ltr'>μ’</span> <span class='ocrx_word' id='word_1_189' title='bbox 541 1659 681 1695; x_wconf 82' lang='grc' dir='ltr'>ἔκτεινεν</span> <span class='ocrx_word' id='word_1_190' title='bbox 699 1660 757 1706; x_wconf 85' lang='grc' dir='ltr'>ἥδε</span> <span class='ocrx_word' id='word_1_191' title='bbox 773 1662 957 1707; x_wconf 68' lang='grc' dir='ltr'>μηχαναῖςς</span> <span class='ocrx_word' id='word_1_192' title='bbox 1020 1698 1027 1705; x_wconf 73' lang='grc'>,</span> 
     </span>
     <span class='ocr_line' id='line_1_63' title="bbox 265 1708 983 1760; baseline 0.007 -16"><span class='ocrx_word' id='word_1_193' title='bbox 265 1712 402 1755; x_wconf 84' lang='grc' dir='ltr'>ἤκουσα·</span> <span class='ocrx_word' id='word_1_194' title='bbox 427 1710 480 1744; x_wconf 83' lang='grc' dir='ltr'>καὶ</span> <span class='ocrx_word' id='word_1_195' title='bbox 499 1708 544 1751; x_wconf 78' lang='grc' dir='ltr'>σύ</span> <span class='ocrx_word' id='word_1_196' title='bbox 561 1711 593 1756; x_wconf 86' lang='grc' dir='ltr'>γ’</span> <span class='ocrx_word' id='word_1_197' title='bbox 613 1712 700 1757; x_wconf 76' lang='grc' dir='ltr'>ὠμὸς</span> <span class='ocrx_word' id='word_1_198' title='bbox 715 1711 761 1748; x_wconf 78' lang='grc' dir='ltr'>ὢν</span> <span class='ocrx_word' id='word_1_199' title='bbox 778 1715 983 1760; x_wconf 77' lang='grc' dir='ltr'>ἁμαρτάνεις.</span> 
     </span>
     <span class='ocr_line' id='line_1_64' title="bbox 266 1761 1026 1810; baseline 0.005 -14"><span class='ocrx_word' id='word_1_200' title='bbox 266 1763 305 1797; x_wconf 81' lang='grc' dir='ltr'>οὐ</span> <span class='ocrx_word' id='word_1_201' title='bbox 321 1761 387 1809; x_wconf 89' lang='grc' dir='ltr'>χρή</span> <span class='ocrx_word' id='word_1_202' title='bbox 405 1777 447 1807; x_wconf 91' lang='grc' dir='ltr'>με</span> <span class='ocrx_word' id='word_1_203' title='bbox 463 1763 541 1800; x_wconf 83' lang='grc' dir='ltr'>τοὺς</span> <span class='ocrx_word' id='word_1_204' title='bbox 558 1764 742 1802; x_wconf 88' lang='grc' dir='ltr'>κτείνοντας</span> <span class='ocrx_word' id='word_1_205' title='bbox 758 1764 1026 1810; x_wconf 77' lang='grc' dir='ltr'>ἀνταπολλύναι,-</span> 
     </span>
     <span class='ocr_line' id='line_1_65' title="bbox 264 1815 994 1863; baseline 0.003 -12"><span class='ocrx_word' id='word_1_206' title='bbox 264 1816 442 1862; x_wconf 89' lang='grc' dir='ltr'>προγόνοις</span> <span class='ocrx_word' id='word_1_207' title='bbox 459 1815 622 1863; x_wconf 79' lang='grc' dir='ltr'>δάμαρτες</span> <span class='ocrx_word' id='word_1_208' title='bbox 639 1817 813 1862; x_wconf 83' lang='grc' dir='ltr'>δυσμενεῖς</span> <span class='ocrx_word' id='word_1_209' title='bbox 831 1816 884 1852; x_wconf 84' lang='grc' dir='ltr'>ἀεί</span> <span class='ocrx_word' id='word_1_210' title='bbox 899 1832 994 1853; x_wconf 91' lang='grc' dir='ltr'>ποτε.</span> 
     </span>
     <span class='ocr_line' id='line_1_66' title="bbox 267 1867 997 1918; baseline 0.005 -16"><span class='ocrx_word' id='word_1_211' title='bbox 267 1867 359 1912; x_wconf 82' lang='grc' dir='ltr'>ἡμεῖς</span> <span class='ocrx_word' id='word_1_212' title='bbox 377 1868 413 1902; x_wconf 82' lang='grc' dir='ltr'>δὲ</span> <span class='ocrx_word' id='word_1_213' title='bbox 429 1870 600 1915; x_wconf 81' lang='grc' dir='ltr'>μητρυιαῖς</span> <span class='ocrx_word' id='word_1_214' title='bbox 615 1884 656 1918; x_wconf 89' lang='grc' dir='ltr'>γε</span> <span class='ocrx_word' id='word_1_215' title='bbox 671 1869 862 1915; x_wconf 79' lang='grc' dir='ltr'>πάσχοντες</span> <span class='ocrx_word' id='word_1_216' title='bbox 879 1872 997 1907; x_wconf 78' lang='grc' dir='ltr'>κακῶς.</span> 
     </span>
    </p>
   </div>
   <div class='ocr_carea' id='block_1_38' title="bbox 161 1918 1044 2059">
    <p class='ocr_par' dir='ltr' id='par_1_39' title="bbox 161 1918 1044 2059">
     <span class='ocr_line' id='line_1_67' title="bbox 226 1918 1044 1969; baseline 0.007 -15"><span class='ocrx_word' id='word_1_217' title='bbox 226 1945 245 1969; x_wconf 25' lang='grc'>,4</span> <span class='ocrx_word' id='word_1_218' title='bbox 262 1920 307 1964; x_wconf 78' lang='grc' dir='ltr'>μὴ</span> <span class='ocrx_word' id='word_1_219' title='bbox 325 1920 437 1954; x_wconf 88' lang='grc' dir='ltr'>ταῦτα·</span> <span class='ocrx_word' id='word_1_220' title='bbox 463 1918 589 1955; x_wconf 86' lang='grc' dir='ltr'>λείπων</span> <span class='ocrx_word' id='word_1_221' title='bbox 605 1921 661 1967; x_wconf 80' lang='grc' dir='ltr'>ἱρὰ</span> <span class='ocrx_word' id='word_1_222' title='bbox 677 1921 735 1956; x_wconf 80' lang='grc' dir='ltr'>καὶ</span> <span class='ocrx_word' id='word_1_223' title='bbox 750 1921 898 1969; x_wconf 77' lang='grc' dir='ltr'>στείχων</span> <span class='ocrx_word' id='word_1_224' title='bbox 913 1922 1044 1961; x_wconf 74' lang='grc' dir='ltr'>πάτραν</span> 
     </span>
     <span class='ocr_line' id='line_1_68' title="bbox 161 1976 221 2008; baseline -0.033 -1"><span class='ocrx_word' id='word_1_225' title='bbox 161 1976 221 2008; x_wconf 86' lang='grc' dir='ltr'>ῙΩ.</span> 
     </span>
     <span class='ocr_line' id='line_1_69' title="bbox 164 2029 237 2059; baseline 0.014 -1"><span class='ocrx_word' id='word_1_226' title='bbox 164 2029 237 2059; x_wconf 71' lang='grc' dir='ltr'>ῙΪΥ.</span> 
     </span>
    </p>
   </div>
   <div class='ocr_carea' id='block_1_39' title="bbox 263 1970 1015 2126">
    <p class='ocr_par' dir='ltr' id='par_1_40' title="bbox 263 1970 1015 2126">
     <span class='ocr_line' id='line_1_70' title="bbox 264 1970 970 2021; baseline 0.006 -16"><span class='ocrx_word' id='word_1_227' title='bbox 264 1971 297 2006; x_wconf 87' lang='grc' dir='ltr'>τί</span> <span class='ocrx_word' id='word_1_228' title='bbox 314 1970 354 2016; x_wconf 88' lang='grc' dir='ltr'>δή</span> <span class='ocrx_word' id='word_1_229' title='bbox 371 1986 413 2015; x_wconf 89' lang='grc' dir='ltr'>με</span> <span class='ocrx_word' id='word_1_230' title='bbox 431 1972 553 2018; x_wconf 84' lang='grc' dir='ltr'>δρᾶσαι</span> <span class='ocrx_word' id='word_1_231' title='bbox 571 1973 826 2019; x_wconf 77' lang='grc' dir='ltr'>νουθετούμενον</span> <span class='ocrx_word' id='word_1_232' title='bbox 841 1975 970 2021; x_wconf 70' lang='grc' dir='ltr'>χρεώνς</span> 
     </span>
     <span class='ocr_line' id='line_1_71' title="bbox 266 2022 1015 2070; baseline 0.007 -13"><span class='ocrx_word' id='word_1_233' title='bbox 266 2022 408 2070; x_wconf 84' lang='grc' dir='ltr'>καθαρὸς</span> <span class='ocrx_word' id='word_1_234' title='bbox 425 2023 565 2069; x_wconf 86' lang='grc' dir='ltr'>Ἀθήνας</span> <span class='ocrx_word' id='word_1_235' title='bbox 582 2025 658 2060; x_wconf 79' lang='grc' dir='ltr'>ἔλθ’</span> <span class='ocrx_word' id='word_1_236' title='bbox 677 2026 733 2062; x_wconf 76' lang='grc' dir='ltr'>ὑπ’</span> <span class='ocrx_word' id='word_1_237' title='bbox 751 2027 875 2062; x_wconf 87' lang='grc' dir='ltr'>οἷωνῶν</span> <span class='ocrx_word' id='word_1_238' title='bbox 892 2028 1015 2063; x_wconf 80' lang='grc' dir='ltr'>καλῶν.</span> 
     </span>
     <span class='ocr_line' id='line_1_72' title="bbox 263 2076 1013 2126; baseline 0.004 -14"><span class='ocrx_word' id='word_1_239' title='bbox 263 2077 404 2123; x_wconf 89' lang='grc' dir='ltr'>καθαρὸς</span> <span class='ocrx_word' id='word_1_240' title='bbox 421 2076 508 2114; x_wconf 80' lang='grc' dir='ltr'>ἅπας</span> <span class='ocrx_word' id='word_1_241' title='bbox 524 2091 576 2112; x_wconf 92' lang='grc' dir='ltr'>τοι</span> <span class='ocrx_word' id='word_1_242' title='bbox 593 2078 775 2123; x_wconf 87' lang='grc' dir='ltr'>πολεμίους</span> <span class='ocrx_word' id='word_1_243' title='bbox 793 2078 829 2115; x_wconf 81' lang='grc' dir='ltr'>ὃς</span> <span class='ocrx_word' id='word_1_244' title='bbox 846 2079 886 2114; x_wconf 81' lang='grc' dir='ltr'>ἂν</span> <span class='ocrx_word' id='word_1_245' title='bbox 903 2079 1013 2126; x_wconf 85' lang='grc' dir='ltr'>κτάνῃ.</span> 
     </span>
    </p>
   </div>
   <div class='ocr_carea' id='block_1_40' title="bbox 261 2127 1099 2180">
    <p class='ocr_par' dir='ltr' id='par_1_41' title="bbox 261 2127 1099 2180">
     <span class='ocr_line' id='line_1_73' title="bbox 261 2127 1099 2180; baseline 0.004 -14"><span class='ocrx_word' id='word_1_246' title='bbox 261 2130 306 2175; x_wconf 76' lang='grc' dir='ltr'>μὴ</span> <span class='ocrx_word' id='word_1_247' title='bbox 318 2127 363 2166; x_wconf 78' lang='grc' dir='ltr'>σύ</span> <span class='ocrx_word' id='word_1_248' title='bbox 375 2144 426 2176; x_wconf 81' lang='grc' dir='ltr'>γε·</span> <span class='ocrx_word' id='word_1_249' title='bbox 451 2130 529 2177; x_wconf 86' lang='grc' dir='ltr'>παρ’</span> <span class='ocrx_word' id='word_1_250' title='bbox 543 2130 634 2176; x_wconf 83' lang='grc' dir='ltr'>ἡμῶν</span> <span class='ocrx_word' id='word_1_251' title='bbox 647 2129 676 2167; x_wconf 71' lang='grc' dir='ltr'>δ’</span> <span class='ocrx_word' id='word_1_252' title='bbox 687 2131 803 2174; x_wconf 74' lang='grc' dir='ltr'>ἔκλαβ’</span> <span class='ocrx_word' id='word_1_253' title='bbox 814 2130 869 2168; x_wconf 81' lang='grc' dir='ltr'>οῦς</span> <span class='ocrx_word' id='word_1_254' title='bbox 883 2131 951 2178; x_wconf 72' lang='grc' dir='ltr'>ἔχω</span> <span class='ocrx_word' id='word_1_255' title='bbox 962 2132 1099 2180; x_wconf 75' lang='grc' dir='ltr'>λόγους.</span> 
     </span>
    </p>
   </div>
   <div class='ocr_carea' id='block_1_41' title="bbox 260 2181 1094 3375">
    <p class='ocr_par' dir='ltr' id='par_1_42' title="bbox 262 2181 1094 2335">
     <span class='ocr_line' id='line_1_74' title="bbox 262 2181 1094 2233; baseline 0.005 -17"><span class='ocrx_word' id='word_1_256' title='bbox 262 2182 376 2228; x_wconf 80' lang='grc' dir='ltr'>λέγοις</span> <span class='ocrx_word' id='word_1_257' title='bbox 392 2181 442 2216; x_wconf 81' lang='grc' dir='ltr'>ἅν·</span> <span class='ocrx_word' id='word_1_258' title='bbox 470 2185 583 2220; x_wconf 81' lang='grc' dir='ltr'>εὔνους</span> <span class='ocrx_word' id='word_1_259' title='bbox 600 2182 631 2219; x_wconf 86' lang='grc' dir='ltr'>δ’</span> <span class='ocrx_word' id='word_1_260' title='bbox 651 2181 727 2220; x_wconf 78' lang='grc' dir='ltr'>οὗσ’</span> <span class='ocrx_word' id='word_1_261' title='bbox 748 2184 833 2231; x_wconf 83' lang='grc' dir='ltr'>ἐρεῖς</span> <span class='ocrx_word' id='word_1_262' title='bbox 850 2182 904 2220; x_wconf 85' lang='grc' dir='ltr'>ὅσ’</span> <span class='ocrx_word' id='word_1_263' title='bbox 923 2184 964 2220; x_wconf 78' lang='grc' dir='ltr'>ἂν</span> <span class='ocrx_word' id='word_1_264' title='bbox 980 2186 1094 2233; x_wconf 80' lang='grc' dir='ltr'>λέγῃς.</span> 
     </span>
     <span class='ocr_line' id='line_1_75' title="bbox 264 2233 1052 2284; baseline 0.008 -16"><span class='ocrx_word' id='word_1_265' title='bbox 264 2236 345 2280; x_wconf 79' lang='grc' dir='ltr'>ὁρᾷς</span> <span class='ocrx_word' id='word_1_266' title='bbox 361 2233 430 2268; x_wconf 88' lang='grc' dir='ltr'>τόδ’</span> <span class='ocrx_word' id='word_1_267' title='bbox 450 2234 553 2281; x_wconf 73' lang='grc' dir='ltr'>ἄγγος</span> <span class='ocrx_word' id='word_1_268' title='bbox 569 2237 670 2284; x_wconf 89' lang='grc' dir='ltr'>χερὸς</span> <span class='ocrx_word' id='word_1_269' title='bbox 687 2235 741 2272; x_wconf 83' lang='grc' dir='ltr'>ὑπ’</span> <span class='ocrx_word' id='word_1_270' title='bbox 760 2237 921 2284; x_wconf 81' lang='grc' dir='ltr'>ἀγκάλαις</span> <span class='ocrx_word' id='word_1_271' title='bbox 939 2238 1052 2283; x_wconf 81' lang='grc' dir='ltr'>ἐμαῖς,·</span> 
     </span>
     <span class='ocr_line' id='line_1_76' title="bbox 263 2286 928 2335; baseline 0.008 -15"><span class='ocrx_word' id='word_1_272' title='bbox 263 2288 329 2333; x_wconf 85' lang='grc' dir='ltr'>ὁρῶ</span> <span class='ocrx_word' id='word_1_273' title='bbox 346 2286 492 2321; x_wconf 80' lang='grc' dir='ltr'>παλαιὰν</span> <span class='ocrx_word' id='word_1_274' title='bbox 508 2286 658 2335; x_wconf 82' lang='grc' dir='ltr'>ἀντίπηγ’</span> <span class='ocrx_word' id='word_1_275' title='bbox 678 2289 713 2324; x_wconf 90' lang='grc' dir='ltr'>ἐν</span> <span class='ocrx_word' id='word_1_276' title='bbox 730 2289 928 2335; x_wconf 82' lang='grc' dir='ltr'>στέμμασιν.</span> 
     </span>
    </p>

    <p class='ocr_par' dir='ltr' id='par_1_43' title="bbox 265 2338 1022 2388">
     <span class='ocr_line' id='line_1_77' title="bbox 265 2338 1022 2388; baseline 0.005 -16"><span class='ocrx_word' id='word_1_277' title='bbox 265 2339 300 2372; x_wconf 87' lang='grc' dir='ltr'>ἐν</span> <span class='ocrx_word' id='word_1_278' title='bbox 317 2338 396 2382; x_wconf 81' lang='grc' dir='ltr'>τῇδέ</span> <span class='ocrx_word' id='word_1_279' title='bbox 413 2338 448 2373; x_wconf 76' lang='grc' dir='ltr'>(τ’</span> <span class='ocrx_word' id='word_1_280' title='bbox 467 2340 598 2381; x_wconf 86' lang='grc' dir='ltr'>ἔλαβον</span> <span class='ocrx_word' id='word_1_281' title='bbox 614 2342 768 2387; x_wconf 89' lang='grc' dir='ltr'>νεόγονον</span> <span class='ocrx_word' id='word_1_282' title='bbox 783 2341 916 2388; x_wconf 85' lang='grc' dir='ltr'>βρέφος</span> <span class='ocrx_word' id='word_1_283' title='bbox 931 2341 1022 2377; x_wconf 91' lang='grc' dir='ltr'>ποτέ.</span> 
     </span>
    </p>

    <p class='ocr_par' dir='ltr' id='par_1_44' title="bbox 262 2389 910 2439">
     <span class='ocr_line' id='line_1_78' title="bbox 262 2389 910 2439; baseline 0.005 -14"><span class='ocrx_word' id='word_1_284' title='bbox 262 2391 295 2425; x_wconf 85' lang='grc' dir='ltr'>τί</span> <span class='ocrx_word' id='word_1_285' title='bbox 312 2389 381 2436; x_wconf 80' lang='grc' dir='ltr'>φῄς</span> <span class='ocrx_word' id='word_1_286' title='bbox 391 2405 402 2431; x_wconf 72' lang='grc' dir='ltr'>ς</span> <span class='ocrx_word' id='word_1_287' title='bbox 430 2391 448 2424; x_wconf 83' lang='grc' dir='ltr'>ὁ</span> <span class='ocrx_word' id='word_1_288' title='bbox 465 2391 570 2436; x_wconf 86' lang='grc' dir='ltr'>μῦθος</span> <span class='ocrx_word' id='word_1_289' title='bbox 588 2391 808 2439; x_wconf 84' lang='grc' dir='ltr'>εἶσενήνεκται</span> <span class='ocrx_word' id='word_1_290' title='bbox 827 2393 910 2430; x_wconf 87' lang='grc' dir='ltr'>νέος.</span> 
     </span>
    </p>

    <p class='ocr_par' dir='ltr' id='par_1_45' title="bbox 265 2440 976 2491">
     <span class='ocr_line' id='line_1_79' title="bbox 265 2440 976 2491; baseline 0.006 -15"><span class='ocrx_word' id='word_1_291' title='bbox 265 2445 344 2489; x_wconf 84' lang='grc' dir='ltr'>σιγῇ</span> <span class='ocrx_word' id='word_1_292' title='bbox 362 2443 428 2489; x_wconf 80' lang='grc' dir='ltr'>γὰρ</span> <span class='ocrx_word' id='word_1_293' title='bbox 446 2440 538 2487; x_wconf 82' lang='grc' dir='ltr'>εἶχον</span> <span class='ocrx_word' id='word_1_294' title='bbox 553 2444 648 2485; x_wconf 77' lang='grc' dir='ltr'>αὐτὰ,</span> <span class='ocrx_word' id='word_1_295' title='bbox 667 2447 724 2480; x_wconf 87' lang='grc' dir='ltr'>νῦν</span> <span class='ocrx_word' id='word_1_296' title='bbox 743 2446 778 2480; x_wconf 81' lang='grc' dir='ltr'>δὲ</span> <span class='ocrx_word' id='word_1_297' title='bbox 797 2446 976 2491; x_wconf 86' lang='grc' dir='ltr'>δείκνυμεν.</span> 
     </span>
    </p>

    <p class='ocr_par' dir='ltr' id='par_1_46' title="bbox 261 2493 1090 2800">
     <span class='ocr_line' id='line_1_80' title="bbox 261 2493 1081 2543; baseline 0.002 -13"><span class='ocrx_word' id='word_1_298' title='bbox 261 2498 332 2531; x_wconf 83' lang='grc' dir='ltr'>πῶς</span> <span class='ocrx_word' id='word_1_299' title='bbox 349 2493 407 2530; x_wconf 77' lang='grc' dir='ltr'>οὖν</span> <span class='ocrx_word' id='word_1_300' title='bbox 423 2495 579 2542; x_wconf 73' lang='grc' dir='ltr'>ἔκρυπτες</span> <span class='ocrx_word' id='word_1_301' title='bbox 596 2499 673 2532; x_wconf 85' lang='grc' dir='ltr'>τότε</span> <span class='ocrx_word' id='word_1_302' title='bbox 689 2497 835 2540; x_wconf 86' lang='grc' dir='ltr'>λαβοῦσ’</span> <span class='ocrx_word' id='word_1_303' title='bbox 855 2497 938 2543; x_wconf 79' lang='grc' dir='ltr'>ἡμᾶς</span> <span class='ocrx_word' id='word_1_304' title='bbox 954 2499 1058 2533; x_wconf 89' lang='grc' dir='ltr'>πάλαι</span> <span class='ocrx_word' id='word_1_305' title='bbox 1071 2514 1081 2539; x_wconf 80' lang='lat'><em>3</em></span> 
     </span>
     <span class='ocr_line' id='line_1_81' title="bbox 263 2546 1036 2597; baseline 0.003 -16"><span class='ocrx_word' id='word_1_306' title='bbox 263 2549 281 2581; x_wconf 82' lang='lat'>6</span> <span class='ocrx_word' id='word_1_307' title='bbox 300 2546 375 2583; x_wconf 91' lang='grc' dir='ltr'>θεός</span> <span class='ocrx_word' id='word_1_308' title='bbox 393 2546 428 2581; x_wconf 86' lang='grc' dir='ltr'>σ’</span> <span class='ocrx_word' id='word_1_309' title='bbox 449 2546 600 2589; x_wconf 75' lang='grc' dir='ltr'>ἐβούλετ’</span> <span class='ocrx_word' id='word_1_310' title='bbox 620 2549 655 2584; x_wconf 88' lang='grc' dir='ltr'>ἐν</span> <span class='ocrx_word' id='word_1_311' title='bbox 673 2549 786 2595; x_wconf 90' lang='grc' dir='ltr'>δόμοις</span> <span class='ocrx_word' id='word_1_312' title='bbox 803 2550 892 2595; x_wconf 82' lang='grc' dir='ltr'>ἔχειν</span> <span class='ocrx_word' id='word_1_313' title='bbox 908 2551 1036 2597; x_wconf 87' lang='grc' dir='ltr'>λάτριν.</span> 
     </span>
     <span class='ocr_line' id='line_1_82' title="bbox 265 2597 1090 2649; baseline 0.006 -17"><span class='ocrx_word' id='word_1_314' title='bbox 265 2601 322 2633; x_wconf 89' lang='grc' dir='ltr'>νῦν</span> <span class='ocrx_word' id='word_1_315' title='bbox 340 2597 370 2633; x_wconf 83' lang='grc' dir='ltr'>δ’</span> <span class='ocrx_word' id='word_1_316' title='bbox 390 2598 469 2644; x_wconf 74' lang='grc' dir='ltr'>οὒχῖ</span> <span class='ocrx_word' id='word_1_317' title='bbox 483 2599 621 2644; x_wconf 72' lang='grc' dir='ltr'>χρῄζεις</span> <span class='ocrx_word' id='word_1_318' title='bbox 647 2604 694 2649; x_wconf 83' lang='grc' dir='ltr'>τῷ</span> <span class='ocrx_word' id='word_1_319' title='bbox 708 2601 785 2636; x_wconf 91' lang='grc' dir='ltr'>τόδε</span> <span class='ocrx_word' id='word_1_320' title='bbox 801 2602 924 2647; x_wconf 84' lang='grc' dir='ltr'>γνῶναί</span> <span class='ocrx_word' id='word_1_321' title='bbox 940 2617 982 2647; x_wconf 92' lang='grc' dir='ltr'>με</span> <span class='ocrx_word' id='word_1_322' title='bbox 997 2600 1090 2649; x_wconf 68' lang='grc' dir='ltr'>χρήῖ</span> 
     </span>
     <span class='ocr_line' id='line_1_83' title="bbox 263 2650 1069 2699; baseline 0.007 -15"><span class='ocrx_word' id='word_1_323' title='bbox 263 2650 389 2696; x_wconf 88' lang='grc' dir='ltr'>πατέρα</span> <span class='ocrx_word' id='word_1_324' title='bbox 407 2652 568 2686; x_wconf 87' lang='grc' dir='ltr'>κατειπὼν</span> <span class='ocrx_word' id='word_1_325' title='bbox 584 2652 690 2697; x_wconf 85' lang='grc' dir='ltr'>τῆσδέ</span> <span class='ocrx_word' id='word_1_326' title='bbox 706 2650 742 2688; x_wconf 84' lang='grc' dir='ltr'>σ’</span> <span class='ocrx_word' id='word_1_327' title='bbox 763 2653 920 2698; x_wconf 78' lang='grc' dir='ltr'>ἐκπέμπει</span> <span class='ocrx_word' id='word_1_328' title='bbox 936 2653 1069 2699; x_wconf 86' lang='grc' dir='ltr'>χθονός.</span> 
     </span>
     <span class='ocr_line' id='line_1_84' title="bbox 264 2702 1060 2750; baseline 0.006 -13"><span class='ocrx_word' id='word_1_329' title='bbox 264 2702 310 2737; x_wconf 83' lang='grc' dir='ltr'>σὺ</span> <span class='ocrx_word' id='word_1_330' title='bbox 327 2702 356 2737; x_wconf 83' lang='grc' dir='ltr'>δ’</span> <span class='ocrx_word' id='word_1_331' title='bbox 376 2702 411 2736; x_wconf 83' lang='grc' dir='ltr'>ἐκ</span> <span class='ocrx_word' id='word_1_332' title='bbox 429 2704 633 2746; x_wconf 84' lang='grc' dir='ltr'>κελευσμῶν,</span> <span class='ocrx_word' id='word_1_333' title='bbox 653 2704 673 2750; x_wconf 88' lang='grc' dir='ltr'>ἢ</span> <span class='ocrx_word' id='word_1_334' title='bbox 691 2703 805 2747; x_wconf 88' lang='grc' dir='ltr'>πόθεν,</span> <span class='ocrx_word' id='word_1_335' title='bbox 826 2705 944 2748; x_wconf 77' lang='grc' dir='ltr'>σώζεις</span> <span class='ocrx_word' id='word_1_336' title='bbox 960 2707 1060 2747; x_wconf 86' lang='grc' dir='ltr'>τάδε,·</span> 
     </span>
     <span class='ocr_line' id='line_1_85' title="bbox 264 2753 853 2800; baseline 0.005 -12"><span class='ocrx_word' id='word_1_337' title='bbox 264 2753 416 2799; x_wconf 81' lang='grc' dir='ltr'>ἐνθύμιόν</span> <span class='ocrx_word' id='word_1_338' title='bbox 433 2769 490 2799; x_wconf 92' lang='grc' dir='ltr'>μοι</span> <span class='ocrx_word' id='word_1_339' title='bbox 507 2757 583 2790; x_wconf 92' lang='grc' dir='ltr'>τότε</span> <span class='ocrx_word' id='word_1_340' title='bbox 599 2755 713 2800; x_wconf 88' lang='grc' dir='ltr'>τίθησι</span> <span class='ocrx_word' id='word_1_341' title='bbox 732 2755 853 2799; x_wconf 78' lang='grc' dir='ltr'>Λοξίας</span> 
     </span>
    </p>

    <p class='ocr_par' dir='ltr' id='par_1_47' title="bbox 263 2806 1092 2958">
     <span class='ocr_line' id='line_1_86' title="bbox 264 2806 1092 2856; baseline 0.007 -17"><span class='ocrx_word' id='word_1_342' title='bbox 264 2806 298 2841; x_wconf 87' lang='grc' dir='ltr'>τί</span> <span class='ocrx_word' id='word_1_343' title='bbox 315 2808 426 2852; x_wconf 86' lang='grc' dir='ltr'>χρῆμα</span> <span class='ocrx_word' id='word_1_344' title='bbox 445 2807 579 2852; x_wconf 78' lang='grc' dir='ltr'>δρᾶσαι,</span> <span class='ocrx_word' id='word_1_345' title='bbox 597 2807 688 2854; x_wconf 84' lang='grc' dir='ltr'>λέγε,</span> <span class='ocrx_word' id='word_1_346' title='bbox 707 2808 842 2854; x_wconf 86' lang='grc' dir='ltr'>πέραινε</span> <span class='ocrx_word' id='word_1_347' title='bbox 860 2809 942 2845; x_wconf 81' lang='grc' dir='ltr'>σοὺς</span> <span class='ocrx_word' id='word_1_348' title='bbox 958 2810 1092 2856; x_wconf 88' lang='grc' dir='ltr'>λόγους.</span> 
     </span>
     <span class='ocr_line' id='line_1_87' title="bbox 264 2856 1038 2908; baseline 0.006 -15"><span class='ocrx_word' id='word_1_349' title='bbox 264 2861 375 2893; x_wconf 82' lang='grc' dir='ltr'>σῶσαι</span> <span class='ocrx_word' id='word_1_350' title='bbox 393 2858 460 2892; x_wconf 79' lang='grc' dir='ltr'>τόδ’</span> <span class='ocrx_word' id='word_1_351' title='bbox 480 2856 595 2904; x_wconf 78' lang='grc' dir='ltr'>εὕρημ’</span> <span class='ocrx_word' id='word_1_352' title='bbox 611 2860 644 2895; x_wconf 90' lang='grc' dir='ltr'>ἐς</span> <span class='ocrx_word' id='word_1_353' title='bbox 661 2861 720 2894; x_wconf 91' lang='grc' dir='ltr'>τὸν</span> <span class='ocrx_word' id='word_1_354' title='bbox 737 2859 815 2894; x_wconf 81' lang='grc' dir='ltr'>ὅντα</span> <span class='ocrx_word' id='word_1_355' title='bbox 832 2862 889 2894; x_wconf 87' lang='grc' dir='ltr'>νῦν</span> <span class='ocrx_word' id='word_1_356' title='bbox 905 2862 1038 2908; x_wconf 89' lang='grc' dir='ltr'>χρόνον.</span> 
     </span>
     <span class='ocr_line' id='line_1_88' title="bbox 263 2910 947 2958; baseline 0.006 -15"><span class='ocrx_word' id='word_1_357' title='bbox 263 2911 334 2955; x_wconf 81' lang='grc' dir='ltr'>ἔχει</span> <span class='ocrx_word' id='word_1_358' title='bbox 352 2910 389 2944; x_wconf 90' lang='grc' dir='ltr'>δέ</span> <span class='ocrx_word' id='word_1_359' title='bbox 405 2923 462 2955; x_wconf 92' lang='grc' dir='ltr'>μοι</span> <span class='ocrx_word' id='word_1_360' title='bbox 479 2910 513 2944; x_wconf 87' lang='grc' dir='ltr'>τί</span> <span class='ocrx_word' id='word_1_361' title='bbox 531 2911 644 2958; x_wconf 85' lang='grc' dir='ltr'>κέρδος</span> <span class='ocrx_word' id='word_1_362' title='bbox 661 2910 681 2956; x_wconf 80' lang='grc' dir='ltr'><strong><em>ἦ</em></strong></span> <span class='ocrx_word' id='word_1_363' title='bbox 698 2911 772 2946; x_wconf 88' lang='grc' dir='ltr'>τίνα</span> <span class='ocrx_word' id='word_1_364' title='bbox 787 2912 947 2957; x_wconf 87' lang='grc' dir='ltr'>βλάβην,·</span> 
     </span>
    </p>

    <p class='ocr_par' dir='ltr' id='par_1_48' title="bbox 261 2961 1040 3062">
     <span class='ocr_line' id='line_1_89' title="bbox 262 2961 1040 3010; baseline 0.006 -14"><span class='ocrx_word' id='word_1_365' title='bbox 262 2961 378 2997; x_wconf 79' lang='grc' dir='ltr'>ἐνθάδε</span> <span class='ocrx_word' id='word_1_366' title='bbox 396 2962 572 3008; x_wconf 82' lang='grc' dir='ltr'>κέκρυπται</span> <span class='ocrx_word' id='word_1_367' title='bbox 588 2963 753 3010; x_wconf 85' lang='grc' dir='ltr'>σπάργαν’</span> <span class='ocrx_word' id='word_1_368' title='bbox 772 2961 821 3000; x_wconf 83' lang='grc' dir='ltr'>οἷς</span> <span class='ocrx_word' id='word_1_369' title='bbox 842 2964 967 3009; x_wconf 83' lang='grc' dir='ltr'>ἐνῆσθα</span> <span class='ocrx_word' id='word_1_370' title='bbox 985 2964 1040 3001; x_wconf 80' lang='grc' dir='ltr'>σύ.</span> 
     </span>
     <span class='ocr_line' id='line_1_90' title="bbox 261 3013 935 3062; baseline 0.004 -15"><span class='ocrx_word' id='word_1_371' title='bbox 261 3015 384 3059; x_wconf 87' lang='grc' dir='ltr'>μητρὸς</span> <span class='ocrx_word' id='word_1_372' title='bbox 400 3014 471 3049; x_wconf 88' lang='grc' dir='ltr'>τάδ’</span> <span class='ocrx_word' id='word_1_373' title='bbox 493 3013 570 3059; x_wconf 88' lang='grc' dir='ltr'>ἡμῖν</span> <span class='ocrx_word' id='word_1_374' title='bbox 588 3014 741 3062; x_wconf 86' lang='grc' dir='ltr'>ἐκφέρεις</span> <span class='ocrx_word' id='word_1_375' title='bbox 759 3014 935 3061; x_wconf 78' lang='grc' dir='ltr'>ζητήματα.</span> 
     </span>
    </p>

    <p class='ocr_par' dir='ltr' id='par_1_49' title="bbox 265 3064 1035 3114">
     <span class='ocr_line' id='line_1_91' title="bbox 265 3064 1035 3114; baseline 0.009 -15"><span class='ocrx_word' id='word_1_376' title='bbox 265 3066 338 3100; x_wconf 82' lang='grc' dir='ltr'>ἐπεί</span> <span class='ocrx_word' id='word_1_377' title='bbox 353 3064 388 3112; x_wconf 84' lang='grc' dir='ltr'>γ’</span> <span class='ocrx_word' id='word_1_378' title='bbox 408 3067 426 3100; x_wconf 88' lang='grc' dir='ltr'><strong><em>ὁ</em></strong></span> <span class='ocrx_word' id='word_1_379' title='bbox 445 3066 570 3111; x_wconf 90' lang='grc' dir='ltr'>δαίμων</span> <span class='ocrx_word' id='word_1_380' title='bbox 585 3065 759 3108; x_wconf 86' lang='grc' dir='ltr'>βούλεται,</span> <span class='ocrx_word' id='word_1_381' title='bbox 778 3067 919 3114; x_wconf 88' lang='grc' dir='ltr'>πάροιθε</span> <span class='ocrx_word' id='word_1_382' title='bbox 935 3068 964 3104; x_wconf 83' lang='grc' dir='ltr'>δ’</span> <span class='ocrx_word' id='word_1_383' title='bbox 983 3071 1035 3107; x_wconf 77' lang='grc' dir='ltr'>οὔ.</span> 
     </span>
    </p>

    <p class='ocr_par' dir='ltr' id='par_1_50' title="bbox 260 3116 953 3168">
     <span class='ocr_line' id='line_1_92' title="bbox 260 3116 953 3168; baseline 0.006 -17"><span class='ocrx_word' id='word_1_384' title='bbox 260 3116 286 3151; x_wconf 79' lang='grc' dir='ltr'><strong><em>ὦ</em></strong></span> <span class='ocrx_word' id='word_1_385' title='bbox 303 3117 471 3164; x_wconf 86' lang='grc' dir='ltr'>μακαρίων</span> <span class='ocrx_word' id='word_1_386' title='bbox 487 3132 544 3163; x_wconf 89' lang='grc' dir='ltr'>μοι</span> <span class='ocrx_word' id='word_1_387' title='bbox 562 3119 751 3165; x_wconf 90' lang='grc' dir='ltr'>φασμάτων</span> <span class='ocrx_word' id='word_1_388' title='bbox 767 3119 818 3163; x_wconf 83' lang='grc' dir='ltr'>ἥδ’</span> <span class='ocrx_word' id='word_1_389' title='bbox 836 3119 953 3168; x_wconf 85' lang='grc' dir='ltr'>ἡμέρα.</span> 
     </span>
    </p>

    <p class='ocr_par' dir='ltr' id='par_1_51' title="bbox 261 3169 965 3214">
     <span class='ocr_line' id='line_1_93' title="bbox 261 3169 965 3214; baseline 0.004 -10"><span class='ocrx_word' id='word_1_390' title='bbox 261 3170 380 3211; x_wconf 85' lang='grc' dir='ltr'>λαβών</span> <span class='ocrx_word' id='word_1_391' title='bbox 397 3184 454 3204; x_wconf 91' lang='grc' dir='ltr'>νυν</span> <span class='ocrx_word' id='word_1_392' title='bbox 471 3169 554 3204; x_wconf 77' lang='grc' dir='ltr'>αὔτα</span> <span class='ocrx_word' id='word_1_393' title='bbox 571 3170 631 3214; x_wconf 87' lang='grc' dir='ltr'>τὴν</span> <span class='ocrx_word' id='word_1_394' title='bbox 643 3173 806 3205; x_wconf 82' lang='grc' dir='ltr'>τεκοῦσαν</span> <span class='ocrx_word' id='word_1_395' title='bbox 823 3171 965 3208; x_wconf 85' lang='grc' dir='ltr'>ἐκπόνει.</span> 
     </span>
    </p>

    <p class='ocr_par' dir='ltr' id='par_1_52' title="bbox 260 3221 1083 3375">
     <span class='ocr_line' id='line_1_94' title="bbox 260 3221 1083 3274; baseline 0.009 -19"><span class='ocrx_word' id='word_1_396' title='bbox 260 3223 374 3256; x_wconf 81' lang='grc' dir='ltr'>πᾶσαν</span> <span class='ocrx_word' id='word_1_397' title='bbox 390 3222 419 3256; x_wconf 84' lang='grc' dir='ltr'>δ’</span> <span class='ocrx_word' id='word_1_398' title='bbox 439 3221 590 3256; x_wconf 85' lang='grc' dir='ltr'>ε’πελθὼν</span> <span class='ocrx_word' id='word_1_399' title='bbox 607 3221 739 3257; x_wconf 85' lang='grc' dir='ltr'>Ἀσιαδ’</span> <span class='ocrx_word' id='word_1_400' title='bbox 759 3223 918 3270; x_wconf 78' lang='grc' dir='ltr'>Εὐρώπης</span> <span class='ocrx_word' id='word_1_401' title='bbox 935 3223 1006 3260; x_wconf 72' lang='grc' dir='ltr'>δ”</span> <span class='ocrx_word' id='word_1_402' title='bbox 986 3241 1083 3274; x_wconf 89' lang='grc' dir='ltr'>ορους</span> 
     </span>
     <span class='ocr_line' id='line_1_95' title="bbox 261 3271 1015 3318; baseline 0.009 -12"><span class='ocrx_word' id='word_1_403' title='bbox 261 3274 387 3318; x_wconf 85' lang='grc' dir='ltr'>γνώσει</span> <span class='ocrx_word' id='word_1_404' title='bbox 403 3271 476 3308; x_wconf 82' lang='grc' dir='ltr'>τάδ’</span> <span class='ocrx_word' id='word_1_405' title='bbox 495 3273 602 3309; x_wconf 77' lang='grc' dir='ltr'>αὐτός.</span> <span class='ocrx_word' id='word_1_406' title='bbox 640 3275 700 3308; x_wconf 87' lang='grc' dir='ltr'>τοῦ</span> <span class='ocrx_word' id='word_1_407' title='bbox 718 3273 796 3309; x_wconf 87' lang='grc' dir='ltr'>θεοῦ</span> <span class='ocrx_word' id='word_1_408' title='bbox 814 3273 846 3310; x_wconf 78' lang='grc' dir='ltr'>δ’</span> <span class='ocrx_word' id='word_1_409' title='bbox 865 3274 956 3312; x_wconf 83' lang='grc' dir='ltr'>εκατί</span> <span class='ocrx_word' id='word_1_410' title='bbox 972 3292 1015 3313; x_wconf 92' lang='grc' dir='ltr'>σε</span> 
     </span>
     <span class='ocr_line' id='line_1_96' title="bbox 261 3323 1039 3375; baseline 0.008 -17"><span class='ocrx_word' id='word_1_411' title='bbox 261 3324 393 3370; x_wconf 76' lang='grc' dir='ltr'>ἔθρεψά</span> <span class='ocrx_word' id='word_1_412' title='bbox 409 3325 450 3365; x_wconf 89' lang='grc' dir='ltr'>τ,</span> <span class='ocrx_word' id='word_1_413' title='bbox 469 3324 495 3358; x_wconf 81' lang='grc' dir='ltr'>ὦ</span> <span class='ocrx_word' id='word_1_414' title='bbox 512 3327 584 3365; x_wconf 88' lang='grc' dir='ltr'>παῖ,</span> <span class='ocrx_word' id='word_1_415' title='bbox 604 3326 658 3360; x_wconf 81' lang='grc' dir='ltr'>καὶ</span> <span class='ocrx_word' id='word_1_416' title='bbox 675 3323 748 3360; x_wconf 86' lang='grc' dir='ltr'>τάδ’</span> <span class='ocrx_word' id='word_1_417' title='bbox 768 3325 956 3373; x_wconf 81' lang='grc' dir='ltr'>ἀποδίδωμι</span> <span class='ocrx_word' id='word_1_418' title='bbox 971 3344 1039 3375; x_wconf 86' lang='grc' dir='ltr'>σοι,</span> 
     </span>
    </p>
   </div>
   <div class='ocr_carea' id='block_1_42' title="bbox 231 3375 1011 3444">
    <p class='ocr_par' dir='ltr' id='par_1_53' title="bbox 231 3375 1011 3444">
     <span class='ocr_line' id='line_1_97' title="bbox 231 3375 1011 3444; baseline 0.009 -35"><span class='ocrx_word' id='word_1_419' title='bbox 231 3384 235 3389; x_wconf 91' lang='grc'><strong>“</strong></span> <span class='ocrx_word' id='word_1_420' title='bbox 262 3375 284 3410; x_wconf 81' lang='grc' dir='ltr'><em>ἃ</em></span> <span class='ocrx_word' id='word_1_421' title='bbox 301 3378 407 3413; x_wconf 82' lang='grc' dir='ltr'>κεῖνος</span> <span class='ocrx_word' id='word_1_422' title='bbox 423 3376 633 3412; x_wconf 77' lang='grc' dir='ltr'>ἀκέλευστόν</span> <span class='ocrx_word' id='word_1_423' title='bbox 649 3376 683 3422; x_wconf 88' lang='grc' dir='ltr'>μ’</span> <span class='ocrx_word' id='word_1_424' title='bbox 703 3377 884 3444; x_wconf 80' lang='grc' dir='ltr'>ἐβουλήθη</span> <span class='ocrx_word' id='word_1_425' title='bbox 890 3379 1011 3422; x_wconf 85' lang='grc' dir='ltr'>λαβεῖν</span> 
     </span>
    </p>
   </div>
   <div class='ocr_carea' id='block_1_43' title="bbox 260 3425 1071 3481">
    <p class='ocr_par' dir='ltr' id='par_1_54' title="bbox 260 3425 1071 3481">
     <span class='ocr_line' id='line_1_98' title="bbox 260 3425 1071 3481; baseline 0.01 -19"><span class='ocrx_word' id='word_1_426' title='bbox 260 3428 375 3462; x_wconf 82' lang='grc' dir='ltr'>σῶσαί</span> <span class='ocrx_word' id='word_1_427' title='bbox 393 3425 438 3463; x_wconf 85' lang='grc' dir='ltr'>θ’·</span> <span class='ocrx_word' id='word_1_428' title='bbox 466 3428 545 3463; x_wconf 88' lang='grc' dir='ltr'>ὅτου</span> <span class='ocrx_word' id='word_1_429' title='bbox 563 3427 595 3463; x_wconf 81' lang='grc' dir='ltr'>δ’</span> <span class='ocrx_word' id='word_1_430' title='bbox 615 3428 767 3470; x_wconf 83' lang='grc' dir='ltr'>ἐβουλετ’</span> <span class='ocrx_word' id='word_1_431' title='bbox 786 3430 846 3465; x_wconf 81' lang='grc' dir='ltr'>οὔκ</span> <span class='ocrx_word' id='word_1_432' title='bbox 863 3431 932 3477; x_wconf 79' lang='grc' dir='ltr'>ἔχω</span> <span class='ocrx_word' id='word_1_433' title='bbox 947 3432 1071 3481; x_wconf 82' lang='grc' dir='ltr'>λέγειν.</span> 
     </span>
    </p>
   </div>
   <div class='ocr_carea' id='block_1_44' title="bbox 258 3478 932 3526">
    <p class='ocr_par' dir='ltr' id='par_1_55' title="bbox 258 3478 932 3526">
     <span class='ocr_line' id='line_1_99' title="bbox 258 3478 932 3526; baseline 0.007 -13"><span class='ocrx_word' id='word_1_434' title='bbox 258 3478 332 3523; x_wconf 77' lang='grc' dir='ltr'>ᾔδει</span> <span class='ocrx_word' id='word_1_435' title='bbox 349 3480 386 3514; x_wconf 90' lang='grc' dir='ltr'>δε</span> <span class='ocrx_word' id='word_1_436' title='bbox 405 3480 532 3524; x_wconf 79' lang='grc' dir='ltr'>θνητῶν</span> <span class='ocrx_word' id='word_1_437' title='bbox 548 3482 637 3516; x_wconf 82' lang='grc' dir='ltr'>οὔτις</span> <span class='ocrx_word' id='word_1_438' title='bbox 654 3480 836 3526; x_wconf 80' lang='grc' dir='ltr'>ἀνθρώπων</span> <span class='ocrx_word' id='word_1_439' title='bbox 852 3483 932 3518; x_wconf 88' lang='grc' dir='ltr'>τάδε</span> 
     </span>
    </p>
   </div>
   <div class='ocr_carea' id='block_1_45' title="bbox 554 3530 699 3546">
    <p class='ocr_par' dir='ltr' id='par_1_56' title="bbox 554 3530 699 3546">
     <span class='ocr_line' id='line_1_100' title="bbox 554 3530 699 3546; baseline 0.014 -2"><span class='ocrx_word' id='word_1_440' title='bbox 554 3530 699 3546; x_wconf 59' lang='lat'><strong><em>’’’’’</em></strong></span> 
     </span>
    </p>
   </div>
   <div class='ocr_carea' id='block_1_46' title="bbox 1163 250 1286 294">
    <p class='ocr_par' dir='ltr' id='par_1_57' title="bbox 1163 250 1286 294">
     <span class='ocr_line' id='line_1_101' title="bbox 1163 250 1286 294; baseline 0.024 -3"><span class='ocrx_word' id='word_1_441' title='bbox 1163 250 1286 294; x_wconf 79' lang='lat' dir='ltr'>mN.</span> 
     </span>
    </p>
   </div>
   <div class='ocr_carea' id='block_1_47' title="bbox 1121 525 1196 555">
    <p class='ocr_par' dir='ltr' id='par_1_58' title="bbox 1121 525 1196 555">
     <span class='ocr_line' id='line_1_102' title="bbox 1121 525 1196 555; baseline 0 0"><span class='ocrx_word' id='word_1_442' title='bbox 1121 525 1196 555; x_wconf 81' lang='lat'><strong>¹305</strong></span> 
     </span>
    </p>
   </div>
   <div class='ocr_carea' id='block_1_48' title="bbox 1120 785 1198 816">
    <p class='ocr_par' dir='ltr' id='par_1_59' title="bbox 1120 785 1198 816">
     <span class='ocr_line' id='line_1_103' title="bbox 1120 785 1198 816; baseline -0.026 -8"><span class='ocrx_word' id='word_1_443' title='bbox 1120 785 1198 816; x_wconf 79' lang='lat'>1310</span> 
     </span>
    </p>
   </div>
   <div class='ocr_carea' id='block_1_49' title="bbox 1119 1100 1196 1130">
    <p class='ocr_par' dir='ltr' id='par_1_60' title="bbox 1119 1100 1196 1130">
     <span class='ocr_line' id='line_1_104' title="bbox 1119 1100 1196 1130; baseline 0 0"><span class='ocrx_word' id='word_1_444' title='bbox 1119 1100 1196 1130; x_wconf 79' lang='lat'>¹3¹5</span> 
     </span>
    </p>
   </div>
   <div class='ocr_carea' id='block_1_50' title="bbox 1120 1361 1198 1391">
    <p class='ocr_par' dir='ltr' id='par_1_61' title="bbox 1120 1361 1198 1391">
     <span class='ocr_line' id='line_1_105' title="bbox 1120 1361 1198 1391; baseline 0 -9"><span class='ocrx_word' id='word_1_445' title='bbox 1120 1361 1198 1391; x_wconf 86' lang='lat'><strong>¹320</strong></span> 
     </span>
    </p>
   </div>
   <div class='ocr_carea' id='block_1_51' title="bbox 1116 1622 1192 1654">
    <p class='ocr_par' dir='ltr' id='par_1_62' title="bbox 1116 1622 1192 1654">
     <span class='ocr_line' id='line_1_106' title="bbox 1116 1622 1192 1654; baseline 0.013 -1"><span class='ocrx_word' id='word_1_446' title='bbox 1116 1622 1192 1654; x_wconf 80' lang='lat'>¹3²5</span> 
     </span>
    </p>
   </div>
   <div class='ocr_carea' id='block_1_52' title="bbox 1117 1882 1198 1915">
    <p class='ocr_par' dir='ltr' id='par_1_63' title="bbox 1117 1882 1198 1915">
     <span class='ocr_line' id='line_1_107' title="bbox 1117 1882 1198 1915; baseline 0 -9"><span class='ocrx_word' id='word_1_447' title='bbox 1117 1882 1198 1915; x_wconf 85' lang='grc'>1330</span> 
     </span>
    </p>
   </div>
   <div class='ocr_carea' id='block_1_53' title="bbox 1117 2145 1195 2179">
    <p class='ocr_par' dir='ltr' id='par_1_64' title="bbox 1117 2145 1195 2179">
     <span class='ocr_line' id='line_1_108' title="bbox 1117 2145 1195 2179; baseline 0.026 -2"><span class='ocrx_word' id='word_1_448' title='bbox 1117 2145 1195 2179; x_wconf 79' lang='lat'><strong>1335</strong></span> 
     </span>
    </p>
   </div>
   <div class='ocr_carea' id='block_1_54' title="bbox 1114 2408 1195 2439">
    <p class='ocr_par' dir='ltr' id='par_1_65' title="bbox 1114 2408 1195 2439">
     <span class='ocr_line' id='line_1_109' title="bbox 1114 2408 1195 2439; baseline 0.012 -9"><span class='ocrx_word' id='word_1_449' title='bbox 1114 2408 1195 2439; x_wconf 85' lang='lat'>1340</span> 
     </span>
    </p>
   </div>
   <div class='ocr_carea' id='block_1_55' title="bbox 1114 2668 1193 2701">
    <p class='ocr_par' dir='ltr' id='par_1_66' title="bbox 1114 2668 1193 2701">
     <span class='ocr_line' id='line_1_110' title="bbox 1114 2668 1193 2701; baseline 0.038 -3"><span class='ocrx_word' id='word_1_450' title='bbox 1114 2668 1193 2701; x_wconf 81' lang='lat'>1345</span> 
     </span>
    </p>
   </div>
   <div class='ocr_carea' id='block_1_56' title="bbox 1116 2930 1195 2961">
    <p class='ocr_par' dir='ltr' id='par_1_67' title="bbox 1116 2930 1195 2961">
     <span class='ocr_line' id='line_1_111' title="bbox 1116 2930 1195 2961; baseline 0.013 -10"><span class='ocrx_word' id='word_1_451' title='bbox 1116 2930 1195 2961; x_wconf 84' lang='lat'>¹350</span> 
     </span>
    </p>
   </div>
   <div class='ocr_carea' id='block_1_57' title="bbox 1115 3189 1191 3219">
    <p class='ocr_par' dir='ltr' id='par_1_68' title="bbox 1115 3189 1191 3219">
     <span class='ocr_line' id='line_1_112' title="bbox 1115 3189 1191 3219; baseline 0 0"><span class='ocrx_word' id='word_1_452' title='bbox 1115 3189 1191 3219; x_wconf 79' lang='lat'>¹355</span> 
     </span>
    </p>
   </div>
   <div class='ocr_carea' id='block_1_58' title="bbox 1114 3438 1194 3479">
    <p class='ocr_par' dir='ltr' id='par_1_69' title="bbox 1114 3438 1194 3479">
     <span class='ocr_line' id='line_1_113' title="bbox 1114 3438 1194 3479; baseline -0.013 -9"><span class='ocrx_word' id='word_1_453' title='bbox 1114 3438 1194 3479; x_wconf 82' lang='lat'>1360</span> 
     </span>
    </p>
   </div>
   <div class='ocr_carea' id='block_1_59' title="bbox 1216 1055 1223 1265">
    <p class='ocr_par' dir='ltr' id='par_1_70' title="bbox 1216 1055 1223 1265">
     <span class='ocr_line' id='line_1_114' title="bbox 1216 1055 1223 1265; baseline 0 2595"><span class='ocrx_word' id='word_1_454' title='bbox 1216 1055 1223 1265; x_wconf 95' lang='lat' dir='ltr'> </span> 
     </span>
    </p>
   </div>
   <div class='ocr_carea' id='block_1_60' title="bbox 1213 1737 1221 1940">
    <p class='ocr_par' dir='ltr' id='par_1_71' title="bbox 1213 1737 1221 1940">
     <span class='ocr_line' id='line_1_115' title="bbox 1213 1737 1221 1940; baseline 0 1920"><span class='ocrx_word' id='word_1_455' title='bbox 1213 1737 1221 1940; x_wconf 95' lang='lat' dir='ltr'> </span> 
     </span>
    </p>
   </div>
   <div class='ocr_carea' id='block_1_61' title="bbox 1243 672 1299 702">
    <p class='ocr_par' dir='ltr' id='par_1_72' title="bbox 1243 672 1299 702">
     <span class='ocr_line' id='line_1_116' title="bbox 1243 672 1299 702; baseline 0 0"><span class='ocrx_word' id='word_1_456' title='bbox 1243 672 1299 702; x_wconf 52' lang='lat'>112</span> 
     </span>
    </p>
   </div>
   <div class='ocr_carea' id='block_1_62' title="bbox 1241 2030 1308 2168">
    <p class='ocr_par' dir='ltr' id='par_1_73' title="bbox 1241 2030 1308 2168">
     <span class='ocr_line' id='line_1_117' title="bbox 1241 2030 1308 2061; baseline 0 0"><span class='ocrx_word' id='word_1_457' title='bbox 1241 2030 1308 2061; x_wconf 64' lang='lat' dir='ltr'>lxv.</span> 
     </span>
     <span class='ocr_line' id='line_1_118' title="bbox 1241 2083 1295 2114; baseline -0.019 0"><span class='ocrx_word' id='word_1_458' title='bbox 1241 2083 1295 2114; x_wconf 61' lang='lat'>152</span> 
     </span>
     <span class='ocr_line' id='line_1_119' title="bbox 1241 2136 1307 2168; baseline 0.015 -1"><span class='ocrx_word' id='word_1_459' title='bbox 1241 2136 1307 2168; x_wconf 70' lang='lat' dir='ltr'>11P.</span> 
     </span>
    </p>
   </div>
   <div class='ocr_carea' id='block_1_63' title="bbox 1239 2397 1293 2428">
    <p class='ocr_par' dir='ltr' id='par_1_74' title="bbox 1239 2397 1293 2428">
     <span class='ocr_line' id='line_1_120' title="bbox 1239 2397 1293 2428; baseline 0.019 -1"><span class='ocrx_word' id='word_1_460' title='bbox 1239 2397 1293 2428; x_wconf 58' lang='lat'>152</span> 
     </span>
    </p>
   </div>
   <div class='ocr_carea' id='block_1_64' title="bbox 1238 2503 1309 2533">
    <p class='ocr_par' dir='ltr' id='par_1_75' title="bbox 1238 2503 1309 2533">
     <span class='ocr_line' id='line_1_121' title="bbox 1238 2503 1309 2533; baseline 0.014 -1"><span class='ocrx_word' id='word_1_461' title='bbox 1238 2503 1309 2533; x_wconf 67' lang='lat' dir='ltr'>11P.</span> 
     </span>
    </p>
   </div>
   <div class='ocr_carea' id='block_1_65' title="bbox 1237 2607 1292 2638">
    <p class='ocr_par' dir='ltr' id='par_1_76' title="bbox 1237 2607 1292 2638">
     <span class='ocr_line' id='line_1_122' title="bbox 1237 2607 1292 2638; baseline 0.036 -2"><span class='ocrx_word' id='word_1_462' title='bbox 1237 2607 1292 2638; x_wconf 57' lang='lat'>152</span> 
     </span>
    </p>
   </div>
   <div class='ocr_carea' id='block_1_66' title="bbox 1238 2660 1302 2689">
    <p class='ocr_par' dir='ltr' id='par_1_77' title="bbox 1238 2660 1302 2689">
     <span class='ocr_line' id='line_1_123' title="bbox 1238 2660 1302 2689; baseline 0 0"><span class='ocrx_word' id='word_1_463' title='bbox 1238 2660 1302 2689; x_wconf 67' lang='lat' dir='ltr'>IKP.</span> 
     </span>
    </p>
   </div>
   <div class='ocr_carea' id='block_1_67' title="bbox 1238 2712 1294 2742">
    <p class='ocr_par' dir='ltr' id='par_1_78' title="bbox 1238 2712 1294 2742">
     <span class='ocr_line' id='line_1_124' title="bbox 1238 2712 1294 2742; baseline -0.018 0"><span class='ocrx_word' id='word_1_464' title='bbox 1238 2712 1294 2742; x_wconf 89' lang='grc' dir='ltr'>ΙΩ.</span> 
     </span>
    </p>
   </div>
   <div class='ocr_carea' id='block_1_68' title="bbox 1239 2765 1302 2794">
    <p class='ocr_par' dir='ltr' id='par_1_79' title="bbox 1239 2765 1302 2794">
     <span class='ocr_line' id='line_1_125' title="bbox 1239 2765 1302 2794; baseline 0.016 -1"><span class='ocrx_word' id='word_1_465' title='bbox 1239 2765 1302 2794; x_wconf 79' lang='lat' dir='ltr'>1&lt;P.</span> 
     </span>
    </p>
   </div>
   <div class='ocr_carea' id='block_1_69' title="bbox 1238 2817 1293 2846">
    <p class='ocr_par' dir='ltr' id='par_1_80' title="bbox 1238 2817 1293 2846">
     <span class='ocr_line' id='line_1_126' title="bbox 1238 2817 1293 2846; baseline -0.018 0"><span class='ocrx_word' id='word_1_466' title='bbox 1238 2817 1293 2846; x_wconf 87' lang='grc' dir='ltr'>ΙΩ.</span> 
     </span>
    </p>
   </div>
   <div class='ocr_carea' id='block_1_70' title="bbox 1238 2869 1302 3105">
    <p class='ocr_par' dir='ltr' id='par_1_81' title="bbox 1238 2869 1302 3105">
     <span class='ocr_line' id='line_1_127' title="bbox 1239 2869 1302 2897; baseline 0 0"><span class='ocrx_word' id='word_1_467' title='bbox 1239 2869 1302 2897; x_wconf 76' lang='lat' dir='ltr'>1&lt;P.</span> 
     </span>
     <span class='ocr_line' id='line_1_128' title="bbox 1238 2921 1297 2949; baseline 0 0"><span class='ocrx_word' id='word_1_468' title='bbox 1238 2921 1297 2949; x_wconf 90' lang='grc' dir='ltr'>ῙΩ.</span> 
     </span>
     <span class='ocr_line' id='line_1_129' title="bbox 1242 2973 1302 3001; baseline 0 0"><span class='ocrx_word' id='word_1_469' title='bbox 1242 2973 1302 3001; x_wconf 87' lang='grc' dir='ltr'>ΚΡ.</span> 
     </span>
     <span class='ocr_line' id='line_1_130' title="bbox 1240 3024 1298 3053; baseline 0 0"><span class='ocrx_word' id='word_1_470' title='bbox 1240 3024 1298 3053; x_wconf 87' lang='grc' dir='ltr'>ΙΩ.</span> 
     </span>
     <span class='ocr_line' id='line_1_131' title="bbox 1241 3076 1302 3105; baseline 0 0"><span class='ocrx_word' id='word_1_471' title='bbox 1241 3076 1302 3105; x_wconf 85' lang='grc' dir='ltr'>ΚΡ.</span> 
     </span>
    </p>
   </div>
   <div class='ocr_carea' id='block_1_71' title="bbox 1240 3128 1295 3158">
    <p class='ocr_par' dir='ltr' id='par_1_82' title="bbox 1240 3128 1295 3158">
     <span class='ocr_line' id='line_1_132' title="bbox 1240 3128 1295 3158; baseline 0.036 -2"><span class='ocrx_word' id='word_1_472' title='bbox 1240 3128 1295 3158; x_wconf 89' lang='grc' dir='ltr'>ῙΩ.</span> 
     </span>
    </p>
   </div>
   <div class='ocr_carea' id='block_1_72' title="bbox 1238 3180 1304 3312">
    <p class='ocr_par' dir='ltr' id='par_1_83' title="bbox 1238 3180 1304 3312">
     <span class='ocr_line' id='line_1_133' title="bbox 1240 3180 1304 3209; baseline 0 -1"><span class='ocrx_word' id='word_1_473' title='bbox 1240 3180 1304 3209; x_wconf 69' lang='grc' dir='ltr'>ΙίΡ.</span> 
     </span>
     <span class='ocr_line' id='line_1_134' title="bbox 1238 3231 1296 3260; baseline 0.017 -1"><span class='ocrx_word' id='word_1_474' title='bbox 1238 3231 1296 3260; x_wconf 91' lang='grc' dir='ltr'>ΙΩ.</span> 
     </span>
     <span class='ocr_line' id='line_1_135' title="bbox 1239 3284 1302 3312; baseline 0 0"><span class='ocrx_word' id='word_1_475' title='bbox 1239 3284 1302 3312; x_wconf 89' lang='grc' dir='ltr'>ΚΡ.</span> 
     </span>
    </p>
   </div>
   <div class='ocr_carea' id='block_1_73' title="bbox 1238 3335 1294 3364">
    <p class='ocr_par' dir='ltr' id='par_1_84' title="bbox 1238 3335 1294 3364">
     <span class='ocr_line' id='line_1_136' title="bbox 1238 3335 1294 3364; baseline -0.018 0"><span class='ocrx_word' id='word_1_476' title='bbox 1238 3335 1294 3364; x_wconf 87' lang='grc' dir='ltr'>ΙΩ.</span> 
     </span>
    </p>
   </div>
   <div class='ocr_carea' id='block_1_74' title="bbox 1239 3387 1302 3416">
    <p class='ocr_par' dir='ltr' id='par_1_85' title="bbox 1239 3387 1302 3416">
     <span class='ocr_line' id='line_1_137' title="bbox 1239 3387 1302 3416; baseline 0 0"><span class='ocrx_word' id='word_1_477' title='bbox 1239 3387 1302 3416; x_wconf 71' lang='grc' dir='ltr'>ῘζΡ.</span> 
     </span>
    </p>
   </div>
   <div class='ocr_carea' id='block_1_75' title="bbox 1238 3438 1294 3468">
    <p class='ocr_par' dir='ltr' id='par_1_86' title="bbox 1238 3438 1294 3468">
     <span class='ocr_line' id='line_1_138' title="bbox 1238 3438 1294 3468; baseline 0.018 -1"><span class='ocrx_word' id='word_1_478' title='bbox 1238 3438 1294 3468; x_wconf 87' lang='grc' dir='ltr'>ΙΩ.</span> 
     </span>
    </p>
   </div>
   <div class='ocr_carea' id='block_1_76' title="bbox 1238 3491 1301 3521">
    <p class='ocr_par' dir='ltr' id='par_1_87' title="bbox 1238 3491 1301 3521">
     <span class='ocr_line' id='line_1_139' title="bbox 1238 3491 1301 3521; baseline 0.032 -2"><span class='ocrx_word' id='word_1_479' title='bbox 1238 3491 1301 3521; x_wconf 55' lang='grc' dir='ltr'>ΚῙΕ</span> 
     </span>
    </p>
   </div>
   <div class='ocr_carea' id='block_1_77' title="bbox 2197 251 2276 296">
    <p class='ocr_par' dir='ltr' id='par_1_88' title="bbox 2197 251 2276 296">
     <span class='ocr_line' id='line_1_140' title="bbox 2197 251 2276 296; baseline 0 0"><span class='ocrx_word' id='word_1_480' title='bbox 2197 251 2276 296; x_wconf 77' lang='lat'>2⁷1</span> 
     </span>
    </p>
   </div>
   <div class='ocr_carea' id='block_1_78' title="bbox 1339 353 2192 1814">
    <p class='ocr_par' dir='ltr' id='par_1_89' title="bbox 1345 353 2192 508">
     <span class='ocr_line' id='line_1_141' title="bbox 1347 353 2192 405; baseline 0.004 -15"><span class='ocrx_word' id='word_1_481' title='bbox 1347 354 1400 390; x_wconf 78' lang='grc' dir='ltr'>καὶ</span> <span class='ocrx_word' id='word_1_482' title='bbox 1416 354 1516 401; x_wconf 83' lang='grc' dir='ltr'>χαῖρ’·</span> <span class='ocrx_word' id='word_1_483' title='bbox 1543 353 1621 392; x_wconf 83' lang='grc' dir='ltr'>ἰ’σον</span> <span class='ocrx_word' id='word_1_484' title='bbox 1638 357 1703 404; x_wconf 87' lang='grc' dir='ltr'>γάρ</span> <span class='ocrx_word' id='word_1_485' title='bbox 1722 356 1755 393; x_wconf 81' lang='grc' dir='ltr'>σ’</span> <span class='ocrx_word' id='word_1_486' title='bbox 1775 358 1818 395; x_wconf 83' lang='grc' dir='ltr'>ὡς</span> <span class='ocrx_word' id='word_1_487' title='bbox 1836 355 1968 395; x_wconf 84' lang='grc' dir='ltr'>τεκοῦσ’</span> <span class='ocrx_word' id='word_1_488' title='bbox 1987 354 2192 405; x_wconf 71' lang='grc' dir='ltr'>ἀσπάζομαι.</span> 
     </span>
     <span class='ocr_line' id='line_1_142' title="bbox 1345 406 2091 457; baseline 0.008 -16"><span class='ocrx_word' id='word_1_489' title='bbox 1345 406 1444 454; x_wconf 77' lang='grc' dir='ltr'>ἄρξαι</span> <span class='ocrx_word' id='word_1_490' title='bbox 1462 407 1493 442; x_wconf 87' lang='grc' dir='ltr'>δ’</span> <span class='ocrx_word' id='word_1_491' title='bbox 1511 406 1589 444; x_wconf 81' lang='grc' dir='ltr'>ὅθεν</span> <span class='ocrx_word' id='word_1_492' title='bbox 1606 408 1671 454; x_wconf 82' lang='grc' dir='ltr'>σὴν</span> <span class='ocrx_word' id='word_1_493' title='bbox 1687 411 1811 455; x_wconf 86' lang='grc' dir='ltr'>μητέρα</span> <span class='ocrx_word' id='word_1_494' title='bbox 1829 411 1936 455; x_wconf 81' lang='grc' dir='ltr'>ζητεῖν</span> <span class='ocrx_word' id='word_1_495' title='bbox 1953 425 1996 446; x_wconf 91' lang='grc' dir='ltr'>σε</span> <span class='ocrx_word' id='word_1_496' title='bbox 2011 409 2091 457; x_wconf 83' lang='grc' dir='ltr'>χρή·</span> 
     </span>
     <span class='ocr_line' id='line_1_143' title="bbox 1346 458 2087 508; baseline 0.005 -14"><span class='ocrx_word' id='word_1_497' title='bbox 1346 462 1478 506; x_wconf 82' lang='grc' dir='ltr'>πρῶτον</span> <span class='ocrx_word' id='word_1_498' title='bbox 1493 460 1555 505; x_wconf 82' lang='grc' dir='ltr'>μὲν</span> <span class='ocrx_word' id='word_1_499' title='bbox 1571 458 1668 498; x_wconf 81' lang='grc' dir='ltr'>εἴτις</span> <span class='ocrx_word' id='word_1_500' title='bbox 1686 462 1866 508; x_wconf 82' lang='grc' dir='ltr'>Δελφίδων</span> <span class='ocrx_word' id='word_1_501' title='bbox 1882 464 2026 498; x_wconf 86' lang='grc' dir='ltr'>τεκοῦσά</span> <span class='ocrx_word' id='word_1_502' title='bbox 2044 476 2087 498; x_wconf 86' lang='grc' dir='ltr'>σε</span> 
     </span>
    </p>

    <p class='ocr_par' dir='ltr' id='par_1_90' title="bbox 1347 510 1980 560">
     <span class='ocr_line' id='line_1_144' title="bbox 1347 510 1980 560; baseline 0.008 -14"><span class='ocrx_word' id='word_1_503' title='bbox 1347 512 1382 547; x_wconf 80' lang='grc' dir='ltr'>ἐς</span> <span class='ocrx_word' id='word_1_504' title='bbox 1398 510 1523 548; x_wconf 86' lang='grc' dir='ltr'>τούσδε</span> <span class='ocrx_word' id='word_1_505' title='bbox 1540 513 1637 553; x_wconf 84' lang='grc' dir='ltr'>ναοὺς</span> <span class='ocrx_word' id='word_1_506' title='bbox 1655 513 1789 558; x_wconf 79' lang='grc' dir='ltr'>ἐξέθηκε</span> <span class='ocrx_word' id='word_1_507' title='bbox 1806 514 1980 560; x_wconf 83' lang='grc' dir='ltr'>παρθένος,</span> 
     </span>
    </p>

    <p class='ocr_par' dir='ltr' id='par_1_91' title="bbox 1344 562 2192 821">
     <span class='ocr_line' id='line_1_145' title="bbox 1345 562 2103 611; baseline 0.005 -13"><span class='ocrx_word' id='word_1_508' title='bbox 1345 563 1457 599; x_wconf 67' lang='grc' dir='ltr'>ἔπειτα</span> <span class='ocrx_word' id='word_1_509' title='bbox 1473 562 1504 599; x_wconf 84' lang='grc' dir='ltr'>δ’</span> <span class='ocrx_word' id='word_1_510' title='bbox 1524 563 1557 600; x_wconf 77' lang='grc' dir='ltr'>εἴ</span> <span class='ocrx_word' id='word_1_511' title='bbox 1571 579 1621 603; x_wconf 89' lang='grc' dir='ltr'>τις</span> <span class='ocrx_word' id='word_1_512' title='bbox 1636 564 1775 602; x_wconf 79' lang='grc' dir='ltr'>Ἐλλάς.</span> <span class='ocrx_word' id='word_1_513' title='bbox 1805 566 1842 609; x_wconf 81' lang='grc' dir='ltr'>ἐξ</span> <span class='ocrx_word' id='word_1_514' title='bbox 1859 566 1949 611; x_wconf 83' lang='grc' dir='ltr'>ἡμῶν</span> <span class='ocrx_word' id='word_1_515' title='bbox 1967 566 1996 602; x_wconf 87' lang='grc' dir='ltr'>δ’</span> <span class='ocrx_word' id='word_1_516' title='bbox 2016 567 2103 611; x_wconf 80' lang='grc' dir='ltr'>ἔχεις</span> 
     </span>
     <span class='ocr_line' id='line_1_146' title="bbox 1345 616 2102 664; baseline 0.001 -14"><span class='ocrx_word' id='word_1_517' title='bbox 1345 616 1474 652; x_wconf 80' lang='grc' dir='ltr'>ἅπαντα</span> <span class='ocrx_word' id='word_1_518' title='bbox 1491 618 1617 659; x_wconf 87' lang='grc' dir='ltr'>Φοίβου</span> <span class='ocrx_word' id='word_1_519' title='bbox 1636 617 1677 658; x_wconf 84' lang='grc' dir='ltr'>θ’,</span> <span class='ocrx_word' id='word_1_520' title='bbox 1698 616 1734 656; x_wconf 86' lang='grc' dir='ltr'>ὃς</span> <span class='ocrx_word' id='word_1_521' title='bbox 1750 618 1896 664; x_wconf 86' lang='grc' dir='ltr'>μετέσχε</span> <span class='ocrx_word' id='word_1_522' title='bbox 1914 620 1972 663; x_wconf 85' lang='grc' dir='ltr'>τῆς</span> <span class='ocrx_word' id='word_1_523' title='bbox 1989 617 2102 663; x_wconf 81' lang='grc' dir='ltr'>τύχης.</span> 
     </span>
     <span class='ocr_line' id='line_1_147' title="bbox 1344 669 2192 735; baseline 0.004 -33"><span class='ocrx_word' id='word_1_524' title='bbox 1344 669 1414 733; x_wconf 82' lang='grc' dir='ltr'>φεῦ</span> <span class='ocrx_word' id='word_1_525' title='bbox 1430 670 1509 715; x_wconf 82' lang='grc' dir='ltr'>φεῦ·</span> <span class='ocrx_word' id='word_1_526' title='bbox 1537 672 1606 704; x_wconf 85' lang='grc' dir='ltr'>κατ’</span> <span class='ocrx_word' id='word_1_527' title='bbox 1624 669 1742 705; x_wconf 81' lang='grc' dir='ltr'>ὅσσων</span> <span class='ocrx_word' id='word_1_528' title='bbox 1759 671 1803 707; x_wconf 84' lang='grc' dir='ltr'>ὧς</span> <span class='ocrx_word' id='word_1_529' title='bbox 1812 671 1939 735; x_wconf 28' lang='grc' dir='ltr'>...ὑγρὸν</span> <span class='ocrx_word' id='word_1_530' title='bbox 1939 672 2062 712; x_wconf 88' lang='grc' dir='ltr'>βάλλω</span> <span class='ocrx_word' id='word_1_531' title='bbox 2080 671 2192 717; x_wconf 82' lang='grc' dir='ltr'>δάκρυ,</span> 
     </span>
     <span class='ocr_line' id='line_1_148' title="bbox 1347 721 2057 768; baseline 0.003 -13"><span class='ocrx_word' id='word_1_532' title='bbox 1347 721 1456 756; x_wconf 84' lang='grc' dir='ltr'>ἐκεῖσε</span> <span class='ocrx_word' id='word_1_533' title='bbox 1473 723 1532 756; x_wconf 90' lang='grc' dir='ltr'>τὸν</span> <span class='ocrx_word' id='word_1_534' title='bbox 1548 724 1626 757; x_wconf 85' lang='grc' dir='ltr'>νοῦν</span> <span class='ocrx_word' id='word_1_535' title='bbox 1642 723 1719 759; x_wconf 83' lang='grc' dir='ltr'>δοὺς</span> <span class='ocrx_word' id='word_1_536' title='bbox 1737 722 1786 757; x_wconf 82' lang='grc' dir='ltr'>ὅθ’</span> <span class='ocrx_word' id='word_1_537' title='bbox 1805 722 1825 767; x_wconf 86' lang='grc' dir='ltr'><em>ἡ</em></span> <span class='ocrx_word' id='word_1_538' title='bbox 1843 723 1987 757; x_wconf 89' lang='grc' dir='ltr'>τεκοῦσά</span> <span class='ocrx_word' id='word_1_539' title='bbox 2005 738 2057 768; x_wconf 88' lang='grc' dir='ltr'>με,</span> 
     </span>
     <span class='ocr_line' id='line_1_149' title="bbox 1347 771 2069 838; baseline 0.001 -31"><span class='ocrx_word' id='word_1_540' title='bbox 1347 774 1494 838; x_wconf 87' lang='grc' dir='ltr'>κρυφαῖα</span> <span class='ocrx_word' id='word_1_541' title='bbox 1511 771 1731 820; x_wconf 84' lang='grc' dir='ltr'>νυμφευθεῖσ’</span> <span class='ocrx_word' id='word_1_542' title='bbox 1751 774 1933 820; x_wconf 76' lang='grc' dir='ltr'>ἀπημπόλα</span> <span class='ocrx_word' id='word_1_543' title='bbox 1950 775 2069 821; x_wconf 86' lang='grc' dir='ltr'>λάθρα,</span> 
     </span>
    </p>

    <p class='ocr_par' dir='ltr' id='par_1_92' title="bbox 1346 826 2094 872">
     <span class='ocr_line' id='line_1_150' title="bbox 1346 826 2094 872; baseline 0.003 -12"><span class='ocrx_word' id='word_1_544' title='bbox 1346 840 1400 860; x_wconf 89' lang='grc' dir='ltr'>και</span> <span class='ocrx_word' id='word_1_545' title='bbox 1417 826 1547 870; x_wconf 84' lang='grc' dir='ltr'>μαστὸν</span> <span class='ocrx_word' id='word_1_546' title='bbox 1564 826 1627 872; x_wconf 82' lang='grc' dir='ltr'>οὔχ</span> <span class='ocrx_word' id='word_1_547' title='bbox 1644 827 1802 872; x_wconf 80' lang='grc' dir='ltr'>ὑπέσχεν·</span> <span class='ocrx_word' id='word_1_548' title='bbox 1830 826 1909 861; x_wconf 78' lang='grc' dir='ltr'>ἀλλ’</span> <span class='ocrx_word' id='word_1_549' title='bbox 1927 827 2094 871; x_wconf 86' lang='grc' dir='ltr'>ἀνώνυμος</span> 
     </span>
    </p>

    <p class='ocr_par' dir='ltr' id='par_1_93' title="bbox 1346 876 2031 926">
     <span class='ocr_line' id='line_1_151' title="bbox 1346 876 2031 926; baseline 0.001 -13"><span class='ocrx_word' id='word_1_550' title='bbox 1346 878 1382 913; x_wconf 82' lang='grc' dir='ltr'>έν</span> <span class='ocrx_word' id='word_1_551' title='bbox 1400 878 1478 914; x_wconf 85' lang='grc' dir='ltr'>θεοῦ</span> <span class='ocrx_word' id='word_1_552' title='bbox 1494 878 1674 926; x_wconf 87' lang='grc' dir='ltr'>μελάθροις</span> <span class='ocrx_word' id='word_1_553' title='bbox 1692 876 1784 925; x_wconf 83' lang='grc' dir='ltr'>εἶχον</span> <span class='ocrx_word' id='word_1_554' title='bbox 1801 879 1929 924; x_wconf 78' lang='grc' dir='ltr'>οἶκέτην</span> <span class='ocrx_word' id='word_1_555' title='bbox 1945 879 2031 922; x_wconf 89' lang='grc' dir='ltr'>βίον.</span> 
     </span>
    </p>

    <p class='ocr_par' dir='ltr' id='par_1_94' title="bbox 1343 930 2149 1240">
     <span class='ocr_line' id='line_1_152' title="bbox 1345 930 2104 980; baseline 0.001 -16"><span class='ocrx_word' id='word_1_556' title='bbox 1345 931 1387 965; x_wconf 87' lang='grc' dir='ltr'>τὰ</span> <span class='ocrx_word' id='word_1_557' title='bbox 1403 932 1463 965; x_wconf 86' lang='grc' dir='ltr'>τοῦ</span> <span class='ocrx_word' id='word_1_558' title='bbox 1481 930 1559 965; x_wconf 84' lang='grc' dir='ltr'>θεοῦ</span> <span class='ocrx_word' id='word_1_559' title='bbox 1576 945 1637 976; x_wconf 89' lang='grc' dir='ltr'>μεν</span> <span class='ocrx_word' id='word_1_560' title='bbox 1653 932 1799 980; x_wconf 84' lang='grc' dir='ltr'>χρηστὰ,</span> <span class='ocrx_word' id='word_1_561' title='bbox 1818 934 1877 966; x_wconf 87' lang='grc' dir='ltr'>τοῦ</span> <span class='ocrx_word' id='word_1_562' title='bbox 1895 933 1931 967; x_wconf 81' lang='grc' dir='ltr'>δὲ</span> <span class='ocrx_word' id='word_1_563' title='bbox 1950 932 2104 977; x_wconf 88' lang='grc' dir='ltr'>δαίμονος</span> 
     </span>
     <span class='ocr_line' id='line_1_153' title="bbox 1343 982 2149 1030; baseline 0.002 -13"><span class='ocrx_word' id='word_1_564' title='bbox 1343 982 1462 1028; x_wconf 89' lang='grc' dir='ltr'>βαρέα·</span> <span class='ocrx_word' id='word_1_565' title='bbox 1488 984 1611 1029; x_wconf 90' lang='grc' dir='ltr'>χρόνον</span> <span class='ocrx_word' id='word_1_566' title='bbox 1626 986 1692 1030; x_wconf 86' lang='grc' dir='ltr'>γὰρ</span> <span class='ocrx_word' id='word_1_567' title='bbox 1710 984 1748 1018; x_wconf 83' lang='grc' dir='ltr'>ὅν</span> <span class='ocrx_word' id='word_1_568' title='bbox 1764 984 1798 1029; x_wconf 81' lang='grc' dir='ltr'>μ’</span> <span class='ocrx_word' id='word_1_569' title='bbox 1818 984 1920 1030; x_wconf 88' lang='grc' dir='ltr'>ἐχρῆν</span> <span class='ocrx_word' id='word_1_570' title='bbox 1938 984 1973 1019; x_wconf 92' lang='grc' dir='ltr'>ἐν</span> <span class='ocrx_word' id='word_1_571' title='bbox 1990 983 2149 1030; x_wconf 81' lang='grc' dir='ltr'>ἀγκάλαις</span> 
     </span>
     <span class='ocr_line' id='line_1_154' title="bbox 1345 1035 2087 1083; baseline 0.001 -14"><span class='ocrx_word' id='word_1_572' title='bbox 1345 1036 1468 1081; x_wconf 90' lang='grc' dir='ltr'>μητρὸς</span> <span class='ocrx_word' id='word_1_573' title='bbox 1484 1036 1657 1082; x_wconf 78' lang='grc' dir='ltr'>τρυφῆσαι</span> <span class='ocrx_word' id='word_1_574' title='bbox 1675 1037 1730 1072; x_wconf 82' lang='grc' dir='ltr'>καί</span> <span class='ocrx_word' id='word_1_575' title='bbox 1745 1051 1778 1071; x_wconf 90' lang='grc' dir='ltr'>τι</span> <span class='ocrx_word' id='word_1_576' title='bbox 1794 1035 1979 1083; x_wconf 88' lang='grc' dir='ltr'>τερφθῆναι</span> <span class='ocrx_word' id='word_1_577' title='bbox 1996 1036 2087 1079; x_wconf 88' lang='grc' dir='ltr'>βίου,</span> 
     </span>
     <span class='ocr_line' id='line_1_155' title="bbox 1344 1086 2052 1135; baseline 0.001 -14"><span class='ocrx_word' id='word_1_578' title='bbox 1344 1086 1575 1133; x_wconf 80' lang='grc' dir='ltr'>ἀπεστερήθην</span> <span class='ocrx_word' id='word_1_579' title='bbox 1591 1088 1757 1133; x_wconf 87' lang='grc' dir='ltr'>φιλτάτης</span> <span class='ocrx_word' id='word_1_580' title='bbox 1774 1089 1896 1135; x_wconf 88' lang='grc' dir='ltr'>μητρὸς</span> <span class='ocrx_word' id='word_1_581' title='bbox 1913 1089 2052 1135; x_wconf 88' lang='grc' dir='ltr'>τροφῆς.</span> 
     </span>
     <span class='ocr_line' id='line_1_156' title="bbox 1344 1138 2144 1186; baseline 0.001 -13"><span class='ocrx_word' id='word_1_582' title='bbox 1344 1138 1479 1184; x_wconf 85' lang='grc' dir='ltr'>τλήμων</span> <span class='ocrx_word' id='word_1_583' title='bbox 1498 1140 1533 1174; x_wconf 80' lang='grc' dir='ltr'>δὲ</span> <span class='ocrx_word' id='word_1_584' title='bbox 1551 1138 1595 1186; x_wconf 82' lang='grc' dir='ltr'>χῆ</span> <span class='ocrx_word' id='word_1_585' title='bbox 1613 1142 1757 1176; x_wconf 88' lang='grc' dir='ltr'>τεκοῦσά</span> <span class='ocrx_word' id='word_1_586' title='bbox 1773 1140 1820 1185; x_wconf 88' lang='grc' dir='ltr'>μ’,</span> <span class='ocrx_word' id='word_1_587' title='bbox 1841 1141 1884 1176; x_wconf 80' lang='grc' dir='ltr'>ὡς</span> <span class='ocrx_word' id='word_1_588' title='bbox 1901 1142 2021 1175; x_wconf 88' lang='grc' dir='ltr'>ταυτὸν</span> <span class='ocrx_word' id='word_1_589' title='bbox 2037 1139 2144 1176; x_wconf 84' lang='grc' dir='ltr'>πάθος</span> 
     </span>
     <span class='ocr_line' id='line_1_157' title="bbox 1344 1191 2052 1240; baseline 0.003 -14"><span class='ocrx_word' id='word_1_590' title='bbox 1344 1191 1501 1240; x_wconf 74' lang='grc' dir='ltr'>πέπονθε,</span> <span class='ocrx_word' id='word_1_591' title='bbox 1518 1193 1637 1229; x_wconf 87' lang='grc' dir='ltr'>παιδὸς</span> <span class='ocrx_word' id='word_1_592' title='bbox 1654 1192 1855 1229; x_wconf 80' lang='grc' dir='ltr'>ἀπολέσασα</span> <span class='ocrx_word' id='word_1_593' title='bbox 1871 1194 2052 1239; x_wconf 89' lang='grc' dir='ltr'>χαρμονάς.</span> 
     </span>
    </p>

    <p class='ocr_par' dir='ltr' id='par_1_95' title="bbox 1344 1243 2098 1343">
     <span class='ocr_line' id='line_1_158' title="bbox 1345 1243 2073 1294; baseline 0.004 -17"><span class='ocrx_word' id='word_1_594' title='bbox 1345 1244 1397 1278; x_wconf 76' lang='grc' dir='ltr'>καὶ</span> <span class='ocrx_word' id='word_1_595' title='bbox 1416 1246 1473 1279; x_wconf 85' lang='grc' dir='ltr'>νῦν</span> <span class='ocrx_word' id='word_1_596' title='bbox 1489 1245 1607 1286; x_wconf 81' lang='grc' dir='ltr'>λαβὼν</span> <span class='ocrx_word' id='word_1_597' title='bbox 1622 1243 1712 1290; x_wconf 86' lang='grc' dir='ltr'>τήνδ’</span> <span class='ocrx_word' id='word_1_598' title='bbox 1733 1244 1883 1291; x_wconf 84' lang='grc' dir='ltr'>ἀντίπηγ’</span> <span class='ocrx_word' id='word_1_599' title='bbox 1903 1244 1988 1280; x_wconf 82' lang='grc' dir='ltr'>οἶσω</span> <span class='ocrx_word' id='word_1_600' title='bbox 2007 1245 2073 1294; x_wconf 79' lang='grc' dir='ltr'>θεῷ</span> 
     </span>
     <span class='ocr_line' id='line_1_159' title="bbox 1344 1294 2098 1343; baseline 0.004 -14"><span class='ocrx_word' id='word_1_601' title='bbox 1344 1294 1494 1340; x_wconf 79' lang='grc' dir='ltr'>ἀνάθημ’,</span> <span class='ocrx_word' id='word_1_602' title='bbox 1513 1295 1555 1332; x_wconf 81' lang='grc' dir='ltr'>ἶν’</span> <span class='ocrx_word' id='word_1_603' title='bbox 1576 1295 1661 1343; x_wconf 80' lang='grc' dir='ltr'>εὕρω</span> <span class='ocrx_word' id='word_1_604' title='bbox 1678 1297 1780 1342; x_wconf 77' lang='grc' dir='ltr'>μηδὲν</span> <span class='ocrx_word' id='word_1_605' title='bbox 1798 1297 1843 1331; x_wconf 78' lang='grc' dir='ltr'>ὧν</span> <span class='ocrx_word' id='word_1_606' title='bbox 1859 1298 1898 1331; x_wconf 81' lang='grc' dir='ltr'>οὔ</span> <span class='ocrx_word' id='word_1_607' title='bbox 1915 1298 2098 1343; x_wconf 82' lang='grc' dir='ltr'>βούλομαι.</span> 
     </span>
    </p>

    <p class='ocr_par' dir='ltr' id='par_1_96' title="bbox 1344 1347 2053 1396">
     <span class='ocr_line' id='line_1_160' title="bbox 1344 1347 2053 1396; baseline 0.006 -15"><span class='ocrx_word' id='word_1_608' title='bbox 1344 1347 1374 1381; x_wconf 84' lang='grc' dir='ltr'>εἶ</span> <span class='ocrx_word' id='word_1_609' title='bbox 1389 1350 1456 1394; x_wconf 90' lang='grc' dir='ltr'>γάρ</span> <span class='ocrx_word' id='word_1_610' title='bbox 1473 1363 1514 1393; x_wconf 94' lang='grc' dir='ltr'>με</span> <span class='ocrx_word' id='word_1_611' title='bbox 1533 1349 1636 1394; x_wconf 84' lang='grc' dir='ltr'>δούλη</span> <span class='ocrx_word' id='word_1_612' title='bbox 1655 1350 1812 1396; x_wconf 86' lang='grc' dir='ltr'>τυγχάνει</span> <span class='ocrx_word' id='word_1_613' title='bbox 1829 1351 1975 1385; x_wconf 86' lang='grc' dir='ltr'>τεκοῦσά</span> <span class='ocrx_word' id='word_1_614' title='bbox 1992 1364 2053 1394; x_wconf 86' lang='grc' dir='ltr'>τις,</span> 
     </span>
    </p>

    <p class='ocr_par' dir='ltr' id='par_1_97' title="bbox 1343 1399 1992 1448">
     <span class='ocr_line' id='line_1_161' title="bbox 1343 1399 1992 1448; baseline 0.006 -15"><span class='ocrx_word' id='word_1_615' title='bbox 1343 1399 1450 1446; x_wconf 81' lang='grc' dir='ltr'>εὑρεῖν</span> <span class='ocrx_word' id='word_1_616' title='bbox 1468 1401 1581 1436; x_wconf 88' lang='grc' dir='ltr'>κάκιον</span> <span class='ocrx_word' id='word_1_617' title='bbox 1597 1402 1708 1447; x_wconf 84' lang='grc' dir='ltr'>μητέρ’</span> <span class='ocrx_word' id='word_1_618' title='bbox 1728 1401 1747 1447; x_wconf 85' lang='grc' dir='ltr'>ἢ</span> <span class='ocrx_word' id='word_1_619' title='bbox 1766 1401 1902 1448; x_wconf 84' lang='grc' dir='ltr'>σιγῶντ’</span> <span class='ocrx_word' id='word_1_620' title='bbox 1923 1402 1992 1437; x_wconf 82' lang='grc' dir='ltr'>ἐᾶν.</span> 
     </span>
    </p>

    <p class='ocr_par' dir='ltr' id='par_1_98' title="bbox 1343 1450 2021 1499">
     <span class='ocr_line' id='line_1_162' title="bbox 1343 1450 2021 1499; baseline 0.007 -14"><span class='ocrx_word' id='word_1_621' title='bbox 1343 1450 1369 1485; x_wconf 83' lang='grc' dir='ltr'>ὦ</span> <span class='ocrx_word' id='word_1_622' title='bbox 1388 1454 1502 1495; x_wconf 85' lang='grc' dir='ltr'>Φοῖβε,</span> <span class='ocrx_word' id='word_1_623' title='bbox 1521 1455 1611 1490; x_wconf 88' lang='grc' dir='ltr'>ναοῖς</span> <span class='ocrx_word' id='word_1_624' title='bbox 1628 1453 1802 1499; x_wconf 82' lang='grc' dir='ltr'>ἀνατίθημι</span> <span class='ocrx_word' id='word_1_625' title='bbox 1819 1453 1916 1499; x_wconf 82' lang='grc' dir='ltr'>τήνδε</span> <span class='ocrx_word' id='word_1_626' title='bbox 1934 1457 2021 1499; x_wconf 78' lang='grc' dir='ltr'>σοῖς.</span> 
     </span>
    </p>

    <p class='ocr_par' dir='ltr' id='par_1_99' title="bbox 1343 1504 2013 1553">
     <span class='ocr_line' id='line_1_163' title="bbox 1343 1504 2013 1553; baseline 0.006 -15"><span class='ocrx_word' id='word_1_627' title='bbox 1343 1504 1450 1539; x_wconf 88' lang='grc' dir='ltr'>καίτοι</span> <span class='ocrx_word' id='word_1_628' title='bbox 1467 1505 1502 1539; x_wconf 85' lang='grc' dir='ltr'>τί</span> <span class='ocrx_word' id='word_1_629' title='bbox 1517 1508 1653 1552; x_wconf 91' lang='grc' dir='ltr'>πάσχω,</span> <span class='ocrx_word' id='word_1_630' title='bbox 1672 1510 1731 1542; x_wconf 87' lang='grc' dir='ltr'>τοῦ</span> <span class='ocrx_word' id='word_1_631' title='bbox 1750 1507 1828 1542; x_wconf 88' lang='grc' dir='ltr'>θεοῦ</span> <span class='ocrx_word' id='word_1_632' title='bbox 1844 1506 2013 1553; x_wconf 82' lang='grc' dir='ltr'>προθυμίᾳ</span> 
     </span>
    </p>

    <p class='ocr_par' dir='ltr' id='par_1_100' title="bbox 1340 1557 2180 1656">
     <span class='ocr_line' id='line_1_164' title="bbox 1340 1557 2180 1606; baseline 0.005 -16"><span class='ocrx_word' id='word_1_633' title='bbox 1340 1558 1488 1601; x_wconf 85' lang='grc' dir='ltr'>πολεμῶ,</span> <span class='ocrx_word' id='word_1_634' title='bbox 1507 1559 1549 1593; x_wconf 87' lang='grc' dir='ltr'>τὰ</span> <span class='ocrx_word' id='word_1_635' title='bbox 1565 1560 1688 1605; x_wconf 89' lang='grc' dir='ltr'>μητρὸς</span> <span class='ocrx_word' id='word_1_636' title='bbox 1705 1558 1854 1602; x_wconf 77' lang='grc' dir='ltr'>σύμβολ’</span> <span class='ocrx_word' id='word_1_637' title='bbox 1875 1557 1912 1596; x_wconf 82' lang='grc' dir='ltr'>ὅς</span> <span class='ocrx_word' id='word_1_638' title='bbox 1928 1560 1962 1606; x_wconf 86' lang='grc' dir='ltr'>γ’</span> <span class='ocrx_word' id='word_1_639' title='bbox 1981 1558 2097 1594; x_wconf 79' lang='grc' dir='ltr'>ἔσωσέ</span> <span class='ocrx_word' id='word_1_640' title='bbox 2111 1573 2180 1604; x_wconf 91' lang='grc' dir='ltr'>μοι.</span> 
     </span>
     <span class='ocr_line' id='line_1_165' title="bbox 1340 1608 1967 1656; baseline 0.005 -12"><span class='ocrx_word' id='word_1_641' title='bbox 1340 1608 1507 1645; x_wconf 84' lang='grc' dir='ltr'>ἀνοικτέον</span> <span class='ocrx_word' id='word_1_642' title='bbox 1523 1610 1595 1645; x_wconf 87' lang='grc' dir='ltr'>τάδ’</span> <span class='ocrx_word' id='word_1_643' title='bbox 1615 1612 1688 1646; x_wconf 87' lang='grc' dir='ltr'>ἐστὶ</span> <span class='ocrx_word' id='word_1_644' title='bbox 1706 1612 1759 1646; x_wconf 87' lang='grc' dir='ltr'>καὶ</span> <span class='ocrx_word' id='word_1_645' title='bbox 1776 1611 1967 1656; x_wconf 87' lang='grc' dir='ltr'>τολμητέον.</span> 
     </span>
    </p>

    <p class='ocr_par' dir='ltr' id='par_1_101' title="bbox 1339 1661 2119 1710">
     <span class='ocr_line' id='line_1_166' title="bbox 1339 1661 2119 1710; baseline 0.004 -15"><span class='ocrx_word' id='word_1_646' title='bbox 1339 1661 1381 1695; x_wconf 86' lang='grc' dir='ltr'>τὰ</span> <span class='ocrx_word' id='word_1_647' title='bbox 1397 1662 1462 1708; x_wconf 87' lang='grc' dir='ltr'>γὰρ</span> <span class='ocrx_word' id='word_1_648' title='bbox 1480 1663 1666 1709; x_wconf 80' lang='grc' dir='ltr'>πεπρωμέν’</span> <span class='ocrx_word' id='word_1_649' title='bbox 1685 1663 1753 1698; x_wconf 76' lang='grc' dir='ltr'>οὐδ’</span> <span class='ocrx_word' id='word_1_650' title='bbox 1772 1664 1955 1710; x_wconf 82' lang='grc' dir='ltr'>ὑπερβαίην</span> <span class='ocrx_word' id='word_1_651' title='bbox 1972 1662 2047 1699; x_wconf 82' lang='grc' dir='ltr'>ποτ’</span> <span class='ocrx_word' id='word_1_652' title='bbox 2067 1662 2119 1698; x_wconf 61' lang='lat' dir='ltr'>dv.</span> 
     </span>
    </p>

    <p class='ocr_par' dir='ltr' id='par_1_102' title="bbox 1341 1712 2062 1762">
     <span class='ocr_line' id='line_1_167' title="bbox 1341 1712 2062 1762; baseline 0.003 -14"><span class='ocrx_word' id='word_1_653' title='bbox 1341 1712 1367 1748; x_wconf 82' lang='grc' dir='ltr'><strong>ὦ</strong></span> <span class='ocrx_word' id='word_1_654' title='bbox 1386 1714 1549 1758; x_wconf 87' lang='grc' dir='ltr'>στέμμαθ’</span> <span class='ocrx_word' id='word_1_655' title='bbox 1571 1716 1635 1762; x_wconf 83' lang='grc' dir='ltr'>ἱρὰ,</span> <span class='ocrx_word' id='word_1_656' title='bbox 1654 1715 1688 1751; x_wconf 86' lang='grc' dir='ltr'>τί</span> <span class='ocrx_word' id='word_1_657' title='bbox 1703 1715 1787 1751; x_wconf 92' lang='grc' dir='ltr'>ποτέ</span> <span class='ocrx_word' id='word_1_658' title='bbox 1803 1730 1860 1760; x_wconf 92' lang='grc' dir='ltr'>μοι</span> <span class='ocrx_word' id='word_1_659' title='bbox 1878 1714 2062 1756; x_wconf 74' lang='grc' dir='ltr'>κεκεύθατε,</span> 
     </span>
    </p>

    <p class='ocr_par' dir='ltr' id='par_1_103' title="bbox 1342 1765 2081 1814">
     <span class='ocr_line' id='line_1_168' title="bbox 1342 1765 2081 1814; baseline 0.004 -15"><span class='ocrx_word' id='word_1_660' title='bbox 1342 1767 1395 1800; x_wconf 84' lang='grc' dir='ltr'>καὶ</span> <span class='ocrx_word' id='word_1_661' title='bbox 1414 1765 1558 1807; x_wconf 79' lang='grc' dir='ltr'>σύνδεθ’,</span> <span class='ocrx_word' id='word_1_662' title='bbox 1577 1765 1649 1803; x_wconf 83' lang='grc' dir='ltr'>οἷσι</span> <span class='ocrx_word' id='word_1_663' title='bbox 1665 1766 1741 1812; x_wconf 76' lang='grc' dir='ltr'>τᾶμ’</span> <span class='ocrx_word' id='word_1_664' title='bbox 1762 1767 1952 1814; x_wconf 86' lang='grc' dir='ltr'>ἐφρουρήθη</span> <span class='ocrx_word' id='word_1_665' title='bbox 1970 1767 2057 1814; x_wconf 87' lang='grc' dir='ltr'>φίλα</span> <span class='ocrx_word' id='word_1_666' title='bbox 2067 1782 2081 1809; x_wconf 86' lang='grc'>,-</span> 
     </span>
    </p>
   </div>
   <div class='ocr_carea' id='block_1_79' title="bbox 2200 465 2276 506">
    <p class='ocr_par' dir='ltr' id='par_1_104' title="bbox 2200 465 2276 506">
     <span class='ocr_line' id='line_1_169' title="bbox 2200 465 2276 506; baseline 0 0"><span class='ocrx_word' id='word_1_667' title='bbox 2200 465 2276 506; x_wconf 71' lang='lat'>¹3⁶5</span> 
     </span>
    </p>
   </div>
   <div class='ocr_carea' id='block_1_80' title="bbox 2199 734 2278 767">
    <p class='ocr_par' dir='ltr' id='par_1_105' title="bbox 2199 734 2278 767">
     <span class='ocr_line' id='line_1_170' title="bbox 2199 734 2278 767; baseline 0.013 -10"><span class='ocrx_word' id='word_1_668' title='bbox 2199 734 2278 767; x_wconf 84' lang='lat'><strong>¹370</strong></span> 
     </span>
    </p>
   </div>
   <div class='ocr_carea' id='block_1_81' title="bbox 2199 994 2275 1028">
    <p class='ocr_par' dir='ltr' id='par_1_106' title="bbox 2199 994 2275 1028">
     <span class='ocr_line' id='line_1_171' title="bbox 2199 994 2275 1028; baseline 0 -1"><span class='ocrx_word' id='word_1_669' title='bbox 2199 994 2275 1028; x_wconf 71' lang='lat'>1³75</span> 
     </span>
    </p>
   </div>
   <div class='ocr_carea' id='block_1_82' title="bbox 2199 1249 2278 1287">
    <p class='ocr_par' dir='ltr' id='par_1_107' title="bbox 2199 1249 2278 1287">
     <span class='ocr_line' id='line_1_172' title="bbox 2199 1249 2278 1287; baseline -0.013 -7"><span class='ocrx_word' id='word_1_670' title='bbox 2199 1249 2278 1287; x_wconf 76' lang='lat'>1380</span> 
     </span>
    </p>
   </div>
   <div class='ocr_carea' id='block_1_83' title="bbox 2197 1511 2273 1551">
    <p class='ocr_par' dir='ltr' id='par_1_108' title="bbox 2197 1511 2273 1551">
     <span class='ocr_line' id='line_1_173' title="bbox 2197 1511 2273 1551; baseline 0 0"><span class='ocrx_word' id='word_1_671' title='bbox 2197 1511 2273 1551; x_wconf 82' lang='grc' dir='ltr'>Ι385</span> 
     </span>
    </p>
   </div>
   <div class='ocr_carea' id='block_1_84' title="bbox 1336 1781 2275 3483">
    <p class='ocr_par' dir='ltr' id='par_1_109' title="bbox 1343 1781 2275 1867">
     <span class='ocr_line' id='line_1_174' title="bbox 2199 1781 2275 1814; baseline 0.053 -4"><span class='ocrx_word' id='word_1_672' title='bbox 2199 1781 2275 1814; x_wconf 81' lang='lat'>¹390</span> 
     </span>
     <span class='ocr_line' id='line_1_175' title="bbox 1343 1817 2009 1867; baseline 0.005 -15"><span class='ocrx_word' id='word_1_673' title='bbox 1343 1817 1416 1854; x_wconf 79' lang='grc' dir='ltr'>ἰδοὺ</span> <span class='ocrx_word' id='word_1_674' title='bbox 1431 1818 1632 1867; x_wconf 83' lang='grc' dir='ltr'>περίπτυγμ’</span> <span class='ocrx_word' id='word_1_675' title='bbox 1652 1819 1831 1866; x_wconf 84' lang='grc' dir='ltr'>ἀντίπηγος</span> <span class='ocrx_word' id='word_1_676' title='bbox 1849 1820 2009 1855; x_wconf 82' lang='grc' dir='ltr'>εὐκύκλου</span> 
     </span>
    </p>

    <p class='ocr_par' dir='ltr' id='par_1_110' title="bbox 1343 1869 1970 1918">
     <span class='ocr_line' id='line_1_176' title="bbox 1343 1869 1970 1918; baseline 0.002 -13"><span class='ocrx_word' id='word_1_677' title='bbox 1343 1869 1387 1906; x_wconf 83' lang='grc' dir='ltr'>ὣς</span> <span class='ocrx_word' id='word_1_678' title='bbox 1404 1871 1443 1905; x_wconf 84' lang='grc' dir='ltr'>οὔ</span> <span class='ocrx_word' id='word_1_679' title='bbox 1460 1869 1619 1918; x_wconf 83' lang='grc' dir='ltr'>γεγήρακ’</span> <span class='ocrx_word' id='word_1_680' title='bbox 1639 1873 1675 1907; x_wconf 79' lang='grc' dir='ltr'>ἔκ</span> <span class='ocrx_word' id='word_1_681' title='bbox 1691 1885 1779 1908; x_wconf 89' lang='grc' dir='ltr'>τινος</span> <span class='ocrx_word' id='word_1_682' title='bbox 1797 1872 1970 1917; x_wconf 87' lang='grc' dir='ltr'>θεηλάτου,</span> 
     </span>
    </p>

    <p class='ocr_par' dir='ltr' id='par_1_111' title="bbox 1341 1922 2120 2023">
     <span class='ocr_line' id='line_1_177' title="bbox 1343 1922 2120 1972; baseline 0.004 -16"><span class='ocrx_word' id='word_1_683' title='bbox 1343 1923 1446 1960; x_wconf 81' lang='grc' dir='ltr'>εὔοώς</span> <span class='ocrx_word' id='word_1_684' title='bbox 1462 1923 1493 1958; x_wconf 93' lang='grc' dir='ltr'>τ’</span> <span class='ocrx_word' id='word_1_685' title='bbox 1512 1924 1634 1960; x_wconf 82' lang='grc' dir='ltr'>ἅπεστι</span> <span class='ocrx_word' id='word_1_686' title='bbox 1650 1925 1861 1972; x_wconf 86' lang='grc' dir='ltr'>πλεγμάτων·</span> <span class='ocrx_word' id='word_1_687' title='bbox 1888 1926 1907 1959; x_wconf 83' lang='grc' dir='ltr'><strong><em>ὁ</em></strong></span> <span class='ocrx_word' id='word_1_688' title='bbox 1925 1924 1954 1960; x_wconf 77' lang='grc' dir='ltr'>δ’</span> <span class='ocrx_word' id='word_1_689' title='bbox 1973 1924 2009 1960; x_wconf 84' lang='grc' dir='ltr'>ἐν</span> <span class='ocrx_word' id='word_1_690' title='bbox 2026 1922 2120 1970; x_wconf 77' lang='grc' dir='ltr'>μέσῳ</span> 
     </span>
     <span class='ocr_line' id='line_1_178' title="bbox 1341 1976 2077 2040; baseline 0.001 -30"><span class='ocrx_word' id='word_1_691' title='bbox 1341 1976 1463 2040; x_wconf 79' lang='grc' dir='ltr'>χρόνος</span> <span class='ocrx_word' id='word_1_692' title='bbox 1478 1976 1586 2013; x_wconf 82' lang='grc' dir='ltr'>πολὺς</span> <span class='ocrx_word' id='word_1_693' title='bbox 1603 1976 1643 2021; x_wconf 82' lang='grc' dir='ltr'>δὴ</span> <span class='ocrx_word' id='word_1_694' title='bbox 1660 1976 1776 2012; x_wconf 87' lang='grc' dir='ltr'>τοῖσδε</span> <span class='ocrx_word' id='word_1_695' title='bbox 1794 1976 2077 2023; x_wconf 81' lang='grc' dir='ltr'>θησαυρίσμασιν</span> 
     </span>
    </p>

    <p class='ocr_par' dir='ltr' id='par_1_112' title="bbox 1340 2027 2033 2075">
     <span class='ocr_line' id='line_1_179' title="bbox 1340 2027 2033 2075; baseline 0.001 -13"><span class='ocrx_word' id='word_1_696' title='bbox 1340 2027 1374 2063; x_wconf 87' lang='grc' dir='ltr'>τί</span> <span class='ocrx_word' id='word_1_697' title='bbox 1391 2027 1473 2073; x_wconf 86' lang='grc' dir='ltr'>δῆτα</span> <span class='ocrx_word' id='word_1_698' title='bbox 1489 2028 1614 2074; x_wconf 88' lang='grc' dir='ltr'>φάσμα</span> <span class='ocrx_word' id='word_1_699' title='bbox 1630 2032 1695 2064; x_wconf 85' lang='grc' dir='ltr'>τῶν</span> <span class='ocrx_word' id='word_1_700' title='bbox 1713 2028 1924 2064; x_wconf 85' lang='grc' dir='ltr'>ἀνελπιστων</span> <span class='ocrx_word' id='word_1_701' title='bbox 1944 2030 2033 2075; x_wconf 66' lang='grc' dir='ltr'>ὁρῶς</span> 
     </span>
    </p>

    <p class='ocr_par' dir='ltr' id='par_1_113' title="bbox 1344 2078 2091 2179">
     <span class='ocr_line' id='line_1_180' title="bbox 1344 2078 2091 2128; baseline 0 -13"><span class='ocrx_word' id='word_1_702' title='bbox 1344 2079 1427 2127; x_wconf 89' lang='grc' dir='ltr'>σίγα</span> <span class='ocrx_word' id='word_1_703' title='bbox 1445 2079 1501 2116; x_wconf 86' lang='grc' dir='ltr'>σύ·</span> <span class='ocrx_word' id='word_1_704' title='bbox 1527 2081 1642 2116; x_wconf 80' lang='grc' dir='ltr'>πολλὰ</span> <span class='ocrx_word' id='word_1_705' title='bbox 1660 2083 1713 2117; x_wconf 86' lang='grc' dir='ltr'>καὶ</span> <span class='ocrx_word' id='word_1_706' title='bbox 1729 2081 1888 2128; x_wconf 87' lang='grc' dir='ltr'>πάροιθεν</span> <span class='ocrx_word' id='word_1_707' title='bbox 1905 2078 2006 2116; x_wconf 80' lang='grc' dir='ltr'>οἶσθά</span> <span class='ocrx_word' id='word_1_708' title='bbox 2023 2094 2091 2126; x_wconf 90' lang='grc' dir='ltr'>μοι.</span> 
     </span>
     <span class='ocr_line' id='line_1_181' title="bbox 1347 2132 2009 2179; baseline 0 -12"><span class='ocrx_word' id='word_1_709' title='bbox 1347 2133 1406 2168; x_wconf 81' lang='grc' dir='ltr'>οὒκ</span> <span class='ocrx_word' id='word_1_710' title='bbox 1424 2133 1460 2167; x_wconf 89' lang='grc' dir='ltr'>ἐν</span> <span class='ocrx_word' id='word_1_711' title='bbox 1479 2147 1588 2178; x_wconf 83' lang='grc' dir='ltr'>σιωπῃ</span> <span class='ocrx_word' id='word_1_712' title='bbox 1605 2134 1702 2179; x_wconf 87' lang='grc' dir='ltr'>τάμά·</span> <span class='ocrx_word' id='word_1_713' title='bbox 1729 2132 1774 2178; x_wconf 92' lang='grc' dir='ltr'>μή</span> <span class='ocrx_word' id='word_1_714' title='bbox 1791 2148 1833 2178; x_wconf 92' lang='grc' dir='ltr'>με</span> <span class='ocrx_word' id='word_1_715' title='bbox 1851 2133 2009 2168; x_wconf 87' lang='grc' dir='ltr'>νουθέτει.</span> 
     </span>
    </p>

    <p class='ocr_par' dir='ltr' id='par_1_114' title="bbox 1343 2184 1995 2233">
     <span class='ocr_line' id='line_1_182' title="bbox 1343 2184 1995 2233; baseline 0 -13"><span class='ocrx_word' id='word_1_716' title='bbox 1343 2187 1410 2233; x_wconf 88' lang='grc' dir='ltr'>ὁρῶ</span> <span class='ocrx_word' id='word_1_717' title='bbox 1426 2185 1492 2232; x_wconf 81' lang='grc' dir='ltr'>γὰρ</span> <span class='ocrx_word' id='word_1_718' title='bbox 1509 2186 1613 2232; x_wconf 86' lang='grc' dir='ltr'>ἀγγος</span> <span class='ocrx_word' id='word_1_719' title='bbox 1631 2185 1670 2221; x_wconf 92' lang='grc' dir='ltr'>ου</span> <span class='ocrx_word' id='word_1_720' title='bbox 1688 2184 1811 2230; x_wconf 81' lang='grc' dir='ltr'>’ξέθηκ’</span> <span class='ocrx_word' id='word_1_721' title='bbox 1831 2187 1896 2232; x_wconf 84' lang='grc' dir='ltr'>ἐγώ</span> <span class='ocrx_word' id='word_1_722' title='bbox 1913 2199 1995 2221; x_wconf 87' lang='grc' dir='ltr'>ποτε</span> 
     </span>
    </p>

    <p class='ocr_par' dir='ltr' id='par_1_115' title="bbox 1341 2235 2156 2441">
     <span class='ocr_line' id='line_1_183' title="bbox 1343 2235 2129 2285; baseline -0.003 -12"><span class='ocrx_word' id='word_1_723' title='bbox 1343 2239 1387 2273; x_wconf 91' lang='grc' dir='ltr'>σέ</span> <span class='ocrx_word' id='word_1_724' title='bbox 1401 2237 1436 2284; x_wconf 84' lang='grc' dir='ltr'>γ’</span> <span class='ocrx_word' id='word_1_725' title='bbox 1456 2237 1482 2271; x_wconf 84' lang='grc' dir='ltr'><em>ὦ</em></span> <span class='ocrx_word' id='word_1_726' title='bbox 1498 2238 1612 2273; x_wconf 90' lang='grc' dir='ltr'>τέκνον</span> <span class='ocrx_word' id='word_1_727' title='bbox 1627 2253 1684 2283; x_wconf 88' lang='grc' dir='ltr'>μοι</span> <span class='ocrx_word' id='word_1_728' title='bbox 1700 2238 1833 2285; x_wconf 86' lang='grc' dir='ltr'>βρέφος</span> <span class='ocrx_word' id='word_1_729' title='bbox 1851 2238 1896 2272; x_wconf 84' lang='grc' dir='ltr'>ἔτ’</span> <span class='ocrx_word' id='word_1_730' title='bbox 1915 2237 1993 2272; x_wconf 82' lang='grc' dir='ltr'>ὅντα</span> <span class='ocrx_word' id='word_1_731' title='bbox 2012 2235 2129 2282; x_wconf 90' lang='grc' dir='ltr'>νήπιον</span> 
     </span>
     <span class='ocr_line' id='line_1_184' title="bbox 1344 2290 2156 2337; baseline -0.001 -12"><span class='ocrx_word' id='word_1_732' title='bbox 1344 2290 1512 2337; x_wconf 87' lang='grc' dir='ltr'>Κέκροπος</span> <span class='ocrx_word' id='word_1_733' title='bbox 1530 2291 1564 2326; x_wconf 89' lang='grc' dir='ltr'>ἐς</span> <span class='ocrx_word' id='word_1_734' title='bbox 1581 2290 1682 2337; x_wconf 80' lang='grc' dir='ltr'>ἄντρα</span> <span class='ocrx_word' id='word_1_735' title='bbox 1700 2292 1753 2326; x_wconf 79' lang='grc' dir='ltr'>καὶ</span> <span class='ocrx_word' id='word_1_736' title='bbox 1771 2292 1908 2336; x_wconf 82' lang='grc' dir='ltr'>Μακρὰς</span> <span class='ocrx_word' id='word_1_737' title='bbox 1924 2290 2156 2336; x_wconf 82' lang='grc' dir='ltr'>πετρηρεφεῖς.</span> 
     </span>
     <span class='ocr_line' id='line_1_185' title="bbox 1342 2340 2117 2389; baseline -0.001 -12"><span class='ocrx_word' id='word_1_738' title='bbox 1342 2343 1457 2389; x_wconf 82' lang='grc' dir='ltr'>λείψω</span> <span class='ocrx_word' id='word_1_739' title='bbox 1475 2343 1512 2377; x_wconf 80' lang='grc' dir='ltr'>δὲ</span> <span class='ocrx_word' id='word_1_740' title='bbox 1529 2343 1646 2387; x_wconf 84' lang='grc' dir='ltr'>βωμὸν</span> <span class='ocrx_word' id='word_1_741' title='bbox 1662 2343 1768 2384; x_wconf 91' lang='grc' dir='ltr'>τόνδε,</span> <span class='ocrx_word' id='word_1_742' title='bbox 1787 2343 1837 2377; x_wconf 78' lang='grc' dir='ltr'><em>κεῖ</em></span> <span class='ocrx_word' id='word_1_743' title='bbox 1854 2343 1964 2377; x_wconf 87' lang='grc' dir='ltr'>θανεῖν</span> <span class='ocrx_word' id='word_1_744' title='bbox 1979 2356 2022 2387; x_wconf 94' lang='grc' dir='ltr'>με</span> <span class='ocrx_word' id='word_1_745' title='bbox 2039 2340 2117 2388; x_wconf 84' lang='grc' dir='ltr'>χρή.</span> 
     </span>
     <span class='ocr_line' id='line_1_186' title="bbox 1341 2394 2008 2441; baseline -0.001 -12"><span class='ocrx_word' id='word_1_746' title='bbox 1341 2394 1491 2438; x_wconf 87' lang='grc' dir='ltr'>λάζυσθε</span> <span class='ocrx_word' id='word_1_747' title='bbox 1508 2394 1615 2439; x_wconf 87' lang='grc' dir='ltr'>τήνδε·</span> <span class='ocrx_word' id='word_1_748' title='bbox 1644 2394 1803 2440; x_wconf 77' lang='grc' dir='ltr'>θεομανὴς</span> <span class='ocrx_word' id='word_1_749' title='bbox 1819 2395 1884 2441; x_wconf 83' lang='grc' dir='ltr'>γὰρ</span> <span class='ocrx_word' id='word_1_750' title='bbox 1902 2394 2008 2438; x_wconf 82' lang='grc' dir='ltr'>ἥλατο</span> 
     </span>
    </p>

    <p class='ocr_par' dir='ltr' id='par_1_116' title="bbox 1337 2445 2142 2651">
     <span class='ocr_line' id='line_1_187' title="bbox 1339 2445 2068 2492; baseline 0.001 -11"><span class='ocrx_word' id='word_1_751' title='bbox 1339 2448 1457 2492; x_wconf 88' lang='grc' dir='ltr'>βωμοῦ</span> <span class='ocrx_word' id='word_1_752' title='bbox 1474 2449 1623 2482; x_wconf 88' lang='grc' dir='ltr'>λιποῦσα</span> <span class='ocrx_word' id='word_1_753' title='bbox 1641 2446 1752 2490; x_wconf 78' lang='grc' dir='ltr'>ξόανα·</span> <span class='ocrx_word' id='word_1_754' title='bbox 1781 2447 1866 2482; x_wconf 88' lang='grc' dir='ltr'>δεῖτε</span> <span class='ocrx_word' id='word_1_755' title='bbox 1884 2447 1914 2482; x_wconf 87' lang='grc' dir='ltr'>δ’</span> <span class='ocrx_word' id='word_1_756' title='bbox 1934 2445 2068 2482; x_wconf 84' lang='grc' dir='ltr'>ὠλένας.</span> 
     </span>
     <span class='ocr_line' id='line_1_188' title="bbox 1346 2497 2090 2545; baseline -0.001 -12"><span class='ocrx_word' id='word_1_757' title='bbox 1346 2500 1533 2545; x_wconf 87' lang='grc' dir='ltr'>σφάζοντες</span> <span class='ocrx_word' id='word_1_758' title='bbox 1550 2497 1608 2533; x_wconf 72' lang='grc' dir='ltr'>οὖν</span> <span class='ocrx_word' id='word_1_759' title='bbox 1625 2498 1755 2545; x_wconf 87' lang='grc' dir='ltr'>λήγοιτ’</span> <span class='ocrx_word' id='word_1_760' title='bbox 1774 2498 1824 2534; x_wconf 73' lang='grc' dir='ltr'>ἄν·</span> <span class='ocrx_word' id='word_1_761' title='bbox 1852 2500 1896 2535; x_wconf 82' lang='grc' dir='ltr'>ὣς</span> <span class='ocrx_word' id='word_1_762' title='bbox 1913 2498 2090 2543; x_wconf 78' lang='grc' dir='ltr'>ἀνθέξομαι</span> 
     </span>
     <span class='ocr_line' id='line_1_189' title="bbox 1341 2550 2142 2598; baseline -0.002 -12"><span class='ocrx_word' id='word_1_763' title='bbox 1341 2553 1394 2586; x_wconf 86' lang='grc' dir='ltr'>καὶ</span> <span class='ocrx_word' id='word_1_764' title='bbox 1411 2552 1516 2595; x_wconf 88' lang='grc' dir='ltr'>τῆσδε</span> <span class='ocrx_word' id='word_1_765' title='bbox 1534 2552 1586 2585; x_wconf 82' lang='grc' dir='ltr'>καὶ</span> <span class='ocrx_word' id='word_1_766' title='bbox 1605 2553 1669 2586; x_wconf 90' lang='grc' dir='ltr'>σοῦ</span> <span class='ocrx_word' id='word_1_767' title='bbox 1686 2555 1752 2585; x_wconf 83' lang='grc' dir='ltr'>τῶν</span> <span class='ocrx_word' id='word_1_768' title='bbox 1768 2551 1798 2585; x_wconf 85' lang='grc' dir='ltr'>τ’</span> <span class='ocrx_word' id='word_1_769' title='bbox 1817 2552 1886 2586; x_wconf 80' lang='grc' dir='ltr'>ἔσω</span> <span class='ocrx_word' id='word_1_770' title='bbox 1905 2550 2142 2598; x_wconf 87' lang='grc' dir='ltr'>κεκρυμμένων.</span> 
     </span>
     <span class='ocr_line' id='line_1_190' title="bbox 1337 2603 1973 2651; baseline -0.002 -14"><span class='ocrx_word' id='word_1_771' title='bbox 1337 2604 1409 2638; x_wconf 88' lang='grc' dir='ltr'>τάδ’</span> <span class='ocrx_word' id='word_1_772' title='bbox 1426 2604 1502 2648; x_wconf 74' lang='grc' dir='ltr'>οὐχὶ</span> <span class='ocrx_word' id='word_1_773' title='bbox 1521 2604 1631 2643; x_wconf 84' lang='grc' dir='ltr'>δεινά,-</span> <span class='ocrx_word' id='word_1_774' title='bbox 1652 2603 1851 2650; x_wconf 84' lang='grc' dir='ltr'>ῥυσιάζομαι</span> <span class='ocrx_word' id='word_1_775' title='bbox 1868 2605 1973 2651; x_wconf 74' lang='grc' dir='ltr'>λόγῳ.</span> 
     </span>
    </p>

    <p class='ocr_par' dir='ltr' id='par_1_117' title="bbox 1338 2654 2138 2963">
     <span class='ocr_line' id='line_1_191' title="bbox 1339 2654 2083 2702; baseline 0.003 -13"><span class='ocrx_word' id='word_1_776' title='bbox 1339 2655 1408 2696; x_wconf 80' lang='grc' dir='ltr'>οὒκ,</span> <span class='ocrx_word' id='word_1_777' title='bbox 1428 2654 1519 2689; x_wconf 87' lang='grc' dir='ltr'>ἀλλὰ</span> <span class='ocrx_word' id='word_1_778' title='bbox 1537 2658 1610 2691; x_wconf 90' lang='grc' dir='ltr'>σοῖς</span> <span class='ocrx_word' id='word_1_779' title='bbox 1628 2656 1785 2701; x_wconf 89' lang='grc' dir='ltr'>φίλοισιν</span> <span class='ocrx_word' id='word_1_780' title='bbox 1803 2656 1949 2702; x_wconf 86' lang='grc' dir='ltr'>εὑρίσκει</span> <span class='ocrx_word' id='word_1_781' title='bbox 1967 2654 2083 2701; x_wconf 82' lang='grc' dir='ltr'>φίλος.</span> 
     </span>
     <span class='ocr_line' id='line_1_192' title="bbox 1341 2705 2098 2754; baseline 0 -12"><span class='ocrx_word' id='word_1_782' title='bbox 1341 2708 1407 2753; x_wconf 86' lang='grc' dir='ltr'>ἐγὼ</span> <span class='ocrx_word' id='word_1_783' title='bbox 1425 2708 1528 2752; x_wconf 91' lang='grc' dir='ltr'>φίλος</span> <span class='ocrx_word' id='word_1_784' title='bbox 1547 2710 1629 2748; x_wconf 88' lang='grc' dir='ltr'>σός,·</span> <span class='ocrx_word' id='word_1_785' title='bbox 1658 2705 1739 2754; x_wconf 77' lang='grc' dir='ltr'>κᾷτά</span> <span class='ocrx_word' id='word_1_786' title='bbox 1756 2706 1791 2752; x_wconf 78' lang='grc' dir='ltr'>μ’</span> <span class='ocrx_word' id='word_1_787' title='bbox 1811 2710 1950 2744; x_wconf 79' lang='grc' dir='ltr'>ἔκτεινες</span> <span class='ocrx_word' id='word_1_788' title='bbox 1966 2706 2098 2754; x_wconf 70' lang='grc' dir='ltr'>λάθρας</span> 
     </span>
     <span class='ocr_line' id='line_1_193' title="bbox 1338 2758 2138 2806; baseline -0.001 -12"><span class='ocrx_word' id='word_1_789' title='bbox 1338 2762 1416 2796; x_wconf 87' lang='grc' dir='ltr'>παῖς</span> <span class='ocrx_word' id='word_1_790' title='bbox 1431 2759 1476 2806; x_wconf 85' lang='grc' dir='ltr'>γ’,</span> <span class='ocrx_word' id='word_1_791' title='bbox 1497 2759 1526 2793; x_wconf 85' lang='grc' dir='ltr'>εἷ</span> <span class='ocrx_word' id='word_1_792' title='bbox 1543 2758 1613 2794; x_wconf 80' lang='grc' dir='ltr'>τόδ’</span> <span class='ocrx_word' id='word_1_793' title='bbox 1634 2761 1708 2795; x_wconf 81' lang='grc' dir='ltr'>ἐστὶ</span> <span class='ocrx_word' id='word_1_794' title='bbox 1724 2762 1794 2799; x_wconf 86' lang='grc' dir='ltr'>τοῖς</span> <span class='ocrx_word' id='word_1_795' title='bbox 1810 2763 1945 2796; x_wconf 86' lang='grc' dir='ltr'>τεκοῦσι</span> <span class='ocrx_word' id='word_1_796' title='bbox 1963 2760 2138 2805; x_wconf 85' lang='grc' dir='ltr'>φίλτατον.</span> 
     </span>
     <span class='ocr_line' id='line_1_194' title="bbox 1338 2811 2125 2859; baseline 0 -14"><span class='ocrx_word' id='word_1_797' title='bbox 1338 2814 1466 2846; x_wconf 87' lang='grc' dir='ltr'>παῦσαι</span> <span class='ocrx_word' id='word_1_798' title='bbox 1482 2812 1665 2847; x_wconf 78' lang='grc' dir='ltr'>πλέκουσα·</span> <span class='ocrx_word' id='word_1_799' title='bbox 1692 2811 1850 2859; x_wconf 76' lang='grc' dir='ltr'>λήψομαί</span> <span class='ocrx_word' id='word_1_800' title='bbox 1867 2812 1900 2847; x_wconf 87' lang='grc' dir='ltr'>σ’</span> <span class='ocrx_word' id='word_1_801' title='bbox 1922 2814 1987 2859; x_wconf 82' lang='grc' dir='ltr'>ἐγὼ</span> <span class='ocrx_word' id='word_1_802' title='bbox 2005 2813 2125 2848; x_wconf 81' lang='grc' dir='ltr'>καλῶς.</span> 
     </span>
     <span class='ocr_line' id='line_1_195' title="bbox 1340 2863 2051 2909; baseline -0.001 -10"><span class='ocrx_word' id='word_1_803' title='bbox 1340 2864 1373 2899; x_wconf 83' lang='grc' dir='ltr'>ἐς</span> <span class='ocrx_word' id='word_1_804' title='bbox 1390 2863 1480 2898; x_wconf 85' lang='grc' dir='ltr'>τοῦθ’</span> <span class='ocrx_word' id='word_1_805' title='bbox 1500 2863 1638 2909; x_wconf 77' lang='grc' dir='ltr'>ἱκοίμην,</span> <span class='ocrx_word' id='word_1_806' title='bbox 1656 2865 1755 2899; x_wconf 86' lang='grc' dir='ltr'>τοῦδε</span> <span class='ocrx_word' id='word_1_807' title='bbox 1771 2863 1907 2908; x_wconf 78' lang='grc' dir='ltr'>τοξεύω,</span> <span class='ocrx_word' id='word_1_808' title='bbox 1926 2864 2051 2899; x_wconf 87' lang='grc' dir='ltr'>τέκνον.</span> 
     </span>
     <span class='ocr_line' id='line_1_196' title="bbox 1339 2914 2074 2963; baseline 0.001 -14"><span class='ocrx_word' id='word_1_809' title='bbox 1339 2916 1432 2950; x_wconf 89' lang='grc' dir='ltr'>κενὸν</span> <span class='ocrx_word' id='word_1_810' title='bbox 1448 2914 1517 2949; x_wconf 82' lang='grc' dir='ltr'>τόδ’</span> <span class='ocrx_word' id='word_1_811' title='bbox 1535 2915 1648 2963; x_wconf 71' lang='grc' dir='ltr'>ἄγγος,</span> <span class='ocrx_word' id='word_1_812' title='bbox 1667 2915 1687 2961; x_wconf 83' lang='grc' dir='ltr'>ἢ</span> <span class='ocrx_word' id='word_1_813' title='bbox 1707 2917 1820 2963; x_wconf 86' lang='grc' dir='ltr'>στέγει</span> <span class='ocrx_word' id='word_1_814' title='bbox 1837 2916 2002 2963; x_wconf 89' lang='grc' dir='ltr'>πλήρωμά</span> <span class='ocrx_word' id='word_1_815' title='bbox 2018 2930 2074 2956; x_wconf 70' lang='grc' dir='ltr'>τις</span> 
     </span>
    </p>

    <p class='ocr_par' dir='ltr' id='par_1_118' title="bbox 1341 2965 2060 3014">
     <span class='ocr_line' id='line_1_197' title="bbox 1341 2965 2060 3014; baseline 0.001 -13"><span class='ocrx_word' id='word_1_816' title='bbox 1341 2969 1386 3002; x_wconf 88' lang='grc' dir='ltr'>σά</span> <span class='ocrx_word' id='word_1_817' title='bbox 1403 2967 1435 3014; x_wconf 89' lang='grc' dir='ltr'>γ’</span> <span class='ocrx_word' id='word_1_818' title='bbox 1455 2966 1575 3011; x_wconf 82' lang='grc' dir='ltr'>ἐνδῦθ’,</span> <span class='ocrx_word' id='word_1_819' title='bbox 1594 2965 1666 3003; x_wconf 85' lang='grc' dir='ltr'>οἷσί</span> <span class='ocrx_word' id='word_1_820' title='bbox 1683 2969 1716 3003; x_wconf 91' lang='grc' dir='ltr'>σ“</span> <span class='ocrx_word' id='word_1_821' title='bbox 1737 2968 1862 3013; x_wconf 86' lang='grc' dir='ltr'>ἐξέθηκ’</span> <span class='ocrx_word' id='word_1_822' title='bbox 1883 2969 1947 3003; x_wconf 86' lang='grc' dir='ltr'>έθώ</span> <span class='ocrx_word' id='word_1_823' title='bbox 1965 2983 2060 3004; x_wconf 91' lang='grc' dir='ltr'>ποτε.</span> 
     </span>
    </p>

    <p class='ocr_par' dir='ltr' id='par_1_119' title="bbox 1336 3018 2197 3275">
     <span class='ocr_line' id='line_1_198' title="bbox 1340 3018 2095 3068; baseline 0.001 -15"><span class='ocrx_word' id='word_1_824' title='bbox 1340 3020 1393 3053; x_wconf 85' lang='grc' dir='ltr'>καὶ</span> <span class='ocrx_word' id='word_1_825' title='bbox 1410 3018 1543 3064; x_wconf 80' lang='grc' dir='ltr'>τοῦνομ’</span> <span class='ocrx_word' id='word_1_826' title='bbox 1562 3021 1670 3055; x_wconf 79' lang='grc' dir='ltr'>αὐτῶν</span> <span class='ocrx_word' id='word_1_827' title='bbox 1687 3020 1821 3067; x_wconf 77' lang='grc' dir='ltr'>ἐξερεῖς,</span> <span class='ocrx_word' id='word_1_828' title='bbox 1840 3021 1918 3068; x_wconf 79' lang='grc' dir='ltr'>πρὶν</span> <span class='ocrx_word' id='word_1_829' title='bbox 1937 3020 2074 3055; x_wconf 85' lang='grc' dir='ltr'>εἷσιδεῖν</span> <span class='ocrx_word' id='word_1_830' title='bbox 2084 3034 2095 3060; x_wconf 81' lang='lat'>,-</span> 
     </span>
     <span class='ocr_line' id='line_1_199' title="bbox 1340 3071 2080 3119; baseline 0.004 -15"><span class='ocrx_word' id='word_1_831' title='bbox 1340 3071 1399 3104; x_wconf 88' lang='grc' dir='ltr'>κᾶν</span> <span class='ocrx_word' id='word_1_832' title='bbox 1415 3071 1460 3116; x_wconf 88' lang='grc' dir='ltr'>μὴ</span> <span class='ocrx_word' id='word_1_833' title='bbox 1478 3071 1604 3117; x_wconf 90' lang='grc' dir='ltr'>φράσω</span> <span class='ocrx_word' id='word_1_834' title='bbox 1620 3087 1672 3119; x_wconf 87' lang='grc' dir='ltr'>γε,</span> <span class='ocrx_word' id='word_1_835' title='bbox 1692 3073 1862 3108; x_wconf 88' lang='grc' dir='ltr'>κατθανεῖν</span> <span class='ocrx_word' id='word_1_836' title='bbox 1879 3073 2080 3118; x_wconf 85' lang='grc' dir='ltr'>ὑφίσταμαι.</span> 
     </span>
     <span class='ocr_line' id='line_1_200' title="bbox 1336 3121 2079 3171; baseline 0.003 -15"><span class='ocrx_word' id='word_1_837' title='bbox 1336 3121 1425 3169; x_wconf 86' lang='grc' dir='ltr'>λέγ’.</span> <span class='ocrx_word' id='word_1_838' title='bbox 1462 3124 1506 3159; x_wconf 81' lang='grc' dir='ltr'>ὣς</span> <span class='ocrx_word' id='word_1_839' title='bbox 1524 3125 1593 3168; x_wconf 81' lang='grc' dir='ltr'>ἔχει</span> <span class='ocrx_word' id='word_1_840' title='bbox 1611 3138 1643 3158; x_wconf 93' lang='grc' dir='ltr'>τι</span> <span class='ocrx_word' id='word_1_841' title='bbox 1662 3125 1768 3159; x_wconf 85' lang='grc' dir='ltr'>δεινὸν</span> <span class='ocrx_word' id='word_1_842' title='bbox 1784 3125 1804 3169; x_wconf 88' lang='grc' dir='ltr'>ἡ</span> <span class='ocrx_word' id='word_1_843' title='bbox 1822 3126 1928 3169; x_wconf 91' lang='grc' dir='ltr'>τόλμη</span> <span class='ocrx_word' id='word_1_844' title='bbox 1946 3125 1987 3171; x_wconf 86' lang='grc' dir='ltr'>γέ</span> <span class='ocrx_word' id='word_1_845' title='bbox 2004 3138 2079 3159; x_wconf 89' lang='grc' dir='ltr'>σου.</span> 
     </span>
     <span class='ocr_line' id='line_1_201' title="bbox 1342 3173 2197 3222; baseline 0.001 -13"><span class='ocrx_word' id='word_1_846' title='bbox 1342 3174 1514 3220; x_wconf 79' lang='grc' dir='ltr'>σκέψασθ’</span> <span class='ocrx_word' id='word_1_847' title='bbox 1534 3174 1552 3209; x_wconf 84' lang='grc' dir='ltr'><strong><em>ὃ</em></strong></span> <span class='ocrx_word' id='word_1_848' title='bbox 1569 3177 1646 3212; x_wconf 90' lang='grc' dir='ltr'>παῖς</span> <span class='ocrx_word' id='word_1_849' title='bbox 1662 3175 1737 3212; x_wconf 84' lang='grc' dir='ltr'>ποτ’</span> <span class='ocrx_word' id='word_1_850' title='bbox 1755 3175 1831 3212; x_wconf 77' lang='grc' dir='ltr'>οὖσ’</span> <span class='ocrx_word' id='word_1_851' title='bbox 1850 3175 1982 3222; x_wconf 79' lang='grc' dir='ltr'>ὕφασμ’</span> <span class='ocrx_word' id='word_1_852' title='bbox 1999 3173 2100 3222; x_wconf 83' lang='grc' dir='ltr'>ὕφην’</span> <span class='ocrx_word' id='word_1_853' title='bbox 2121 3175 2197 3221; x_wconf 82' lang='grc' dir='ltr'>ἐγώ.</span> 
     </span>
     <span class='ocr_line' id='line_1_202' title="bbox 1337 3228 2048 3275; baseline 0.003 -14"><span class='ocrx_word' id='word_1_854' title='bbox 1337 3228 1436 3262; x_wconf 88' lang='grc' dir='ltr'>ποῖόν</span> <span class='ocrx_word' id='word_1_855' title='bbox 1451 3241 1506 3267; x_wconf 87' lang='grc' dir='ltr'>τι,·</span> <span class='ocrx_word' id='word_1_856' title='bbox 1532 3229 1647 3263; x_wconf 83' lang='grc' dir='ltr'>πολλὰ</span> <span class='ocrx_word' id='word_1_857' title='bbox 1663 3229 1836 3275; x_wconf 85' lang='grc' dir='ltr'>παρθένων</span> <span class='ocrx_word' id='word_1_858' title='bbox 1852 3228 2048 3273; x_wconf 82' lang='grc' dir='ltr'>ὑφάσματα.</span> 
     </span>
    </p>

    <p class='ocr_par' dir='ltr' id='par_1_120' title="bbox 1339 3276 2125 3430">
     <span class='ocr_line' id='line_1_203' title="bbox 1339 3276 2042 3326; baseline 0.003 -14"><span class='ocrx_word' id='word_1_859' title='bbox 1339 3279 1379 3312; x_wconf 79' lang='grc' dir='ltr'>οὐ</span> <span class='ocrx_word' id='word_1_860' title='bbox 1395 3280 1527 3320; x_wconf 90' lang='grc' dir='ltr'>τέλεον,</span> <span class='ocrx_word' id='word_1_861' title='bbox 1546 3276 1616 3315; x_wconf 85' lang='grc' dir='ltr'>οἷον</span> <span class='ocrx_word' id='word_1_862' title='bbox 1634 3280 1664 3315; x_wconf 91' lang='grc' dir='ltr'>δ’</span> <span class='ocrx_word' id='word_1_863' title='bbox 1684 3282 1864 3326; x_wconf 87' lang='grc' dir='ltr'>ἐκδίδαγμα</span> <span class='ocrx_word' id='word_1_864' title='bbox 1881 3280 2042 3325; x_wconf 80' lang='grc' dir='ltr'>κερκίδος.</span> 
     </span>
     <span class='ocr_line' id='line_1_204' title="bbox 1340 3331 2125 3377; baseline 0.004 -12"><span class='ocrx_word' id='word_1_865' title='bbox 1340 3331 1475 3377; x_wconf 83' lang='grc' dir='ltr'>μορφὴν</span> <span class='ocrx_word' id='word_1_866' title='bbox 1492 3332 1571 3377; x_wconf 80' lang='grc' dir='ltr'>ἔχον</span> <span class='ocrx_word' id='word_1_867' title='bbox 1589 3332 1674 3372; x_wconf 83' lang='grc' dir='ltr'>τίν’,·</span> <span class='ocrx_word' id='word_1_868' title='bbox 1701 3333 1744 3369; x_wconf 82' lang='grc' dir='ltr'>ὥς</span> <span class='ocrx_word' id='word_1_869' title='bbox 1761 3347 1803 3377; x_wconf 91' lang='grc' dir='ltr'>με</span> <span class='ocrx_word' id='word_1_870' title='bbox 1820 3332 1865 3377; x_wconf 90' lang='grc' dir='ltr'>μὴ</span> <span class='ocrx_word' id='word_1_871' title='bbox 1883 3331 1984 3375; x_wconf 86' lang='grc' dir='ltr'>ταύτῃ</span> <span class='ocrx_word' id='word_1_872' title='bbox 2002 3331 2125 3376; x_wconf 80' lang='grc' dir='ltr'>λάβῃς.</span> 
     </span>
     <span class='ocr_line' id='line_1_205' title="bbox 1340 3382 2064 3430; baseline 0.003 -14"><span class='ocrx_word' id='word_1_873' title='bbox 1340 3384 1455 3429; x_wconf 83' lang='grc' dir='ltr'>Γοργὼ</span> <span class='ocrx_word' id='word_1_874' title='bbox 1471 3385 1532 3428; x_wconf 80' lang='grc' dir='ltr'>μὲν</span> <span class='ocrx_word' id='word_1_875' title='bbox 1550 3384 1585 3418; x_wconf 86' lang='grc' dir='ltr'>ἐν</span> <span class='ocrx_word' id='word_1_876' title='bbox 1600 3384 1758 3429; x_wconf 88' lang='grc' dir='ltr'>μέσοισιν</span> <span class='ocrx_word' id='word_1_877' title='bbox 1774 3382 1899 3430; x_wconf 80' lang='grc' dir='ltr'>ἠτρίοις</span> <span class='ocrx_word' id='word_1_878' title='bbox 1914 3384 2064 3419; x_wconf 78' lang='grc' dir='ltr'>πεπλων.</span> 
     </span>
    </p>

    <p class='ocr_par' dir='ltr' id='par_1_121' title="bbox 1341 3435 2021 3483">
     <span class='ocr_line' id='line_1_206' title="bbox 1341 3435 2021 3483; baseline 0.006 -16"><span class='ocrx_word' id='word_1_879' title='bbox 1341 3450 1366 3468; x_wconf 94' lang='grc' dir='ltr'>ω</span> <span class='ocrx_word' id='word_1_880' title='bbox 1385 3437 1460 3474; x_wconf 86' lang='grc' dir='ltr'>Ζεῦ,</span> <span class='ocrx_word' id='word_1_881' title='bbox 1478 3436 1529 3471; x_wconf 88' lang='grc' dir='ltr'>τίς</span> <span class='ocrx_word' id='word_1_882' title='bbox 1545 3435 1630 3480; x_wconf 78' lang='grc' dir='ltr'>ἡμᾶς</span> <span class='ocrx_word' id='word_1_883' title='bbox 1648 3437 1856 3483; x_wconf 86' lang='grc' dir='ltr'>ἐκκυνηγετεῖ</span> <span class='ocrx_word' id='word_1_884' title='bbox 1869 3436 2021 3480; x_wconf 87' lang='grc' dir='ltr'>πότμος,·</span> 
     </span>
    </p>
   </div>
   <div class='ocr_carea' id='block_1_85' title="bbox 1338 3484 2092 3574">
    <p class='ocr_par' dir='ltr' id='par_1_122' title="bbox 1338 3484 2092 3574">
     <span class='ocr_line' id='line_1_207' title="bbox 1338 3484 2092 3574; baseline 0.004 -54"><span class='ocrx_word' id='word_1_885' title='bbox 1338 3486 1606 3574; x_wconf 59' lang='grc' dir='ltr'>κὲἷυρασπέδωται</span> <span class='ocrx_word' id='word_1_886' title='bbox 1623 3484 1652 3525; x_wconf 85' lang='grc' dir='ltr'>δ’</span> <span class='ocrx_word' id='word_1_887' title='bbox 1672 3487 1797 3536; x_wconf 77' lang='grc' dir='ltr'>ὄφεσιν</span> <span class='ocrx_word' id='word_1_888' title='bbox 1813 3487 1941 3537; x_wconf 84' lang='grc' dir='ltr'>αῖγίδος</span> <span class='ocrx_word' id='word_1_889' title='bbox 1957 3487 2092 3535; x_wconf 81' lang='grc' dir='ltr'>τρόπον.</span> 
     </span>
     <span class='ocr_line' id='line_1_208' title="bbox 1339 3552 1350 3573; baseline 0 0"><span class='ocrx_word' id='word_1_890' title='bbox 1339 3552 1350 3573; x_wconf 91' lang='grc' dir='ltr'>ι</span> 
     </span>
    </p>
   </div>
   <div class='ocr_carea' id='block_1_86' title="bbox 2196 2039 2272 2073">
    <p class='ocr_par' dir='ltr' id='par_1_123' title="bbox 2196 2039 2272 2073">
     <span class='ocr_line' id='line_1_209' title="bbox 2196 2039 2272 2073; baseline 0.013 -1"><span class='ocrx_word' id='word_1_891' title='bbox 2196 2039 2272 2073; x_wconf 83' lang='grc'>1395</span> 
     </span>
    </p>
   </div>
   <div class='ocr_carea' id='block_1_87' title="bbox 2194 2302 2274 2332">
    <p class='ocr_par' dir='ltr' id='par_1_124' title="bbox 2194 2302 2274 2332">
     <span class='ocr_line' id='line_1_210' title="bbox 2194 2302 2274 2332; baseline -0.025 -7"><span class='ocrx_word' id='word_1_892' title='bbox 2194 2302 2274 2332; x_wconf 88' lang='lat'>¹400</span> 
     </span>
    </p>
   </div>
   <div class='ocr_carea' id='block_1_88' title="bbox 2193 2562 2270 2595">
    <p class='ocr_par' dir='ltr' id='par_1_125' title="bbox 2193 2562 2270 2595">
     <span class='ocr_line' id='line_1_211' title="bbox 2193 2562 2270 2595; baseline -0.013 -9"><span class='ocrx_word' id='word_1_893' title='bbox 2193 2562 2270 2595; x_wconf 77' lang='lat'>1405</span> 
     </span>
    </p>
   </div>
   <div class='ocr_carea' id='block_1_89' title="bbox 2195 2824 2273 2854">
    <p class='ocr_par' dir='ltr' id='par_1_126' title="bbox 2195 2824 2273 2854">
     <span class='ocr_line' id='line_1_212' title="bbox 2195 2824 2273 2854; baseline -0.013 -8"><span class='ocrx_word' id='word_1_894' title='bbox 2195 2824 2273 2854; x_wconf 74' lang='lat'><em>¹4¹0</em></span> 
     </span>
    </p>
   </div>
   <div class='ocr_carea' id='block_1_90' title="bbox 2194 3083 2271 3116">
    <p class='ocr_par' dir='ltr' id='par_1_127' title="bbox 2194 3083 2271 3116">
     <span class='ocr_line' id='line_1_213' title="bbox 2194 3083 2271 3116; baseline 0 -10"><span class='ocrx_word' id='word_1_895' title='bbox 2194 3083 2271 3116; x_wconf 83' lang='lat'><strong>¹4¹5</strong></span> 
     </span>
    </p>
   </div>
   <div class='ocr_carea' id='block_1_91' title="bbox 2194 3343 2276 3374">
    <p class='ocr_par' dir='ltr' id='par_1_128' title="bbox 2194 3343 2276 3374">
     <span class='ocr_line' id='line_1_214' title="bbox 2194 3343 2276 3374; baseline 0.024 -6"><span class='ocrx_word' id='word_1_896' title='bbox 2194 3343 2276 3374; x_wconf 77' lang='lat'>1420</span> 
     </span>
    </p>
   </div>
  </div>
 </body>
</html>
