2488 3860
681 962 1474 1016 ΑΡΙΣΤΟΦΑΝΟΤΣ
1548 927 1946 1011 ΕΙΡΗΝΗζ

654 1358 832 1388 ΟῙΚΕΤΑῙ
861 1358 900 1388 A.

401 1400 472 1450 Afp’
492 1400 564 1449 αἶρε
580 1403 686 1448 μᾶζαν
703 1403 748 1438 ὡς
765 1402 911 1447 τάχιστα
929 1399 1092 1446 κανθάρῳ.

332 1462 371 1492 Β.
400 1454 485 1491 ἰδού.
511 1456 569 1492 δὸς
586 1456 674 1502 αὐτῷ
691 1457 737 1502 τῷ
756 1453 881 1489 κάκιστ’
902 1451 1132 1500 ἀπολουμένῳ·

403 1509 456 1544 καὶ
473 1506 584 1554 μήποτ
611 1506 712 1550 αὐτῆς
728 1506 834 1551 μᾶζαν
850 1503 932 1549 ἡδίω
950 1504 1070 1549 φάγοι.

255 1569 312 1598 01.
333 1567 374 1596 A.
404 1562 460 1597 δὸς
477 1560 582 1606 μᾶζαν
600 1558 714 1604 ἑτέραν
732 1558 770 1602 ἐξ
787 1557 905 1592 ὀνίδων
921 1555 1172 1600 πεπλασμένην.

255 1463 311 1494 01.

255 1622 311 1651 01.
332 1620 372 1650 Β.
402 1612 474 1648 ἰδοὺ
492 1611 570 1658 μάλ’
589 1610 695 1647 αὖθις.
721 1612 788 1645 ποῦ
805 1610 871 1658 γὰρ
890 1606 929 1653 ἣν
947 1610 1005 1644 νῦν
1030 1606 1069 1651 δὴ
1085 1606 1220 1653 ’φερες;
1267 1621 1284 1655 5

355 1666 395 1702 οὔ
413 1666 601 1713 κατέφαγεν
615 1677 624 1705 ;

255 1724 311 1755 01.
330 1725 372 1756 A.
653 1717 699 1762 μὰ
716 1717 774 1751 τὸν
788 1714 856 1756 Δί’,
872 1714 950 1750 ἀλλ’
968 1715 1160 1761 ἐξαρπάσας

356 1770 438 1812 ὅλην
455 1770 599 1813 ἐνέκαψε
615 1768 836 1813 περικυλίσας
853 1770 924 1803 τοῖν
940 1768 1069 1803 ποδοῖν.

353 1821 430 1856 ἀλλ’
451 1822 495 1859 ὦς
512 1821 657 1869 τάχιστα
674 1822 771 1863 τρῖβε
787 1821 921 1857 πολλὰς
939 1821 991 1856 καὶ
1009 1818 1143 1855 πυκνάς.

254 1878 309 1908 01.
329 1878 369 1908 B.
397 1874 514 1919 ἅνδρες
531 1873 748 1918 κοπρολόγοι,
767 1870 1014 1917 προσλάβεσθε
1030 1872 1115 1917 πρὸς
1133 1870 1226 1911 θεῶν,

355 1925 384 1960 εἷ
400 1924 444 1970 μή
463 1940 505 1970 με
521 1923 690 1967 βούλεσθ’
710 1922 935 1970 ἀποπνιγέντα
951 1924 1121 1969 περιιδεῖν.

253 1983 310 2014 01.
330 1983 371 2013 A.
401 1978 515 2024 ἑτέραν
533 1977 647 2024 ἑτέραν
665 1977 722 2013 δὸς
738 1976 856 2011 παιδὸς
873 1975 1097 2021 ἡταιρηκότος·

354 2030 567 2077 τετριμμένης
583 2030 649 2077 γάρ
667 2030 776 2075 φησιν
793 2027 976 2070 ἐπιθυμεῖν.

253 2088 311 2119 ΟῙ.
331 2088 369 2119 Β.
982 2078 1067 2115 ἰδού.

354 2137 426 2172 ἑνὸς
442 2136 515 2181 μὲν,
536 2135 669 2182 ὦνδρες,
689 2133 925 2169 ἀπολελύσθαι
942 2147 999 2179 μοι
1018 2133 1115 2168 δοκῶ·

354 2189 462 2225 οὐδεὶς
478 2188 543 2235 γὰρ
561 2187 601 2222 ἂν
619 2187 703 2233 φαίη
721 2202 762 2232 με
779 2185 932 2232 μάττοντ’
952 2185 1089 2220 ἐσθίειν.

252 2246 309 2276 ΟῙ.
329 2246 371 2277 A.
398 2241 502 2284 αἶβοῖ,
523 2239 599 2287 φέρ’
618 2239 738 2284 ἄλλην,
756 2239 902 2286 χάτέραν
918 2253 975 2284 μοι
992 2237 1147 2285 χάτέραν,

354 2294 408 2330 καὶ
424 2292 513 2341 τρῖβ’
532 2292 583 2328 ἔθ’
604 2291 728 2339 ἑτέρας.

252 2351 310 2382 ΟῙ.
330 2352 369 2382 Β.

356 2399 396 2434 οὗ
412 2399 478 2447 γὰρ
496 2397 547 2434 ἔθ’
566 2395 636 2435 οἷός
653 2397 681 2433 τ’
701 2395 763 2443 εἴμ’
781 2397 957 2444 ὑπερέχειν
973 2398 1033 2443 τῆς
1049 2396 1198 2432 ἀντλίας.

354 2451 455 2497 αὐτὴν
472 2449 526 2499 ἄρ’
545 2449 630 2486 οἴσω
649 2451 836 2493 συλλαβὼν
852 2450 913 2495 τὴν
930 2449 1078 2485 ἀντλίαν.

1252 1936 1291 1959 10
1333 1930 1388 1961 01.
1412 1928 1453 1958 A.
1480 1926 1545 1971 ἐγὼ
1564 1926 1600 1960 δὲ
1618 1927 1676 1960 τὸν
1693 1928 1799 1972 λόγον
1815 1940 1855 1972 γε
1873 1928 1964 1963 τοῖσι
1980 1925 2124 1962 παιδίοις

1252 2249 1288 2283 15

733 2345 780 2390 μὰ
797 2346 855 2380 τὸν
870 2344 1032 2380 Ἀπόλλω
1048 2343 1109 2391 ’γὼ
1126 2341 1187 2388 μὲν
1204 2343 1254 2378 οὔ·

253 2510 309 2541 01.
330 2510 372 2541 A.
401 2504 439 2549 νὴ
457 2506 516 2540 τὸν
533 2503 589 2539 Δί’
609 2504 643 2540 ἐς
661 2503 801 2550 κόρακάς
817 2517 869 2550 γε,
890 2503 943 2537 καὶ
962 2503 1087 2538 σαυτόν
1102 2517 1143 2550 γε
1159 2502 1255 2548 πρός.

253 2563 311 2594 01.
330 2563 369 2593 Β.
398 2558 489 2602 ὑμῶν
506 2557 545 2592 δέ
559 2555 590 2603 γ’
610 2554 642 2590 εἵ
656 2570 706 2592 τις
724 2552 786 2591 οἷδ’
806 2555 879 2600 ἐμοὶ
897 2555 1081 2590 κατειπάτω

349 2607 453 2644 πόθεν
471 2606 511 2642 ἂν
527 2606 685 2653 πριαίμην
702 2603 777 2651 ῥῖνα
794 2604 839 2649 μὴ
857 2603 1067 2650 τετρημένην.

350 2659 447 2695 οὐδὲν
463 2659 529 2706 γὰρ
547 2659 646 2706 ἔργον
662 2656 703 2702 ἦν
719 2656 771 2704 ἄρ’
789 2655 994 2702 ἀθλιώτερον

349 2711 370 2757 ἢ
389 2711 539 2759 κανθάρῳ
556 2712 723 2757 μάττοντα
739 2709 898 2755 παρέχειν
916 2706 1054 2743 ἐσθίειν.

349 2763 389 2801 ὗς
405 2764 466 2808 μὲν
482 2764 561 2811 γὰρ,
581 2764 697 2810 ὥσπερ
715 2762 756 2797 ἂν
773 2761 861 2809 χέσῃ
880 2775 942 2801 τις,
961 2758 981 2805 ἢ
1001 2758 1098 2799 κύων,

351 2814 493 2863 φαύλως
510 2816 639 2862 ἐρείδει·
669 2817 769 2850 τοῦτο
788 2814 815 2850 δ’
835 2814 901 2849 ὑπὸ
919 2810 1133 2859 φρονήματος

351 2866 550 2915 βρενθύεταί
566 2883 602 2902 τε
621 2869 674 2903 καὶ
691 2868 815 2913 φαγεῖν
832 2865 892 2900 οὐκ
909 2865 1011 2909 ἀξιοῖ,

353 2920 394 2965 ἢν
411 2920 455 2965 μὴ
473 2920 611 2966 παραθῶ
629 2920 755 2966 τρίψας
772 2918 814 2954 δι’
833 2917 956 2964 ἡμέρας
974 2916 1055 2960 ὅλης

352 2973 469 3019 ὥσπερ
485 2973 614 3018 γυναικὶ
630 2970 804 3018 γογγύλην
819 2969 1041 3016 μεμαγμένην.

351 3024 430 3060 ἀλλ’
450 3023 478 3058 εἲ
495 3023 658 3059 πέπαυται
675 3026 734 3068 τῆς
753 3024 876 3067 ἐδωδῆς
894 3021 1068 3068 σκέψομαι

352 3077 428 3121 τῃδὶ
444 3076 607 3122 παροίξας
624 3077 682 3120 τῆς
699 3074 813 3122 θύρας,
832 3073 886 3110 ἵνα
902 3072 946 3119 μή
965 3072 998 3119 μ’
1016 3071 1085 3118 ἴδῃ.

352 3129 470 3175 ἔρειδε,
489 3127 534 3172 μὴ
552 3126 699 3162 παύσαιο
716 3126 874 3172 μηδέποτ’
894 3126 1018 3161 ἐσθίων

352 3181 435 3216 τέως
453 3179 515 3216 ἕως
533 3180 657 3214 σαυτὸν
674 3181 792 3217 λάθοις
809 3179 1008 3226 διαρραγείς.

353 3229 426 3268 οἷον
443 3233 480 3267 δὲ
498 3230 610 3277 κύψας
627 3233 645 3266 ὁ
664 3233 846 3277 κατάρατος
864 3231 983 3269 ἐσθίει,

356 3285 473 3331 ὥσπερ
485 3283 687 3328 παλαιστὴς,
705 3284 913 3328 παραβαλὼν
930 3282 1007 3318 τοὺς
1023 3281 1204 3327 γομφίους,

356 3337 411 3372 καὶ
427 3339 530 3372 ταῦτα
547 3335 606 3380 τὴν
624 3334 776 3381 κεφαλήν
793 3350 829 3369 τε
847 3336 899 3369 καὶ
917 3335 963 3369 τὼ
980 3335 1074 3380 χεῖρέ
1089 3349 1161 3371 πως

355 3389 416 3424 ὡδὶ
432 3388 610 3435 περιάγων,
631 3388 746 3433 ὥσπερ
763 3388 795 3421 οἱ
813 3388 854 3421 τὰ
873 3387 1008 3432 σχοινία

355 3442 398 3476 τὰ
414 3440 524 3486 παχέα
544 3440 801 3485 συμβάλλοντες
819 3439 866 3475 εἷς
882 3440 942 3475 τὰς
959 3439 1113 3476 ὁλκάδας.

354 3494 474 3540 μιαρὸν
490 3493 529 3527 τὸ
546 3494 660 3539 χρῆμα
676 3491 730 3526 καὶ
747 3492 916 3536 κάκοσμον
934 3492 987 3525 καὶ
1002 3492 1120 3538 βορὸν,

357 3545 468 3595 χῶτου
483 3544 558 3581 ποτ’
577 3544 652 3582 ἐστὶ
670 3543 832 3593 δαιμόνων
849 3543 868 3589 ἡ
886 3542 1068 3591 προσβολὴ

1247 2565 1288 2591 20

1248 2820 1286 2855 25

1243 3084 1287 3117 30

1245 3346 1285 3379 35

1336 1457 1393 1488 ΟῙ.

1333 2453 1397 2484 ΤΡ.

1440 1347 1500 1382 οὐκ
1517 1345 1593 1382 οἶδ’.
1623 1347 1816 1394 Αφροδίτης
1833 1347 1894 1393 μὲν
1909 1347 1976 1395 γὰρ
1993 1348 2034 1382 οὔ
2049 1361 2106 1392 μοι
2124 1348 2290 1393 φαίνεται,
2329 1361 2372 1392 4ο

1439 1400 1479 1434 οὐ
1495 1399 1561 1445 μὴν
1578 1399 1729 1446 Χαρίτων
1745 1414 1797 1447 γε.
1854 1405 1912 1435 01.
1932 1405 1972 1435 A.
2000 1401 2060 1435 τοῦ
2076 1400 2143 1448 γάρ
2160 1399 2253 1440 ἐστ’;

1413 1457 1452 1487 Β.
2110 1452 2170 1487 οὐκ
2187 1452 2264 1488 ἔσθ’
2282 1451 2371 1491 ὅπως

1437 1504 1527 1540 τοῦτ’
1546 1505 1621 1540 ἔστι
1639 1505 1678 1541 τὸ
1695 1506 1793 1553 τέρας
1810 1506 1849 1541 οὔ
1868 1506 1948 1542 Διὸς
1965 1505 2179 1548 καταιβάτου.

1437 1557 1557 1593 οὐκοῦν
1574 1557 1614 1592 ἂν
1631 1559 1691 1603 ἤδη
1710 1562 1775 1593 τῶν
1793 1558 1918 1594 θεατῶν
1934 1572 1985 1594 τις
2001 1557 2098 1606 λέγοι

1437 1611 1564 1646 νεανίας
1581 1611 1826 1658 δοκησίσοφος,
1845 1612 1885 1646 τὸ
1903 1611 1940 1646 δὲ
1956 1612 2094 1658 πρᾶγμα
2110 1610 2145 1646 τί
2157 1623 2167 1651 3

1436 1664 1455 1696 ὁ
1473 1663 1635 1710 κάνθαρος
1653 1664 1689 1698 δὲ
1706 1665 1792 1710 πρὸς
1807 1664 1862 1704 τί;
1892 1659 1961 1710 κᾷτ’
1980 1663 2069 1712 αὐτῷ
2084 1662 2116 1711 γ’
2135 1662 2217 1711 ἀνὴρ
2328 1676 2368 1710 45

1434 1714 1577 1751 Ἰωνικός
1594 1716 1644 1752 τίς
1662 1717 1751 1762 φησι
1768 1715 2053 1763 παρακαθήμενος·

1435 1768 1539 1803 δοκέω
1556 1769 1628 1813 μὲν,
1648 1769 1682 1805 ἐς
1700 1769 1838 1804 Κλέωνα
1856 1768 1944 1804 τοῦτ’
1964 1767 2152 1810 αἰνίττεται,

1436 1821 1481 1856 ὡς
1498 1822 1603 1857 κεῖνος
1620 1821 1777 1870 ἀναιδέως
1796 1822 1965 1866 σπατίλην
1982 1821 2101 1856 ἐσθίει.

1433 1873 1511 1908 ἀλλ’
1531 1873 1646 1908 εἰσιὼν
1662 1877 1709 1922 τῷ
1727 1874 1878 1922 κανθάρῳ
1897 1875 1997 1909 δώσω
2013 1876 2112 1909 πιεῖν.

2329 1938 2370 1972 50

1441 1977 1494 2011 καὶ
1512 1977 1622 2011 τοῖσιν
1639 1976 1806 2023 ἀνδρίοισι
1824 1976 1878 2011 καὶ
1895 1978 1965 2012 τοῖς
1982 1976 2124 2022 ἀνδράσι

1441 2029 1495 2064 καὶ
1508 2031 1578 2064 τοῖς
1596 2028 1833 2075 ὑπερτάτοισιν
1849 2028 2012 2074 ἀνδράσιν
2029 2028 2155 2074 φράσω

1440 2081 1494 2116 καὶ
1511 2083 1581 2117 τοῖς
1599 2081 1880 2128 ὑπερηνορέουσιν
1897 2081 1946 2115 ἔτι
1963 2079 2094 2116 τούτοις
2110 2081 2214 2125 μάλα.

1438 2135 1459 2168 ὁ
1477 2134 1643 2178 δεσπότης
1659 2148 1724 2178 μου
1741 2134 1890 2178 μαίνεται
1908 2133 2019 2168 καινὸν
2034 2133 2171 2179 τρόπον,

1438 2185 1503 2231 οὔχ
1521 2184 1622 2232 ὅνπερ
1640 2185 1744 2230 ὑμεῖς,
1764 2183 1843 2220 ἀλλ’
1861 2185 1974 2232 ἕτερον
1991 2186 2102 2220 καινὸν
2118 2186 2217 2222 πάνυ.
2334 2198 2371 2231 55

1438 2237 1480 2273 δι’
1499 2236 1622 2284 ἡμέρας
1637 2238 1703 2284 γὰρ
1721 2237 1769 2274 εἷς
1785 2239 1844 2272 τὸν
1861 2238 2001 2284 οὐρανὸν
2016 2237 2156 2279 βλέπων

1438 2290 1499 2326 ὡδὶ
1517 2290 1662 2335 κεχηνὼς
1678 2291 1882 2336 λοιδορεῖται
1898 2291 1946 2338 τῷ
1963 2290 2030 2330 Διὶ,

1438 2342 1492 2378 καί
1509 2343 1629 2388 φησιν,
1649 2341 1675 2376 ὦ
1693 2345 1767 2382 Ζεῦ,
1787 2342 1821 2378 τί
1835 2357 1919 2378 ποτε
1935 2340 2093 2385 βουλεύει
2109 2344 2238 2384 ποιεῖν;

1437 2394 1583 2430 κατάθου
1599 2395 1639 2430 τὸ
1657 2396 1795 2442 κόρημα·
1823 2394 1869 2440 μὴ
1886 2393 2007 2442 ’κκόρει
2025 2394 2085 2439 τὴν
2101 2394 2264 2431 Ἑλλάδα.

1436 2449 1474 2484 ἕα
1491 2448 1541 2484 ἔα.

2330 2451 2372 2484 60

1335 2506 1391 2535 01.
1411 2507 1452 2535 A.
1483 2499 1660 2547 σιγήσαθ’,
1680 2499 1725 2537 ὥς
1742 2500 1857 2546 φωνῆς
1873 2498 2004 2535 ἀκούειν
2019 2514 2077 2545 μοι
2094 2500 2193 2536 δοκῶ.

1333 2558 1396 2589 ΤΡ.

1334 2663 1390 2695 01.
1409 2663 1450 2695 A.
1479 2657 1569 2693 τοῦτ’
1587 2659 1663 2693 ἔστι
1679 2658 1772 2692 τουτὶ
1785 2658 1824 2692 τὸ
1842 2658 1941 2692 κακὸν
1957 2657 2034 2692 αὔθ’
2053 2658 2143 2705 οὑγὼ
2159 2657 2284 2706 ’Xe-you.

1435 2552 1461 2587 ὦ
1478 2555 1553 2593 Ζεῦ,
1572 2553 1606 2589 τί
1623 2552 1789 2599 δρασείεις
1805 2551 1887 2588 ποθ’
1907 2551 1999 2597 ἡμῶν
2015 2554 2074 2588 τὸν
2090 2554 2198 2594 λεὼν;

1434 2604 1554 2650 λήσεις
1572 2605 1714 2641 σεαυτὸν
1731 2605 1791 2641 τὰς
1806 2606 1924 2641 πόλεις
1941 2605 2144 2642 ἐκκοκκίσας.

1434 2712 1474 2746 τὸ
1490 2711 1556 2758 γὰρ
1573 2710 1783 2758 παράδειγμα
1799 2713 1866 2745 τῶν
1882 2713 2006 2754 μανιῶν
2022 2709 2168 2746 ἀκούετε·
2325 2713 2366 2756 65

1433 2763 1456 2798 ἃ
1473 2762 1501 2799 δ’
1521 2760 1593 2799 εἶπε
1609 2766 1743 2810 πρῶτον
1759 2760 1842 2806 ἡνίκ’
1863 2762 1983 2808 ἤρχεθ’
2002 2762 2022 2807 ἦ
2040 2762 2142 2808 χολὴ.

1432 2814 1615 2852 πεύσεσθ’.
1635 2816 1767 2861 ἔφασκε
1783 2815 1850 2861 γὰρ
1866 2816 1951 2861 πρὸς
1968 2815 2068 2850 αὑτὸν
2085 2815 2209 2851 ἐνθαδί·

1432 2871 1505 2905 πῶς
1521 2868 1562 2904 ἅν
1577 2866 1652 2904 ποτ’
1670 2867 1852 2914 ἀφικοίμην
1869 2867 1910 2903 ἂν
1926 2867 2006 2902 εὐθὺ
2022 2870 2082 2903 τοῦ
2100 2869 2200 2909 Aust:

1432 2921 1546 2956 ἔπειτα
1561 2921 1671 2956 λεπτὰ
1688 2920 1845 2965 κλιμάκια
1861 2918 2069 2965 ποιούμενος,

1433 2974 1518 3019 πρὸς
1535 2972 1625 3008 ταῦτ’
1644 2971 1831 3018 ἀνερριχᾶτ’
1850 2972 1890 3007 ἂν
1907 2971 1954 3008 εἷς
1971 2973 2029 3008 τὸν
2046 2972 2196 3019 οὗρανὸν,

1433 3025 1495 3062 ἕως
1513 3025 1690 3072 ξυνετρίβη
1708 3026 1767 3069 τῆς
1786 3025 1936 3070 κεφαλῆς
1954 3025 2157 3072 καταρρυείς.

1432 3077 1530 3123 ε’χθὲς
1547 3078 1584 3112 δὲ
1600 3077 1684 3123 μετὰ
1701 3075 1791 3111 ταῦτ’
1811 3076 1989 3123 ἐκφθαρεὶς
2006 3077 2066 3112 οὐκ
2083 3091 2116 3112 οι
2139 3075 2147 3088 ’
2167 3075 2255 3112 ὅποι”

1432 3128 1586 3176 εἰσήγαγ’
1605 3129 1759 3165 Αἰτναῖον
1775 3128 1938 3176 μέγιστον
1955 3129 2128 3176 κάνθαρον,

1431 3181 1568 3217 κᾶπειτα
1585 3183 1704 3217 τοῦτον
1722 3181 1917 3226 ἱπποκομεῖν
1932 3179 1967 3226 μ’
1984 3179 2181 3227 ἠνάγκασεν,

1431 3234 1549 3270 καύτὸς
1566 3234 1728 3281 καταψῶν
1744 3233 1845 3270 αὐτὸν
1862 3233 1979 3280 ὥσπερ
1995 3233 2136 3273 πωλίον,
2323 3244 2364 3281 55

1429 3285 1456 3320 ὦ
1474 3287 1650 3333 Πηγάσιόν
1665 3286 1725 3331 μοι’
1739 3286 1841 3332 φησι,
1859 3287 2009 3332 γενναῖον
2024 3286 2159 3332 πτερὸν,

1429 3338 1520 3374 ὅπως
1536 3337 1677 3383 πετήσει
1693 3338 1727 3383 μ’
1747 3337 1826 3372 εὐθὺ
1842 3339 1906 3372 τοῦ
1924 3339 2004 3373 Διὸς
2019 3338 2148 3380 λαβών.

1428 3389 1507 3425 ἀλλ’
1526 3390 1546 3425 ὅ
1562 3405 1595 3425 τι
1611 3393 1702 3426 ποιεῖ
1716 3390 1791 3435 τῃδὶ
1809 3388 1975 3436 διακύψας
1991 3388 2134 3435 ὄψομαι.

1429 3440 1518 3486 οἴμοι
1535 3444 1651 3479 τάλας·
1670 3441 1722 3478 ἴτε
1739 3443 1837 3489 δεῦρο
1855 3440 1956 3488 δεῦρ’,
1975 3440 2002 3476 ὅ
2017 3441 2177 3488 γείτονες’

1429 3509 1448 3529 ο
1466 3494 1633 3539 δεσπότης
1649 3495 1716 3541 γάρ
1732 3508 1797 3539 μου
1813 3493 1979 3540 μετέωρος
1995 3491 2120 3539 αἴρεται

1429 3546 1572 3592 ἱππηδὸν
1589 3546 1636 3584 εἷς
1653 3547 1711 3582 τὸν
1727 3545 1795 3593 ἀέρ’
1815 3545 1870 3583 ἐπὶ
1886 3547 1947 3583 τοῦ
1963 3544 2139 3590 κανθάρου.

2326 2985 2367 3019 7ο
