2488 3860
164 1359 232 1390 ΑΔ.

1066 246 1229 298 num
1242 251 1370 299 ΔΕΣ.

163 362 241 398 ΘΗ.
264 359 405 407 μέλλων
422 356 459 396 α’
479 360 614 408 ἐρωτᾶν,
633 360 715 406 ῆνίκ’
736 361 905 406 ἐξήντλεις
923 364 1056 411 στρατῷ

264 414 376 460 γόους,
393 412 531 458 ἀφήσω,
550 413 627 450 τοὺς
645 413 712 448 ἐκεῖ
728 415 789 458 μὲν
807 414 952 450 ἐκλιπὼν

263 465 298 502 ἐς
314 465 356 500 τὰ
374 465 420 500 σά
436 479 478 511 γε
494 464 629 510 μύθους·
658 469 715 500 νῦν
732 466 760 501 δ’
771 465 966 513 Ἀδραστον
984 467 1118 514 ἱστορῶ·
1137 472 1200 511 84ο

264 516 369 553 πόθεν
384 517 462 552 ποθ’
480 516 550 552 οἵδε
566 518 758 564 διαπρεπεῖς
776 518 927 565 εὐψυχίᾳ

264 569 391 614 θνητῶν
408 570 563 615 ἔφυσαν,·
591 570 665 605 εἰπέ
680 570 726 616 γ’,
746 571 790 606 ὡς
808 571 1015 618 σοφώτερος,

265 623 391 657 νέοισιν
409 622 521 656 ὀστῶν
537 620 648 656 τῶνδ’·
677 622 868 667 ἐπιστήμων
884 623 950 669 γὰρ
969 621 1010 658 εἷ.

265 671 354 708 εἶδον
370 674 436 719 γὰρ
453 674 561 708 αὐτῶν
578 673 750 720 κρείσσον’
769 674 789 719 ἦ
806 674 904 718 λέξαι
921 676 1015 723 λόγῳ

265 723 466 770 τολμήμαθ’,
485 723 536 762 οἷς
553 727 694 770 ἤλπιζον
711 726 862 772 αἱρήσειν
878 728 988 762 πόλιν.

266 777 301 812 ἓν
319 776 349 811 δ’
368 777 428 811 οὐκ
446 777 609 823 ἐρήσομαί
626 792 680 818 σε,
699 779 744 823 μὴ
761 777 883 825 γέλωτ’
903 779 1015 824 ὄφλω,

267 829 332 876 ὅτῳ
350 829 493 873 ξυνέστη
511 829 606 864 τῶνδ’
625 830 766 866 ἕκαστος
784 832 820 865 ἐν
835 832 938 876 μάχῃ,

265 881 284 926 ἢ
303 884 431 928 τραῦμα
447 882 577 927 λόγχης
593 883 764 927 πολεμίων
782 882 927 926 ἐδέξατο.

267 934 354 968 κενοὶ
370 933 436 981 γὰρ
454 932 545 968 οὗτοι
562 937 628 968 τῶν
644 931 675 968 τ’
695 934 881 970 ἀκουόντων
896 935 995 981 λόγοι

266 987 319 1021 καὶ
336 988 396 1022 τοῦ
412 986 583 1032 λέγοντος,
597 985 692 1023 ὅστις
710 987 745 1022 ἐν
762 987 853 1032 μάχῃ
871 987 985 1029 βεβὼς

263 1041 393 1084 λόγχης
411 1036 527 1083 ἰούσης
543 1038 695 1084 πρόσθεν
712 1038 868 1084 ὀμμάτων
883 1041 1007 1084 πυκνῆς

267 1092 388 1137 σαφῶς
405 1089 584 1137 ἀπήγγειλ’
603 1090 698 1127 ὅστις
717 1092 810 1126 ἐστὶν
826 1090 962 1137 ἀγαθός.

266 1143 325 1178 οὐκ
342 1142 383 1177 ἂν
400 1143 517 1187 δυναίμ
493 1156 558 1229 μέν
574 1142 642 1177 οὔτ’
662 1142 828 1189 ἐρωτῆσαι
845 1143 924 1178 τάδε

276 3547 426 3588 πολλοὺς
444 3547 473 3584 δ’
492 3547 635 3595 &pem-ac
652 3548 738 3584 κᾶπὸ
755 3538 935 3592 efflei-310⁴*
914 3548 999 3585 oea&

1345 363 1442 409 ἔχων,
1463 361 1622 409 ἐφρούρει
1639 363 1741 408 μηδὲν
1759 363 2005 410 ἐξαμαρτάνειν.
2218 378 2276 410 900

1346 415 1475 452 Τυδέως
1493 413 1521 449 δ’
1540 416 1674 450 ἔπαινον
1692 416 1726 449 ἐν
1742 417 1866 462 βραχεῖ
1883 415 1977 460 θήσω
1994 415 2108 463 μέγαν·

1346 467 1406 501 οὒκ
1424 468 1459 502 ἐν
1474 469 1592 514 λόγοις
1609 460 1650 511 ἦν
1666 468 1831 514 λαμπρὸς,
1851 466 1932 502 ἀλλ’
1952 469 1987 503 ἐν
2004 468 2133 504 ἀσπίδι·

1352 517 1475 564 [δεινὸς
1492 519 1664 566 σοφιστὴς
1680 520 1796 554 πολλά
1812 518 1840 554 τ’
1860 519 2006 567 ἐξευρεῖν
2023 514 2153 567 σοφά.]

1346 572 1459 616 γνώμῃ
1479 571 1507 605 δ’
1527 572 1683 617 ἀδελφοῦ
1701 572 1901 619 Μελεάγρου
1918 571 2145 618 λελειμμένος,

1345 622 1424 657 ἴσον
1439 624 1612 669 παρέσχεν
1629 623 1732 668 ὄνομα
1749 623 1803 658 διὰ
1820 622 1938 669 τέχνης
1955 624 2063 670 δορὸς,

1347 675 1452 720 εὑρὼν
1465 674 1588 721 ἀκριβῆ
1607 675 1771 720 μουσικὴν
1789 676 1824 710 έν
1842 675 1973 710 ἀσπίδι·

1350 722 1552 773 [φιλότιμον
1567 726 1659 771 ἦθος,
1678 726 1846 762 πλούσιον
1863 728 2020 774 φρόνημα
2038 728 2074 762 δέ

1348 779 1384 812 ἐν
1403 781 1514 813 τοῖσιν
1531 780 1651 825 ἔργοις,
1671 780 1748 825 οὐχὶ
1765 781 1836 816 τοῖς
1853 781 1971 826 λόγοις
1988 776 2097 828 ἴσον]

1349 832 1385 865 ἐκ
1402 832 1506 866 τῶνδε
1522 831 1566 875 μὴ
1587 830 1730 874 θαύμαζε
1747 834 1813 866 τῶν
1830 832 2019 879 εἰρημένων,

1349 886 1473 927 Θησεῦ,
1487 885 1554 929 πρὸ
1571 882 1708 930 πύργων
1724 882 1848 919 τούσδε
1865 883 2034 930 τολμῆσαι
2053 883 2172 919 θανεῖν·
2218 897 2276 931 9ιίι

1346 936 1385 970 τὸ
1401 936 1468 982 γὰρ
1485 937 1651 982 τραφῆναι
1669 936 1713 980 μὴ
1732 940 1837 972 κακῶς
1855 937 1935 972 αἰδῶ
1953 937 2062 982 φέρει·

1349 987 1543 1032 αἰσχύνεται
1562 988 1598 1022 δέ
1616 986 1734 1034 τάγάθ’
1754 987 1907 1034 ἀσκήσας
1925 989 2005 1035 ἀνὴρ

1349 1041 1448 1075 κακὸς
1465 1040 1648 1083 κεκλῆσθαι
1665 1042 1731 1077 πᾶς
1748 1054 1809 1077 τις.
1847 1039 1867 1085 ἡ
1887 1040 1915 1076 δ’
1935 1041 2088 1087 εὐανδρία

1349 1092 1515 1135 διδακτὸν,
1536 1090 1629 1139 εἴπερ
1647 1094 1700 1128 καὶ
1718 1093 1850 1139 βρέφος
1867 1093 2059 1128 διδάσκεται

1347 1143 1461 1190 λέγειν
1478 1144 1609 1179 ἀκούειν
1627 1144 1658 1179 θ’
1678 1146 1724 1180 ὧν
1740 1145 1888 1190 μάθησιν
1905 1146 1964 1193 οὐκ
1982 1146 2065 1191 ἔχει.

2219 637 2278 670 905

2222 1159 2281 1191 9¹5

265 1194 333 1230 οὔτ’
351 1195 392 1230 ἃν
407 1194 512 1231 πιθέσ
534 1208 568 1230 αι
587 1196 678 1230 τοῖσι
695 1196 867 1260 τολμῶσιν
882 1195 1006 1242 λέγειν·
1349 1194 1371 1230 ἃ
1389 1196 1419 1231 δ’
1439 1196 1479 1231 ἂν
1495 1197 1585 1242 μάθῃ
1603 1211 1665 1237 τις,
1684 1199 1787 1232 ταῦτα
1805 1197 1975 1243 σώζεσθαι
1994 1199 2092 1243 φιλεῖ

264 1248 361 1292 μόλις
379 1248 445 1294 γὰρ
463 1247 504 1282 ἅν
520 1261 570 1283 τις
587 1248 670 1282 αὐτὰ
687 1246 856 1291 τάναγκαῖ’
876 1249 958 1294 ὁρᾶν
1138 1254 1199 1293 855
1347 1250 1432 1294 πρὸς
1447 1250 1563 1295 γῆρας.
1601 1247 1686 1284 οὕτω
1703 1250 1824 1286 παῖδας
1841 1248 1879 1284 εὖ
1895 1249 2105 1286 παιδεύσετε.

265 1298 387 1335 δύναιτ’
407 1299 448 1335 ἂν
465 1299 572 1336 έστὼς
588 1299 763 1344 πολεμίοις
781 1299 934 1335 εναντίος.
1245 1305 1318 1335 ΧΟ.
1347 1300 1386 1334 ἰὼ
1405 1300 1528 1342 τέκνον,
1549 1302 1699 1347 δυστυχῆ
1718 1298 1755 1337 σ’

265 1351 364 1387 ἄκουε
382 1350 422 1396 δή
441 1347 510 1387 νυν.
548 1353 602 1387 καὶ
619 1353 686 1398 γὰρ
707 1352 766 1387 οὐκ
785 1351 898 1387 ἄκοντί
913 1364 970 1397 μοι
1348 1353 1501 1398 ἔτρεφον,
1521 1355 1644 1400 ἔφερον
1660 1354 1720 1400 ὑφ’
1739 1354 1863 1399 ἥπατος

264 1404 364 1441 δίδως
381 1405 516 1439 ἔπαινον
533 1404 579 1439 ὧν
596 1405 703 1452 ἔγωγε
719 1403 889 1448 βούλομαι
1349 1406 1471 1441 πόνους
1489 1404 1660 1452 ἐνεγκοῦσ’
1680 1406 1716 1441 ἐν
1734 1407 1832 1442 ὦδῖσι
1871 1407 1925 1442 καὶ
1943 1410 2000 1443 νῦν
2223 1421 2281 1452 920

264 1457 380 1503 φίλων
396 1455 507 1502 ἀληθῆ
527 1458 581 1492 καὶ
599 1455 697 1492 δίκαι’
717 1457 822 1492 εἰπεῖν
837 1456 923 1502 πέρι.
1344 1456 1461 1493 Ἀιδας
1479 1458 1538 1493 τὸν
1556 1458 1634 1503 ἐμὸν
1651 1460 1722 1505 ἕχει

265 1512 346 1556 ὁρᾷς
363 1510 402 1544 τὸ
420 1509 492 1545 δῖον
509 1508 549 1544 οὗ
566 1509 677 1551 βέλος
695 1508 850 1544 διέπτατο
861 1522 874 1548 ,·
1139 1514 1202 1546 860
1349 1509 1478 1555 μόχθον
1495 1510 1625 1551 ἀθλίας,
1646 1512 1711 1558 ἐγὼ
1730 1511 1766 1546 δὲ

267 1561 438 1597 Καπανεὺς
456 1560 506 1597 ὅδ’
526 1561 630 1597 ἐστίν·
658 1558 686 1609 ᾦ
698 1560 777 1602 βίος
792 1561 854 1606 μὲν
870 1558 912 1604 ἦν
927 1561 1044 1603 πολὺς,
1348 1563 1563 1608 γηροβοσκὸν
1580 1563 1639 1598 οὐκ
1658 1564 1725 1610 ἔχω

263 1614 384 1658 ἥκιστα
402 1612 434 1648 δ’
453 1613 552 1662 ὄλβῳ
568 1616 692 1660 γαῦρος
708 1612 758 1657 ἦν·
785 1613 942 1660 φρόνημα
959 1613 995 1648 δὲ
1347 1611 1480 1649 τεκοῦσ’
1501 1617 1523 1649 ἁ
1539 1616 1679 1651 τάλαινα
1695 1616 1807 1652 παῖδα.

266 1666 362 1702 οὐδέν
378 1680 411 1701 τι
427 1667 540 1711 μεῖζον
557 1662 648 1711 εἶχεν
664 1664 685 1710 ἢ
702 1666 802 1710 πένης
819 1664 912 1711 ἀνὴρ,
965 1675 968 1677 ’
1247 1670 1324 1702 ΘΗ.
1346 1667 1399 1701 καὶ
1415 1666 1481 1712 μὴν
1497 1669 1556 1702 τὸν
1574 1669 1734 1705 Οἰκλέους
1750 1682 1791 1714 γε
1807 1669 1957 1715 γενναῖον
1973 1669 2070 1703 τόκον
2225 1682 2261 1714 9²
2267 1680 2281 1713 5

265 1718 402 1766 φεύγων
418 1717 594 1765 τραπέζαις
611 1718 707 1755 ὅστις
725 1717 886 1764 ἐξογκοῖτ’
905 1717 990 1765 ὅγαν
1350 1719 1421 1754 θεοὶ
1439 1718 1532 1763 ζῶντ’
1552 1720 1799 1768 ἀναρπάσαντες
1818 1722 1851 1757 ἐς
1867 1721 1994 1766 μυχοὺς
2010 1720 2131 1766 χθονὸς

265 1768 437 1818 τάρκοῦντ’
457 1769 586 1814 ἀτίζων·
613 1770 652 1806 οὐ
669 1772 735 1818 γὰρ
753 1771 789 1805 ἐν
804 1771 953 1817 γαστρὸς
969 1769 1058 1818 βορᾷ
1139 1777 1200 1820 865
1350 1772 1460 1808 αὐτοῖς
1477 1772 1671 1820 τεθρίπποις
1688 1774 1889 1821 εὐλογοῦσιν
1907 1773 2071 1818 ἐμφανῶς·

265 1825 304 1858 τὸ
321 1824 473 1871 χρηστὸν
490 1820 584 1866 εἶναι,
602 1824 720 1871 μέτρια
737 1822 766 1859 δ’
785 1822 936 1870 ἐξαρκεῖν
951 1822 1029 1870 ἔφη.
1348 1825 1407 1859 τὸν
1425 1825 1566 1860 Οἰδίπου
1584 1827 1620 1861 δέ
1637 1827 1750 1866 παῖδα,
1769 1825 1955 1870 Πολυνείκη
1972 1825 2077 1872 λέγω,

266 1876 384 1923 φίλοις
400 1873 430 1911 τ’
446 1875 573 1920 ἀληθής
589 1873 630 1921 ἦν
646 1875 751 1922 φίλος
767 1875 917 1924 παροῦσί
932 1890 969 1911 τε
1350 1877 1444 1922 ἡμεῖς
1461 1878 1692 1915 ἐπαινέσαντες
1710 1879 1749 1913 οὐ
1766 1877 1965 1925 ψευδοίμεθ’
1981 1878 2034 1918 ἄν.

243 1946 256 1948 v
267 1930 321 1964 καὶ
337 1928 382 1974 μὴ
398 1931 575 1975 παροῦσιν·
603 1925 648 1963 ὧν
665 1928 803 1975 ἀριθμὸς
820 1929 859 1963 οὔ
876 1927 992 1965 πολύς.
1350 1929 1445 1974 ξένος
1460 1931 1526 1977 γὰρ
1543 1929 1584 1974 ἢν
1599 1946 1668 1976 μοι,
1687 1932 1766 1977 πρὶν
1782 1931 1891 1966 λιπὼν
1909 1930 2043 1975 Κάδμου
2061 1930 2162 1964 πόλιν
2222 1943 2241 1975 9
2245 1944 2286 1974 50

267 1981 415 2028 ἀψευδές
431 1978 522 2025 ἦθος,
541 1979 794 2028 εὐπροσήγορον
811 1983 932 2026 στόμα,
1351 1984 1444 2029 φυγῇ
1462 1983 1547 2029 πρὸς
1556 1981 1684 2031 Ἀργος
1702 1984 1876 2025 διαβαλεῖν
1894 1982 2095 2028 αὐθαίρετος.

267 2034 427 2080 ἄκραντον
444 2033 541 2068 οὐδὲν
557 2031 626 2068 offi’
646 2034 680 2069 ἐς
697 2033 824 2069 οἰκέτας
841 2034 928 2079 ἔχων
1141 2040 1204 2081 870‘
1351 2034 1432 2069 ἀλλ’
1451 2032 1542 2070 οἶσθ’
1562 2035 1581 2070 ὃ
1600 2036 1681 2082 δρᾶν
1698 2051 1741 2071 σε
1755 2034 1923 2080 βούλομαι
1939 2034 2065 2069 τούτων
2081 2033 2158 2080 πέρι
2173 2046 2182 2074 ;

268 2084 338 2120 οὔτ’
357 2086 391 2122 ἐς
406 2085 559 2122 πολίτας.
596 2085 655 2121 τὸν
669 2085 707 2120 δέ
724 2085 879 2132 δεύτερον
894 2085 998 2132 λέγω,
1248 2091 1318 2120 ΑΔ.
1350 2087 1409 2122 οὐκ
1427 2084 1501 2122 οἴδα
1518 2088 1608 2133 πλὴν
1626 2087 1671 2132 ἓν,
1691 2090 1787 2123 σοῖσι
1804 2085 1981 2123 πείθεσθαι
1998 2087 2124 2133 λόγοις.

266 2136 454 2179 Ἐτέοκλον,
473 2137 583 2182 ἄλλην
598 2138 798 2185 χρηστότητ’
817 2136 995 2182 ἠσκηκότα·
1249 2142 1327 2174 ΘΗ.
1347 2141 1405 2174 τὸν
1421 2141 1483 2184 μὲν
1500 2142 1579 2176 Διὸς
1595 2140 1766 2186 πληγέντα
1783 2139 1936 2175 Καπανέα
1952 2140 2033 2186 πυρὶ

268 2199 395 2227 νεανιας
412 2187 463 2234 ἢν,
482 2191 529 2238 τῷ
547 2190 614 2237 βίῳ
631 2190 692 2235 μὲν
709 2190 831 2234 ἐνδεὴς,
1250 2197 1316 2225 ΑΔ.
1347 2189 1366 2235 ἢ
1384 2193 1489 2239 χωρὶς
1507 2194 1578 2239 ἶρὸν
1596 2193 1640 2228 ὡς
1657 2193 1771 2239 νεκρὸν
1789 2192 1899 2239 θάψαι
1918 2190 2050 2231 θέλεις;
2223 2203 2262 2235 93
2268 2202 2283 2234 5

267 2242 432 2279 πλείστας
449 2241 486 2278 δὲ’
503 2242 600 2287 τιμὰς
616 2240 692 2287 ἔσχ’
712 2241 748 2276 ἐν
763 2241 899 2288 Ἀργείᾳ
915 2239 1026 2287 χθονί.
1249 2248 1323 2278 ΘΗ.
1344 2245 1406 2279 ναί·
1433 2245 1511 2280 τοὺς
1528 2245 1567 2279 δέ
1581 2245 1612 2291 γ’
1633 2245 1759 2281 ἄλλους
1775 2245 1900 2280 πάντας
1917 2244 1953 2278 ἐν
1968 2247 2026 2289 μιᾷ
2042 2244 2143 2290 πυρᾷ.

268 2295 382 2342 φίλων
399 2291 435 2329 δέ
452 2295 584 2341 χρυσὸν
599 2295 764 2332 πολλάκις
781 2294 1007 2342 δωρουμένων,
1142 2301 1202 2343 875
1248 2300 1320 2331 ΑΔ.
1338 2298 1405 2332 ποῦ
1422 2296 1505 2341 δῆτα
1522 2296 1636 2341 θήσεις
1654 2299 1763 2342 μνῆμα
1778 2296 1864 2345 τῷδε
1880 2294 2053 2342 χωρίσαςς

269 2348 329 2382 οὐκ
347 2343 529 2390 εἰσεδέξατ’
548 2343 648 2386 οἷκον,
669 2347 758 2383 ὥστε
774 2347 852 2383 τοὺς
868 2349 1011 2394 τρόπους
1249 2354 1325 2384 ΘΗ.
1344 2349 1445 2383 αὐτοῦ
1461 2349 1539 2395 παρ’
1558 2348 1667 2385 οἴκους
1684 2348 1807 2384 τούσδε
1825 2347 2002 2393 συμπήξας
2018 2346 2137 2394 τάφον.

269 2398 410 2435 δούλους
426 2400 616 2445 παρασχεῖν
631 2401 811 2445 χρημάτων
829 2398 978 2445 ζευχθεὶς
996 2397 1071 2436 ῧπο.
1252 2406 1320 2436 ΑΔ.
1350 2401 1447 2438 οὗτος
1463 2402 1524 2445 μὲν
1541 2402 1603 2446 ἤδη
1622 2402 1751 2446 δμωσὶν
1769 2400 1808 2435 ἂν
1824 2400 1928 2446 μέλοι
1945 2403 2056 2436 πόνος.

268 2451 346 2488 τούς
362 2451 392 2486 τ’
412 2450 704 2498 ἐξαμαρτάνοντας,
723 2452 799 2497 οὐχὶ
816 2453 876 2497 τὴν
891 2453 1006 2495 πόλιν,
1250 2459 1326 2489 ΘΗ.
1345 2452 1422 2499 ἡμῖν
1439 2454 1478 2490 δέ
1492 2452 1527 2500 γ’
1547 2453 1625 2488 οἵδε·
1654 2454 1816 2499 στειχέτω
1835 2452 1864 2488 δ’
1883 2450 1970 2498 ἅχθη
1989 2455 2122 2498 νεκρῶν.
2224 2465 2286 2496 940

269 2501 414 2550 ἤχθαιρ’·
443 2503 516 2538 ἐπεί
531 2507 584 2538 τοι
602 2503 717 2539 κούδὲν
734 2504 822 2539 αἰτία
839 2505 950 2545 πόλις,
1248 2513 1318 2542 ΑΔ.
1346 2504 1404 2546 ἴτ’,
1424 2506 1450 2540 ὦ
1468 2507 1619 2541 τάλαιναι
1636 2508 1783 2552 μητέρες,
1802 2505 1924 2540 τέκνων
1940 2505 2054 2540 πελας.

270 2559 375 2591 Κακῶς
393 2553 544 2590 'thauma
561 2554 616 2590 διὰ
633 2555 837 2603 Κυβὲρνῆτην
854 2560 963 2594 Κακόν·
1141 2563 1204 2597 880
1249 2565 1324 2595 ΘΗ.
1349 2558 1473 2603 ἥκιστ’,
1486 2558 1670 2604 Ἀδραστε,
1690 2560 1788 2593 τοῦτο
1805 2557 2007 2604 πρόσφορον
2022 2556 2145 2603 λέγεις.

270 2611 289 2643 ὁ
306 2606 338 2643 δ’
357 2603 399 2643 αὖ
415 2606 526 2654 τρίτος
543 2606 638 2643 τῶνδ’
654 2605 860 2656 Ἱππομεδων
876 2607 1005 2646 τοιόσδ’
1026 2611 1102 2657 ἔφυ·
1248 2618 1317 2647 ΑΔ.
1349 2615 1421 2648 πῶς
1437 2612 1495 2647 τὰς
1512 2609 1674 2646 τεκούσας
1691 2611 1733 2648 οὗ,
1746 2610 1856 2657 χρεὼν
1872 2609 2008 2655 ψαῦσαι
2025 2608 2166 2648 τέκνων;

269 2662 347 2697 παῖς
365 2659 410 2695 ὢν
427 2658 587 2704 ἐτόλμησ’
607 2659 704 2699 εὗθῦς
721 2663 760 2698 οὗ
776 2665 861 2710 πρὸς
878 2662 997 2708 ἡδονὰς
1250 2670 1324 2700 ΘΗ.
1351 2662 1475 2698 ὄλοιντ’
1496 2663 1629 2698 ἰδοῦσαι
1646 2661 1762 2697 τούσδ’
1782 2663 1822 2697 ἂν
1839 2660 2093 2707 ἠλλοιωμένους·

270 2715 407 2758 μουσῶν
423 2711 620 2757 τραπέσθαι,
639 2716 725 2762 πρὸς
741 2716 779 2750 τὸ
796 2714 968 2760 μαλθακὸν
984 2714 1074 2760 βίου,
1351 2716 1465 2761 πικραὶ
1481 2717 1547 2761 γὰρ
1565 2714 1666 2761 ὄψεις
1682 2715 1774 2760 χᾶμα
1791 2715 1838 2762 τῷ
1854 2714 1944 2748 τελει
1963 2717 2095 2759 νεκρῶν.
2224 2726 2263 2758 94
2268 2725 2284 2756 5

271 2764 393 2812 ἀγροὺς
411 2764 447 2798 δε
465 2766 575 2810 ναίων,
594 2767 726 2813 σκληρὰ
744 2770 784 2811 τῇ
802 2765 908 2813 φύσει
927 2767 1038 2804 διδους
1351 2768 1384 2802 τί
1402 2768 1483 2811 δῆτα
1500 2766 1610 2811 λύπην
1626 2767 1745 2802 ταῖσδε
1761 2762 1959 2813 προσθεῖναι
1977 2765 2114 2805 θέλεις,·

272 2817 385 2862 ἔχαιρε
402 2819 486 2866 πρὸς
502 2817 724 2865 τάνδρεῖον,”
703 2834 738 2855 ες
754 2817 783 2854 τ’
801 2834 906 2883 αγρας
924 2819 982 2854 ἰὼν
1141 2825 1202 2867 885
1249 2826 1319 2856 ΑΔ.
1351 2822 1450 2864 νικᾷς.
1487 2819 1596 2864 μένειν
1611 2818 1677 2864 χρὴ
1695 2820 1876 2864 τλημόνως·
1901 2818 1996 2864 λέγει
2012 2818 2078 2864 γὰρ
2097 2815 2133 2851 εὖ

271 2867 386 2907 ἵπποις
402 2885 440 2905 τε
455 2870 583 2917 χαίρων
599 2870 683 2914 τόξα
699 2871 728 2906 τ’
747 2871 896 2907 ἐντείνων
912 2874 1037 2918 χεροῖν,
1352 2869 1493 2915 Θησεύς.
1531 2871 1610 2906 ὅταν
1627 2871 1664 2905 δὲ
1681 2869 1804 2906 τούσδε
1819 2869 2022 2917 προσθῶμεν
2038 2870 2129 2914 πυρὶ,

271 2925 370 2960 πόλει
386 2925 576 2988 παρασχεῖν
594 2926 692 2968 σῶμα
707 2922 876 2987 χρήσιμον
894 2922 1015 2959 θέλων.
1350 2923 1437 2958 ὀστᾶ
1453 2921 1677 2970 προσόξεσθ’.
1715 2922 1742 2958 ὦ
1759 2923 1964 2970 ταλαίπωροι
1981 2923 2125 2969 βροτῶν,

272 2977 292 3011 ὁ
308 2978 367 3020 τῆς
384 2977 525 3021 κυναγοῦ
544 2971 575 3010 δ’
595 2975 701 3012 ἄλλος
719 2973 922 3020 Ἀταλάντης
938 2977 1046 3022 γόνος,
1352 2976 1385 3010 τί
1403 2975 1529 3010 κτᾶσθε
1545 2976 1675 3021 λόγχας
1693 2977 1746 3023 καὶ
1764 2975 1833 3010 κατ’
1852 2974 2012 3019 ἀλλήλων
2031 2975 2156 3019 φόνους
2226 2984 2288 3017 950

272 3027 532 3075 Παρθενοπαῖος,
553 3024 640 3063 εἶδος
657 3027 873 3073 ἐξοχώτατος,
1352 3027 1489 3062 τίθεσθε
1501 3042 1513 3068 ,·
1538 3024 1726 3069 παύσασθ’,
1739 3028 1831 3063 ἀλλὰ
1847 3026 2008 3072 λήξαντες
2024 3028 2135 3061 πόνων

274 3075 396 3127 Ἀρκὰς
412 3079 473 3124 μὲν
489 3075 541 3123 ἦν,
560 3078 671 3114 ἐλθὸν
688 3079 716 3114 δ’
736 3077 788 3125 ἐπ’
808 3079 937 3127 Ἰνάχου
952 3079 1034 3127 ῥοᾶς
1142 3084 1205 3127 890
1353 3079 1438 3123 ἄστη
1458 3079 1653 3125 φυλάσσεθ’
1672 3079 1797 3126 ἥσυχοι
1814 3079 1889 3125 μεθ’
1908 3077 2058 3124 ἡσύχων.

271 3131 460 3168 παιδεύεται
480 3130 549 3166 κατ’
560 3130 697 3178 Ἄργος.
731 3131 908 3178 ἐκτραφεὶς
924 3128 956 3167 δ’
976 3133 1051 3174 ἐκεῖ,
1354 3131 1495 3178 σμικρὸν
1511 3132 1550 3166 τὸ
1567 3134 1679 3177 χρῆμα
1695 3134 1755 3166 τοῦ
1772 3132 1862 3174 βίου·
1889 3134 2006 3166 τοῦτον
2024 3130 2060 3164 δὲ
2076 3128 2142 3176 χρὴ

272 3187 405 3231 πρῶτον
420 3184 492 3229 με’ν,
511 3183 556 3220 ὧς
571 3184 637 3230 χρὴ
655 3183 733 3220 τοὺς
749 3186 980 3228 μετοικοῦντας
997 3184 1122 3229 ξένους,
1353 3184 1396 3219 ὣς
1413 3183 1524 3229 ῥᾷστα
1541 3184 1594 3217 καὶ
1610 3183 1656 3229 μὴ
1675 3184 1739 3219 σὺν
1750 3186 1864 3220 πόνοις
1882 3183 2062 3230 διεκπερᾶν.

272 3237 422 3283 λυπηρὸς
438 3236 498 3271 οὐκ
515 3234 564 3280 ἦν,
584 3233 654 3270 οὔδ’
674 3234 858 3281 ἐπίφθονος
874 3236 984 3278 πόλει,
1250 3241 1321 3270 ΧΟ.
1350 3235 1456 3270 οὐκέτ’
1476 3238 1635 3280 εὔτεκνος,
1655 3235 1760 3271 οὐκέτ’
1780 3238 1904 3281 εὔπαις,
2112 3246 2189 3280 στρ.
2228 3243 2286 3277 955

273 3285 345 3323 οὐδ’
366 3287 539 3334 ἐξεριστὴς
555 3290 621 3323 τῶν
637 3288 760 3334 λόγων,
779 3287 857 3322 ὅθεν
872 3287 980 3334 βαρῦς
1354 3285 1424 3321 οὐδ’
1445 3287 1598 3332 εὐτυχίας
1614 3287 1770 3333 μέτεστίν
1786 3303 1843 3333 μοι

272 3339 410 3386 μάλιστ’
430 3339 471 3374 ἂν
487 3338 537 3385 εἴη
555 3339 697 3384 δημότης
713 3353 751 3374 τε
768 3340 822 3374 καὶ
839 3336 943 3382 ξένος·
1036 3339 1039 3341 ’
1144 3345 1203 3386 895
1354 3341 1564 3384 κουροτόκοις
1581 3340 1617 3374 ἐν
1633 3339 1809 3387 Ἀργείαις·

273 3391 391 3437 λόχοις
408 3390 437 3427 δ’
455 3387 612 3457 ὄφεσι-ως
626 3391 742 3438 ὥσπερ
760 3388 912 3438 Ἀργεῖος
927 3392 1035 3439 γεγὼς
1355 3389 1423 3425 οὔδ’
1434 3389 1593 3438 Ἀρτεμις
1609 3392 1713 3437 λοχία

275 3444 377 3489 ἤμυνε
392 3444 498 3490 χῶρᾷ,
514 3441 640 3489 χὼπότ’
659 3441 696 3477 ἐὖ
712 3443 866 3489 πράσσοι
881 3443 992 3483 πόλις,
1352 3443 1623 3489 προσφθέγξαιτ’
1642 3443 1683 3478 ἂν
1698 3444 1756 3479 τὰς
1776 3442 1940 3479 ἀτέκνους.

275 3495 399 3542 ἔχαιρε,
417 3495 554 3545 λυπρῶς
570 3496 599 3530 δ’
618 3495 750 3541 ἔφερεν,
765 3493 798 3529 ἐἴ
811 3508 844 3529 τι
862 3492 1038 3559 δυστυχοῖ.
1355 3494 1502 3530 δυσαίων
1518 3494 1547 3530 δ’
1568 3497 1587 3529 ὁ
1603 3495 1691 3538 βίος,
2226 3499 2289 3537 9ὓο

1351 3546 1507 3594 πλαγκτὰ
1524 3546 1553 3582 δ’
1572 3548 1656 3584 ὡσεί
1672 3561 1722 3584 τις
1740 3547 1877 3594 νεφέλα.
