2488 3860
280 1173 346 1202 ΠΡ.

279 1379 335 1409 m.

278 1483 347 1512 ΠΡ.

278 1535 335 1564 ΙΩ.

278 1587 347 1615 ΠΡ.

277 1638 335 1667 m.

277 1741 335 1771 ΙΩ.

277 1792 348 1823 ΠΡ.

277 1844 335 1874 m.

278 1950 345 1978 ΠΡ.

278 1999 338 2028 m.

278 2051 349 2080 ΠΡ.

279 2103 337 2131 ΙΩ.

278 2154 349 2184 ΠΡ.

279 2206 336 2235 ΙΩ.

277 2257 348 2286 ΠΡ.

277 2309 348 2338 XO.

277 2517 346 2546 ΠΡ.

277 2774 332 2804 ῘΩ.

374 391 447 427 εἶπέ
463 404 520 436 μοι
537 403 584 436 τᾳ
594 377 721 437 μογερᾷ
737 389 788 425 τίς
805 388 861 428 ὣν,
880 388 931 424 τίς
948 387 1011 434 ἄρα
1028 386 1074 431 μ’,
1095 385 1120 420 ὦ
1139 387 1253 426 τάλας,
1328 404 1331 421 ι

374 444 435 479 τὰν
451 443 663 489 ταλαίπωρον
680 440 739 476 ὧδ’
759 439 902 486 ἐτήτυμα
919 439 1131 487 προσθροεῖς,

376 496 539 531 θεόσυτόν
555 509 593 529 τε
610 495 713 529 νόσον

378 549 564 591 ὠνόμασας,
583 545 605 581 ἃ
621 545 771 590 μαραίνει
787 559 829 589 με
846 544 921 589 χρί·

376 611 464 632 ουσα
482 597 628 643 κέντροις
646 594 670 618 *
688 594 712 618 '¹'
730 595 935 642 φοιταλέοις,
954 593 970 629 ἒ
988 594 1014 628 ἔ.

377 650 611 695 σκιρτημάτων
629 649 665 684 δὲ
684 648 838 694 νήστισιν
855 648 974 684 αῖκίαις

375 702 592 746 λαβρόσυτος
607 697 725 743 ἦλθον,
739 698 851 744 Ἥρας

376 752 562 787 ἐπικότοισι
578 750 700 796 μήδεσι
718 751 872 796 δαμεῖσα.
902 750 984 785 δυσ-

378 805 540 849 δαιμόνων
557 803 594 838 δὲ
611 803 697 839 τίνες
715 800 758 843 οἳ,
779 801 796 837 ἐ
813 801 840 841 ἐ,

377 853 426 890 οἷ’
447 856 512 902 ἐγὼ
529 857 715 902 μογοῦσιν;

377 908 468 942 ἀλλά
484 922 541 953 μοι
559 911 664 954 τορῶς

377 959 539 1005 τέκμηρον
556 958 575 994 ὅ
592 973 624 994 τι
641 957 675 1004 μ’
693 958 869 1004 ἐπαμμένει

376 1011 504 1052 παθεῖν,
524 1011 558 1046 τί
573 1013 696 1057 μῆχαρ,
717 1010 736 1055 ἢ
755 1010 788 1045 τί
806 1011 983 1057 φάρμακον
999 1009 1116 1049 νόσου,

378 1063 498 1107 δεῖξον,
519 1061 611 1109 ε’ίπερ
629 1059 742 1098 οἶσθα·

380 1115 482 1162 θρόει,
501 1116 610 1162 φράζε
627 1117 668 1160 τᾷ
685 1115 868 1162 δυσπλάνῳ
886 1114 1050 1161 παρθένῳ.

374 1167 463 1210 λέξω
482 1171 587 1214 τορῶς
606 1169 746 1202 σοι’πᾶν
764 1166 846 1213 ὅπερ
863 1166 996 1212 χρῄζεις
1013 1164 1139 1210 μαθεῖν,

378 1219 438 1253 οὐκ
456 1219 629 1264 ἐμπλέκων
646 1218 821 1266 αἰνίγματ’,
841 1218 918 1253 ἀλλ’
938 1219 1035 1265 ἁπλῷ
1052 1218 1158 1264 λόγῳ,

379 1271 495 1318 ὥσπερ
513 1271 639 1306 δίκαιον
655 1272 740 1318 πρὸς
756 1271 882 1316 φίλους
899 1268 1002 1317 οἴγειν
1021 1270 1142 1313 στόμα.

379 1324 483 1369 πυρὸς
501 1324 637 1369 βροτοῖς
654 1322 768 1369 δοτῆρ’
788 1325 867 1369 ὁρᾷς
885 1321 1077 1369 Προμηθέα.

374 1374 399 1408 ὦ
418 1376 526 1410 κοινὸν
544 1375 708 1420 ὠφέλημα
725 1374 896 1419 θνητοῖσιν
913 1374 1041 1419 φανεὶς,

379 1427 508 1471 τλῆμον
525 1426 714 1473 Προμηθεῦ,
733 1429 793 1461 τοῦ
812 1426 904 1470 δίκην
920 1427 1065 1470 πάσχεις
1083 1426 1161 1460 τάδε
1175 1438 1183 1465 ;

377 1480 478 1524 ἁρμοῖ
492 1478 660 1522 πέπαυμαι
678 1478 755 1514 τοὺς
773 1478 871 1523 ἐμοὺς
889 1478 1015 1523 θρηνῶν
1032 1480 1164 1513 πόνους.

378 1532 497 1564 οὔκουν
513 1532 630 1576 πόροις
647 1530 687 1564 ἂν
703 1529 800 1574 τήνδε
818 1530 944 1575 δωρεὰν
958 1529 1031 1573 ἐμοί
1043 1543 1051 1569 ;

376 1581 453 1628 λέγ’
472 1579 576 1626 ἥντιν’
594 1581 688 1616 αἰτεῖ·
718 1584 784 1616 πᾶν
800 1582 866 1628 γὰρ
884 1582 924 1615 ἂν
940 1580 1059 1616 πύθοιό
1077 1596 1153 1626 μου.

374 1632 523 1677 σήμηνον
540 1632 635 1669 ὅστις
653 1633 688 1668 ἐν
704 1633 858 1680 φάραγγί
876 1632 908 1668 σ’
929 1632 1080 1678 ὤχμασε.

375 1683 549 1729 βούλευμα
565 1685 626 1729 μὲν
643 1686 682 1720 τὸ
697 1687 788 1725 Δῖον,
804 1685 1002 1730 Ἡφαίστου
1020 1685 1056 1719 δὲ
1074 1685 1160 1731 χείρ.

372 1737 489 1772 ποινὰς
506 1737 542 1771 δὲ
559 1736 664 1771 ποίων
682 1737 950 1781 ἀμπλακημάτων
967 1736 1065 1772 τίνεις
1078 1750 1086 1777 ;

376 1790 541 1822 τοσοῦτον
558 1788 647 1834 ἀρκῶ
666 1802 723 1822 σοι
743 1788 931 1834 σαφηνίσαι
949 1792 1061 1832 μόνον.

374 1840 428 1874 καὶ
444 1841 529 1885 πρός
545 1854 585 1885 γε
602 1838 733 1875 τούτοις
749 1841 852 1885 τέρμα
869 1841 928 1884 τῆς
946 1841 1025 1884 ἐμῆς
1041 1841 1169 1885 πλάνης

380 1891 491 1936 δεῖξον
508 1891 558 1928 τίς
576 1892 672 1927 ἕσται
690 1893 730 1937 τῇ
748 1893 947 1939 ταλαιπώρῳ
965 1894 1098 1938 χρόνος.

374 1945 413 1978 τὸ
430 1944 475 1988 μὴ
492 1944 609 1988 μαθεῖν
627 1959 684 1979 σοι
703 1947 864 1991 κρεῖσσον
880 1942 900 1989 ἦ
918 1944 1034 1990 μαθεῖν
1051 1945 1140 1980 τάδε.

374 1993 473 2040 μήτοι
490 2010 532 2040 με
550 1994 683 2042 κρύψῃς
700 1995 794 2030 τοῦθ’
814 1994 897 2041 ὅπερ
914 1995 1033 2039 μέλλω
1051 1995 1177 2030 παθεῖν.

379 2046 457 2081 ἀλλ’
476 2047 515 2081 οὐ
532 2047 679 2093 μεγαίρω
697 2047 797 2082 τοῦδέ
814 2061 870 2081 σοι
889 2046 1092 2092 δωρήματος.

374 2098 408 2132 τί
426 2099 508 2143 δῆτα
524 2098 666 2143 μέλλεις
682 2099 726 2143 μὴ
745 2099 784 2133 οὐ
801 2098 1017 2145 γεγωνίσκειν
1034 2100 1072 2132 τὸ
1090 2100 1175 2133 πᾶντ

1247 450 1306 482 595

1248 649 1309 680 600

1248 960 1306 1001 605

1248 1220 1309 1252 610

1248 1480 1307 1521 615

1246 1740 1309 1773 620

1250 1996 1309 2039 615
1359 2000 1429 2030 XO.

378 2149 505 2194 φθόνος
521 2150 582 2195 μὲν
598 2150 717 2190 οὐδεὶς,
738 2151 802 2186 σὰς
819 2150 851 2185 δ’
871 2151 955 2185 ὀκνῶ
974 2149 1092 2196 θρᾶξαι
1110 2151 1246 2196 φρένας.

382 2199 426 2245 μή
444 2216 509 2246 μου
526 2201 694 2248 προκήδου
710 2204 848 2247 μᾶσσον
866 2203 910 2238 ὡς
928 2202 1000 2247 ἐμοὶ
1017 2201 1137 2248 γλυκύ.

378 2252 449 2287 ἐπεὶ
467 2253 644 2299 προθυμεῖ,
663 2254 728 2300 χρὴ
746 2254 870 2301 λέγειν·
900 2254 998 2288 ἄκουε
1016 2253 1069 2298 δή.

376 2303 475 2349 μήπω
491 2313 543 2351 γε·
572 2307 690 2351 μοῖραν
708 2305 740 2340 δ’
759 2305 877 2351 ἡδονῆς
895 2306 991 2350 κάμοὶ
1008 2308 1102 2352 πόρε.

379 2356 439 2400 τὴν
455 2357 559 2401 τῆσδε
576 2361 709 2403 πρῶτον
727 2357 960 2404 ἱστορήσωμεν
977 2359 1090 2397 νόσον,

378 2408 478 2452 αὐτῆς
494 2407 664 2455 λεγούσης
680 2410 740 2445 τὰς
756 2409 998 2456 πολυφθόρους
1014 2408 1129 2454 τύχας·

379 2460 420 2494 τὰ
436 2461 540 2495 λοιπὰ
558 2460 591 2496 δ’
610 2461 723 2496 ἄθλων
741 2463 806 2496 σοῦ
824 2460 1012 2506 διδαχθήτω
1030 2462 1130 2507 πάρα.

376 2513 439 2547 σὸν
457 2513 566 2559 ἔργον,
587 2511 660 2553 Ἰοῖ,
679 2511 792 2548 ταῖσδ’
812 2513 1022 2559 ὑπουργῆσαι
1039 2514 1149 2559 χάριν,

377 2563 492 2600 ἄλλως
508 2578 546 2599 τε
562 2566 693 2601 πάντως
710 2566 763 2599 καὶ
782 2563 994 2611 κασιγνήταις
1011 2567 1147 2611 πατρός.

378 2616 422 2651 ὡς
439 2616 671 2651 τάποκλαῦσαι
689 2615 940 2663 κάποδύρασθαι
957 2615 1061 2661 τύχας

379 2665 522 2707 ἐνταῦθ’,
542 2667 606 2712 ὅπη
624 2668 747 2712 μέλλοι
764 2683 814 2704 τις
832 2666 988 2702 οἴσεσθαι
1007 2669 1109 2714 δάκρυ

375 2720 459 2764 πρὸς
477 2723 542 2754 τῶν
559 2717 739 2760 κλύοντων,
758 2720 854 2764 ἀξίαν
871 2719 989 2766 τριβὴν
1006 2720 1088 2765 ἔχει.

370 2771 429 2804 οὐκ
448 2768 511 2806 οἷδ’
532 2771 620 2808 ὅπως
638 2772 714 2817 ὑμῖν
731 2771 918 2816 ἀπιστῆσαί
934 2786 976 2816 με
993 2771 1071 2817 χρὴ,

378 2823 486 2867 σαφεῖ
502 2823 537 2857 δὲ
555 2822 648 2871 μύθῳ
666 2826 733 2858 πᾶν
750 2823 832 2869 ὅπερ
849 2823 1081 2869 προσχρῄζετε

375 2873 558 2909 πεύσεσθε·
589 2876 694 2910 καίτοι
712 2876 764 2909 καὶ
781 2874 922 2921 λέγουσ’
942 2873 1142 2919 αἰσχύνομαι

377 2925 565 2961 θεόσσυτον
581 2930 726 2972 χειμῶνα
743 2928 796 2961 καὶ
814 2926 1001 2972 διαφθορὰν

374 2979 521 3023 μορφῆς,
541 2978 617 3012 ὅθεν
634 2993 691 3022 μοι
710 2978 856 3023 σχετλίᾳ
873 2977 1101 3023 προσέπτατο.

375 3029 426 3063 ἀεὶ
443 3030 508 3076 γὰρ
527 3029 626 3076 ὄψεις
644 3031 774 3075 ἔννυχοι
791 3028 991 3073 πολοῦμεναι

376 3081 409 3116 ἐς
425 3081 636 3127 παρθενῶνας
653 3081 730 3117 τοὺς
748 3081 845 3125 ἐμοὺς
862 3083 1073 3127 παρηγόρουν

375 3132 501 3166 λείοισι
518 3131 647 3176 μύθοις·
678 3133 703 3166 ὦ
721 3132 793 3179 μέγ’
813 3133 967 3176 εὔδαιμον
985 3134 1076 3177 κόρη,

375 3183 408 3217 τί
424 3183 618 3230 παρθενεύει
636 3185 747 3230 δαρὸν,
768 3184 843 3227 ἐξόν
861 3199 919 3218 σοι
935 3184 1044 3230 γάμου

375 3237 488 3280 τυχεῖν
503 3235 689 3281 μεγίστου;
719 3236 879 3282 Ζεὺςῦιὰρ
899 3235 1012 3281 ἱμέρου
1029 3235 1130 3276 βέλει

374 3288 458 3330 πρὸς
475 3289 540 3321 σοῦ
558 3286 739 3321 τέθαλπται
758 3288 811 3321 καὶ
828 3287 1042 3331 ξυναίρεσθαι
1062 3286 1189 3332 Κύπριν

375 3338 482 3372 θέλει·
512 3338 557 3372 σὺ
575 3338 621 3378 δ’,
642 3338 667 3372 ὧ
684 3340 756 3378 παῖ,
774 3338 1028 3383 μάπολακτίσῃς
1046 3340 1147 3383 λέχος

374 3391 413 3423 τὸ
431 3391 545 3432 Ζηνὸς,
565 3389 643 3424 ἀλλ’
662 3390 780 3433 ἔξελθε
796 3391 880 3435 πρὸς
899 3389 1021 3435 Λέρνης
1037 3390 1146 3430 βαθὺν

373 3443 528 3484 λειμῶνα,
547 3441 688 3485 ποίμνας
703 3442 910 3483 βουστάσεις
927 3455 962 3474 τε
979 3442 1062 3485 πρὸς
1079 3443 1214 3487 πατρὸς,

375 3493 419 3528 ὡς
436 3492 476 3526 ἂν
493 3494 532 3527 τὸ
553 3491 632 3525 Δῖον
649 3489 736 3533 ὅμμα
753 3491 900 3536 λωφήσῃ
917 3494 1033 3531 πόθου.

375 3544 522 3579 τοιοῖσδε
539 3545 651 3582 πάσας
669 3544 834 3586 εὐφρόνας
850 3543 999 3587 ὀνείρασι

1249 2258 1310 2298 630

1356 2411 1425 2441 ΠΡ.

1246 2517 1304 2558 635
1354 2515 1424 2545 XO.

1352 2619 1421 2647 HP.

1243 2777 1304 2816 640

1242 3035 1301 3074 645

1242 3290 1302 3330 650

1241 3547 1300 3588 655
1320 3545 1323 3581 Ι

1193 287 1490 326 ΑΙΣΧΥΛΟΥ

1435 391 1634 435 ξυνειχόμην
1651 386 1827 431 δύστηνος,
1846 386 1881 422 ἔς
1898 399 1935 420 τε
1952 384 1992 429 δὴ
2009 385 2110 425 πατρὶ

1437 444 1538 486 ἔτλην
1554 441 1711 488 γεγωνεῖν
1729 436 1919 482 νυκτίφαντ’
1939 435 2103 482 ὀνείρατα.

1437 497 1456 530 ὁ
1475 493 1503 530 δ’
1523 494 1556 530 ἔς
1574 507 1610 527 τε
1629 490 1730 526 Πυθὼ
1749 489 1829 525 κάπὶ
1847 490 2010 533 Δωδώνης
2025 488 2168 526 πυκνοὺς

1439 547 1648 591 θεοπρόπους
1665 541 1795 581 ἰἀλλεν,
1815 541 1860 577 ὥς
1876 540 1978 586 μάθοι
1994 540 2029 575 τί
2043 540 2111 588 χρὴ
2239 586 2244 590 η

1440 596 1555 644 δρῶντ’
1574 595 1593 640 ἢ
1611 595 1756 641 λέγοντα
1774 593 1931 638 δαίμοσιν
1946 593 2118 639 πράσσειν
2134 592 2236 639 φίλα.

1441 649 1521 694 ἦκον
1539 647 1567 683 δ’
1587 646 1856 693 ἀναγγέλλοντες
1873 644 2120 690 αἰολοστόμους

1447 699 1621 747 χρησμοὺς
1638 697 1790 742 ἀσήμους
1807 697 1994 743 δυσκρίτως
2010 696 2040 732 τ’
2059 696 2262 743 εἶρημένους.

1441 753 1543 788 τέλος
1561 751 1588 786 δ’
1611 749 1749 796 ἐναργὴς
1765 749 1866 793 βάξις
1882 747 1986 793 ἦλθεν
2001 748 2122 796 Ἰνάχῳ

1443 806 1564 850 σαφῶς
1582 801 1837 846 ἐπισκήπτουσα
1854 801 1907 835 καὶ
1924 800 2112 846 μυθουμένη

1443 857 1508 900 ἔξω
1527 857 1637 900 δόμων
1654 869 1691 888 τε
1709 853 1762 888 καὶ
1779 853 1907 899 πάτρας
1924 852 2021 888 ὠθεῖν
2038 852 2107 898 ἐμὲ,

1443 909 1570 954 ἶίφετον
1588 905 1736 941 ἀλᾶσθαι
1753 906 1815 950 γῆς
1833 903 1883 940 ἐπ’
1903 905 2064 950 ἐσχάτοις
2081 903 2184 951 Spole·

1445 960 1493 995 κεῖ
1510 959 1554 1004 μὴ
1575 958 1685 997 θέλοι,
1704 957 1864 1004 πυρωπὸν
1882 957 1918 991 ἐκ
1937 957 2016 993 Διὸς
2032 957 2151 1001 μολεῖν

1446 1012 1613 1059 κεραυνὸν,
1633 1009 1670 1046 ὃς
1686 1011 1753 1045 πᾶν
1771 1009 1975 1053 ἐξαϊστώσοι
1992 1008 2100 1055 γένος.

1446 1063 1595 1098 τοιοῖσδε
1612 1061 1764 1097 πεισθεὶς
1782 1060 1906 1105 Λοξίου
1923 1059 2161 1106 μαντεύμασιν,

1447 1114 1613 1160 ἐξήλασέν
1629 1129 1670 1159 με
1684 1113 1875 1156 κάπέκλῃσε
1893 1113 2052 1157 δωμάτων

1448 1168 1596 1202 ἄκουσαν
1613 1166 1712 1200 ἄκων·
1742 1164 1820 1200 ἀλλ’
1841 1163 2046 1211 ἐπηνάγκαζέ
2062 1178 2112 1199 νιν

1450 1221 1528 1255 Διὸς
1545 1219 1684 1264 χαλινὸς
1701 1218 1786 1264 πρὸς
1802 1216 1881 1259 βίαν
1897 1217 2067 1263 πράσσειν
2083 1215 2175 1250 τάδε.

1450 1271 1546 1306 εὐθὺς
1564 1271 1600 1305 δὲ
1617 1269 1734 1315 μορφὴ
1753 1269 1806 1304 καὶ
1824 1268 1945 1315 φρένες
1963 1268 2168 1314 διάστροφοι

1451 1323 1548 1368 ἦσαν,
1569 1324 1724 1369 κεραστὶς
1741 1319 1782 1361 δ’,
1803 1321 1846 1356 ὡς
1864 1319 1968 1367 ὁρᾶτ’,
1987 1320 2168 1367 ὀξυστόμῳ

1451 1375 1561 1420 μύωπι
1578 1372 1749 1420 χρισθεῖσ’
1770 1373 1906 1417 ἐμμανεῖ
1923 1371 2121 1419 σκιρτήματι

1451 1425 1563 1472 ᾖσσον
1579 1427 1663 1469 πρὸς
1681 1426 1821 1460 εὔποτόν
1837 1439 1875 1459 τε
1893 1424 2074 1471 Κερχνείας
2090 1423 2166 1471 ῥέος

1451 1478 1551 1523 ἀκτήν
1567 1493 1604 1512 τε
1624 1477 1758 1522 Λέρνης·
1785 1478 1953 1519 βουκόλος
1971 1476 2007 1510 δὲ
2023 1475 2164 1523 γηγενὴς
2180 1487 2190 1508 ι

1453 1531 1593 1577 ἄκρατος
1611 1530 1713 1576 ὀργὴν
1722 1527 1851 1575 ’Άργος
1869 1529 2024 1574 ὡμάρτει,
2043 1529 2179 1564 πυκνοῖς

1453 1581 1575 1617 ὄσσοις
1593 1582 1757 1628 δεδορκὼς
1774 1579 1853 1615 τοὺς
1871 1580 1970 1625 ἐμοὺς
1988 1580 2070 1614 κατὰ
2089 1579 2242 1622 στίβους.

1454 1635 1706 1680 ἀπροσδόκητος
1724 1632 1752 1667 δ’
1772 1632 1873 1667 αὐτὸν
1889 1631 2045 1678 ἀφνίδιος
2061 1633 2166 1678 μόρος

1455 1689 1514 1720 τοῦ
1534 1687 1591 1730 ζῆν
1609 1684 1850 1731 ἀπεστέρησεν.
1879 1682 2092 1730 οἶστροπλῆξ
2110 1683 2138 1718 δ’
2158 1683 2224 1730 ἐγὼ

1455 1739 1594 1784 μάστιγι
1613 1737 1685 1782 θείᾳ
1701 1739 1765 1783 γῆν
1782 1737 1848 1782 πρὸ
1865 1737 1926 1783 γῆς
1944 1734 2140 1780 ἐλαύνομαι.

1457 1788 1567 1826 κλύεις
1584 1790 1625 1824 τὰ
1641 1787 1834 1836 πραχθέντ’·
1864 1787 1893 1822 εἷ
1912 1787 1941 1822 δ’
1960 1788 2048 1832 ἔχεις
2066 1787 2171 1822 εἰπεῖν
2188 1786 2208 1822 ὅ
2223 1801 2256 1822 τι

1456 1843 1577 1877 λοιπὸν
1593 1843 1715 1880 πόνων,
1737 1839 1889 1885 σήμαινε·
1918 1839 2004 1884 μηδέ
2018 1838 2052 1884 μ’
2071 1839 2223 1875 οἰκτίσας

1459 1893 1628 1937 ξύνθαλπε
1645 1892 1763 1938 μύθοις
1781 1892 1961 1939 ψευδέσιν·
1991 1893 2121 1936 νόσημα
2138 1891 2205 1938 γὰρ

1459 1944 1640 1991 αἴσχιστον
1658 1942 1741 1980 εἶναί
1758 1946 1846 1990 φημι
1865 1943 2046 1980 συνθέτους
2062 1945 2199 1990 λόγους.

1459 1997 1496 2030 ἔα
1513 1997 1560 2036 ἔα,
1580 1996 1696 2042 ι’ίπεχε,
1716 1996 1795 2041 φεῦ·

1461 2048 1574 2083 οὔποτ’
1594 2047 1706 2084 οὔποτ’
1725 2049 1851 2092 ηὔχουν
1868 2046 1984 2091 ξένους
1999 2046 2180 2092 μολεῖσθαι
2196 2046 2320 2094 λογους

1461 2099 1507 2134 εἷς
1525 2100 1626 2135 ἀκοὰν
1645 2099 1737 2143 ἐμὰν,

1460 2149 1528 2184 οὐδ’
1548 2150 1611 2185 ὧδε
1629 2151 1796 2186 δυσθέατα
1813 2152 1867 2185 καὶ
1885 2149 2052 2186 δύσοιστα

1458 2200 1602 2245 πήματα,
1621 2201 1764 2245 λύματα,
1785 2202 1909 2248 δείματ’
1927 2202 2008 2247 ἐμὰν

1459 2251 1604 2297 ἀμφάκει
1623 2252 1746 2301 κέντρῳ
1764 2253 1890 2301 ψύξειν
1907 2255 2036 2301 ψυχάν·

1460 2302 1495 2336 ’ὼ
1514 2303 1552 2337 ῖὼ
1569 2306 1669 2350 μοῖρα
1685 2308 1798 2351 μοῖρα,

1456 2354 1592 2402 πέφρικ’
1610 2357 1786 2392 εἰσιδοῦσα
1803 2358 1925 2405 πρᾶξιν
1941 2357 2039 2395 Ἰοῦς.

1451 2409 1517 2452 πρό
1534 2422 1574 2454 γε
1592 2410 1760 2452 στενάζεις
1778 2411 1830 2444 καὶ
1849 2411 1964 2456 φόβου
1981 2410 2070 2446 πλέα
2086 2425 2137 2447 τις
2153 2408 2194 2446 εἶ·

1457 2459 1596 2505 ἐπίσχες
1614 2462 1647 2497 ἔς
1664 2460 1692 2495 τ’
1712 2462 1752 2496 ἂν
1769 2462 1822 2496 καὶ
1840 2462 1881 2496 τὰ
1897 2462 2002 2497 λοιπὰ
2017 2463 2229 2510 προσμάθῃς.

1453 2511 1525 2557 λέγ’
1559 2512 1745 2548 ἐκδίδασκε·
1774 2516 1844 2550 τοῖς
1861 2514 2005 2549 νοσοῦσί
2022 2529 2074 2549 τοι
2090 2515 2198 2562 γλυκὺ

1455 2564 1493 2597 τὸ
1511 2565 1631 2599 λοιπὸν
1648 2565 1753 2611 ἄλγος
1769 2566 2084 2612 προῦξεπίστασθαι
2101 2570 2218 2614 τορῶς.

1449 2614 1508 2656 τὴν
1524 2616 1602 2661 πρίν
1618 2631 1658 2663 γε
1675 2617 1791 2663 χρείαν
1808 2616 1976 2663 ἠνύσασθ’
1995 2619 2076 2663 ἐμοῦ
2092 2621 2183 2666 πάρα

1455 2666 1599 2713 κούφως·
1629 2669 1745 2713 μαθεῖν
1761 2670 1827 2716 γὰρ
1845 2671 1950 2715 τῆσδε
1965 2670 2068 2717 πρῶτ’
2088 2669 2243 2718 ἐχρῄζετε

1452 2720 1510 2753 τὸν
1527 2719 1611 2765 ἀμφ’
1630 2721 1747 2765 ἑαυτῆς
1764 2720 1870 2756 ἆθλον
1888 2722 2120 2769 ἐξηγουμένης·

1451 2771 1492 2804 τὰ
1510 2772 1613 2806 λοιπὰ
1630 2774 1687 2806 νῦν
1704 2772 1880 2814 ἀκούσαθ’,
1900 2771 1954 2808 οἷα
1969 2774 2036 2821 χρὴ
2054 2774 2143 2819 πάθη

1450 2823 1566 2867 τλῆναι
1584 2824 1667 2869 πρὸς
1679 2823 1789 2871 Ἥρας
1806 2824 1903 2869 τήνδε
1920 2826 1980 2870 τὴν
1997 2827 2139 2861 νεάνιδα.

1448 2873 1493 2907 σύ
1510 2874 1552 2914 τ’,
1574 2874 1734 2920 ’Ῑνάχειον
1753 2877 1898 2923 σπέρμα,
1917 2877 1995 2914 τοὺς
2013 2878 2110 2914 εἰιοὺς
2126 2880 2251 2926 λόγους

1452 2924 1543 2973 θυμῷ
1559 2926 1653 2968 βάλ’,
1674 2928 1717 2963 ὡς
1735 2928 1774 2962 ἂν
1791 2929 1922 2974 τέρματ’
1943 2929 2085 2974 ἐκμάθῃς
2102 2931 2194 2965 ὁδοῦ.

1449 2980 1581 3021 πρῶτον
1597 2979 1657 3022 μὲν
1675 2979 1795 3014 ἐνθένδ’
1815 2980 1912 3024 ἡλίου
1932 2982 2017 3028 πρὸς
2033 2982 2176 3018 ἀντολὰς

1449 3029 1633 3074 στρέψασα
1651 3031 1776 3075 σαυτὴν
1795 3032 1902 3078 στεῖχ’
1921 3033 2100 3077 ἀνηοότους
2115 3032 2210 3081 γύας·

1449 3078 1574 3115 Σκύθας
1591 3080 1619 3115 δ’
1638 3082 1753 3127 ἀφίξει
1772 3085 1925 3128 νομάδας,
1946 3082 1979 3119 οἳ
1994 3086 2140 3122 πλεκτὰς
2158 3086 2281 3134 στέγας

1446 3131 1623 3177 πεδάρσιοι
1642 3134 1768 3168 ναίουσ’
1788 3135 1839 3170 ἐπ’
1857 3135 2029 3172 εὐκύκλοις
2047 3136 2153 3182 ὄχοις,

1447 3183 1623 3226 ἑκηβόλοις
1639 3186 1791 3228 τόξοισιν
1809 3187 2034 3233 ἐξηρτυμένοι·

1446 3230 1496 3269 οἷς
1513 3234 1557 3278 μὴ
1575 3237 1740 3278 πελάζειν,
1760 3236 1837 3272 ἀλλ’
1856 3241 2048 3276 ἁλιστόνοις
2064 3241 2169 3278 πόδας

1443 3285 1660 3330 χρίμπτουσα
1676 3287 1849 3333 ῥαχίαισιν
1867 3291 2006 3337 ἐκπερᾶν
2022 3291 2142 3337 χθόνα.

1444 3338 1541 3372 λαιᾶς
1559 3338 1595 3372 δέ
1612 3340 1725 3384 χειρὸς
1743 3341 1774 3373 οἱ
1793 3342 2061 3387 σιδηροτέκτονες

1444 3387 1575 3422 οἰκοῦσι
1591 3390 1758 3431 Χάλυβες,
1778 3392 1835 3427 οὓς
1852 3394 2074 3437 φυλάξασθαί
2091 3410 2133 3430 σε
2149 3395 2229 3443 χρή.
2315 3409 2373 3445 715

1443 3438 1598 3486 ‘3⁹⁷'W‘p0‘
1616 3442 1681 3486 γὰρ
1699 3442 1775 3476 οὐδὲ
1793 3446 2008 3488 πρόσπλατοι
2025 3446 2143 3491 ξένοις.
2252 3446 2255 3450 ’

1442 3490 1531 3534 ἥξεις
1548 3489 1578 3526 δ’
1596 3491 1761 3538 ὑβριστὴν
1777 3497 1925 3539 ποταμὸν
1942 3497 1981 3530 οὗ
1998 3498 2230 3544 ψευδώνυμον,

1443 3541 1480 3576 ὃν
1496 3542 1541 3587 μ’)
1558 3545 1720 3588 περάσῃς.
1741 3545 1780 3579 οὗ
1797 3547 1863 3590 γὰρ
1881 3549 2022 3590 εὔβατος
2037 3551 2154 3597 περᾶν,

2315 853 2375 895 ⁶⁶5

2319 1113 2384 1155 670

2328 1635 2388 1666 680

2333 1895 2390 1936 685

2326 2102 2387 2142 690

2324 2363 2383 2404 605

2323 2630 2383 2664 700

2319 2891 2379 2929 705

2317 3151 2379 3186 ⁷¹0
