2488 3860
949 313 1445 355 ΑΠΟΣΠΑΣΜΑΤῙΑ.
1915 287 1920 293 ”
2168 321 2253 361 713

125 403 215 441 Βίον.
244 405 264 440 ὁ
280 403 396 451 μέντοι
412 405 597 454 Εὐριπίδης
614 406 670 443 ἐπὶ
687 409 748 443 τοῦ
766 408 914 451 δυσβίου
942 407 1114 456 ἐχρήσατο
1132 413 1173 455 τῇ
1206 410 1351 457 ριπίδης.
1380 410 1435 445 καὶ
1448 411 1665 456 Θουκυδίδης·
1696 414 1720 429 “
1733 412 1788 448 καί
1799 411 1866 449 πού
1879 427 1966 450 τινες
1976 411 2139 459 ἇλλὴλων
2156 412 2249 460 ἐγεύ-

123 457 289 502 λίξει.-·
1209 461 1340 498 σαντο”
1360 463 1433 498 ἀντὶ
1449 465 1510 497 τοῦ
1529 465 1665 500 ἑαυτῶν.
1763 461 1767 464 ⁴

176 508 332 559 (1066.)
353 525 427 555 241.
457 510 552 548 Ibid.
572 524 610 561 p.
632 513 721 554 338,
745 513 804 555 14,
823 511 979 550 Bachm.
1000 513 1033 556 Ι,
1051 526 1090 562 p.
1110 514 1171 556 23,
1262 511 1416 562 (1076.)
1437 529 1511 560 251.
1554 515 1649 551 Ibid.
1675 528 1714 564 p.
1735 518 1823 558 383,
1848 519 1882 554 l.
1902 517 2056 554 Bachm.
2078 516 2109 561 I,
2127 530 2164 566 p.
2187 518 2249 562 74,

125 561 362 609 26.⁴‘Ay)mz,
382 564 485 611 ὄμμα.
514 567 711 614 Εὐριπίδης.
1208 568 1271 603 20.
1300 565 1405 604 Suid.
1433 579 1469 603 v.
1497 568 1729 617 Ἀλάστορα
1758 574 2022 618 προσβαλεῖν,
2048 568 2121 608 οἷον
2143 571 2253 618 μύσος

177 612 331 665 (1067.)
352 631 426 662 242.
455 616 550 654 Ibid.
570 630 608 666 Ρ.
631 619 721 660 339,
740 619 799 655 10.
821 618 976 656 Bachm.
997 618 1029 661 I,
1047 631 1086 668 Ρ.
1108 619 1171 662 24,
1207 622 1261 656 καὶ
1277 621 1528 668 ἇνοσιουργίαν.
1559 623 1752 670 Εὐριπίδης·

126 669 190 705 29.
209 669 419 718 Ἀγοραῖος
447 674 550 709 νοῦς·
581 675 601 708 ὁ
618 674 705 708 πάνυ
723 673 861 718 εὐτελὴς
879 675 933 709 καὶ
951 674 1173 720 συρφετώδης
1310 676 1352 709 οὔ
1369 689 1427 709 σοι
1444 679 1594 720 παραινῶ
1610 677 1831 722 μηχανωμένῃ
1848 678 1932 713 κακὰ

125 722 203 757 οὐδὲ
220 723 525 770 πεφροντισμένος·
563 726 597 760 οἱ
624 726 691 772 γὰρ
709 724 864 772 ἀγοραῖοι
886 726 1055 774 ἅνθρωποι
1086 728 1171 773 ἅμα·
1311 726 1468 773 ἐχθροῖσι
1486 730 1594 774 σαυτῇ
1611 731 1825 775 προσβαλεῖν
1843 731 2031 776 ἀλάστορα.

127 774 196 812 θεῖς
213 776 268 810 καὶ
285 776 492 812 ἀπαίδευτοι.
521 776 628 814 οὕτως
646 779 840 824 Εὐριπίδης.
1259 775 1414 827 (1077.)
1434 793 1508 824 252.
1546 779 1641 816 Ibid.
1670 792 1708 828 Ρ.
1731 783 1820 826 383,
1842 783 1878 818 8.
1899 781 2053 819 Bachm.
2076 782 2108 824 I,
2129 795 2166 831 Ρ.
2189 784 2252 826 74,

179 826 329 874 (1068.)
351 843 423 873 243·
452 827 548 865 Ibid.
567 841 604 877 p.
626 830 715 874 340,
738 831 800 867 24.
821 830 976 868 Bachm.
998 831 1031 876 Ῑ,
1050 843 1088 880 Ρ.
1110 833 1172 874 26,
1208 831 1271 867 28.
1300 832 1531 873 Ἀλίαστον,
1550 836 1590 869 τὸ
1607 835 1760 879 μάταιον.
1797 837 1991 882 Εὐριπίδης.

127 880 192 916 24.
211 879 425 928 Ἀγχιμος,
444 883 518 918 ἀντὶ
535 886 596 918 τοῦ
613 886 759 929 πλησία.
796 885 990 932 Εὗριπίδης“
1261 883 1415 930 (1078.)
1436 900 1510 930 253.
1541 885 1636 922 Ibid.
1652 898 1688 934 p.
1703 888 1793 928 414,
1812 889 1873 924 15.
1891 887 2046 924 Bachm.
2060 888 2094 929 I,
2108 901 2146 937 p.
2164 890 2250 933 109,

230 934 309 970 ἄλλ’
328 935 473 982 ἅγχιμος
490 937 557 982 γὰρ
575 936 634 981 ἥδε
652 939 792 982 Φοιβεία
809 937 906 982 γυνή.
1211 937 1272 974 16.
1294 936 1397 973 Sujd.
1419 949 1450 975 S.
1470 950 1507 974 v.
1528 937 1662 974 Zonar.
1682 938 1774 975 Lex.
1794 952 1833 987 p.
1855 941 1943 977 283.
1971 941 2158 989 Ἀπάγου,
2179 944 2253 978 ἀντὶ

180 984 334 1032 (1069.)
357 1002 431 1032 244.
460 986 557 1023 Ibid.
577 1000 615 1036 p.
638 989 713 1026 343
733 1002 790 1038 sq.
806 989 961 1026 Bachm.
976 1003 1014 1038 Ρ.
1030 991 1092 1031 30,
1110 990 1172 1026 15.
1207 994 1268 1026 τοῦ
1284 992 1369 1038 πρὸς
1387 993 1513 1027 σαυτὸν
1530 992 1651 1039 ἄπαγε.
1680 994 1875 1039 Εὐριπίδης.

124 1038 350 1077 Ἀδίαυλος.
379 1043 495 1082 τόπος,
525 1041 604 1078 ὅθεν
629 1043 675 1088 μὴ
702 1045 798 1079 ἔστιν
826 1044 1033 1080 ἐπανελθεῖν.
1069 1042 1176 1080 οὕτως
1263 1042 1415 1089 (1079.)
1436 1058 1511 1090 254.
1540 1043 1635 1081 Ibid.
1661 1046 1774 1084 1187.
1796 1045 1903 1081 Ἐστι
1929 1047 1995 1094 γὰρ
2018 1050 2037 1082 ὁ
2062 1049 2172 1091 ζελᾶς.
2192 1051 2252 1082 τοῦ

127 1092 320 1140 Εὐριπίδης·
1210 1097 1302 1139 (ehi,
1322 1099 1369 1145 τῷ
1388 1099 1470 1141 ζελά
1493 1094 1598 1146 (οὕτω
1623 1099 1660 1134 δὲ
1686 1099 1822 1147 λέγεται
1847 1100 1930 1134 κατὰ
1957 1101 2088 1146 Θρᾷκας
2106 1103 2124 1135 ὁ
2143 1098 2250 1145 οἶνος)

439 1146 510 1182 θεοὶ
527 1147 658 1194 χθόνιοι
1209 1150 1263 1184 καὶ
1276 1148 1398 1185 τούτου
1411 1150 1430 1195 ἡ
1442 1151 1556 1196 δοτικὴ
1569 1152 1759 1198 εὑρίσκεται
1770 1167 1838 1197 παρ
1848 1152 2023 1199 Ἐὐριπίδῃ
2036 1154 2141 1199 χωρὶς
2152 1156 2212 1187 τοῦ
2225 1163 2248 1186 ι·

231 1199 381 1245 ζοφερὰν
398 1199 559 1235 ἆδίαυλον
576 1202 712 1247 ἔχοντες
730 1202 830 1249 ἕδραν
1209 1204 1390 1238 συστεῖλαι
1402 1204 1470 1250 γὰρ
1480 1206 1691 1249 βουλόμενος
1704 1206 1743 1240 τὸ
1757 1221 1778 1240 α
1792 1206 1831 1240 οὐ
1844 1205 2074 1253 προσέγραψε
2087 1207 2126 1240 τὸ
2141 1220 2164 1245 ι,
2179 1203 2250 1240 οἷον

230 1252 291 1297 τὴν
307 1251 550 1299 φθειρομένων,
569 1253 804 1302 Ἀχερόντειαν
1226 1255 1346 1290 ταύτὸν
1363 1259 1454 1291 ποιεῖ
1469 1259 1509 1291 τό
1527 1257 1555 1292 τ’
1574 1258 1708 1293 ἀττικὸν
1725 1259 1773 1306 τῷ
1790 1259 1871 1302 ζελὰ
1890 1258 1955 1293 σὺν
1971 1260 2038 1304 γὰρ
2057 1262 2236 1303 κεραννοῖς.

229 1305 366 1349 λίμνην.
1261 1304 1415 1354 (1080.)
1442 1323 1515 1354 255.
1554 1307 1708 1346 Bachm.
1736 1310 1809 1346 An.
1841 1309 1908 1346 Gr.
1938 1310 1972 1350 Ι,
1999 1322 2037 1358 p.
2067 1311 2156 1350 418,
2187 1312 2250 1346 24.

181 1354 333 1403 (1070.)
364 1370 438 1403 245.
471 1356 567 1394 Ibid.
595 1371 634 1407 p.
655 1361 744 1402 346,
764 1362 800 1396 9.
824 1359 977 1396 Bachm.
999 1359 1032 1400 I,
1051 1371 1090 1407 p.
1111 1360 1174 1401 33,
1209 1363 1337 1396 Χνοΰν
1358 1363 1398 1396 τὸ
1414 1364 1541 1398 λεπτὸν
1558 1365 1618 1397 τοῦ
1641 1362 1801 1410 ἀργύρου.
1830 1364 2094 1411 Ἀριστοφάνης.
2149 1365 2251 1410 Εὐρι-

127 1411 193 1446 24.
211 1409 392 1457 Ἀδωρος
418 1413 548 1460 χάρις,
568 1412 588 1458 ἦ
606 1414 651 1459 μὴ
671 1415 726 1450 ἐπὶ
743 1415 863 1452 τέλους
881 1415 1035 1450 ἐλθοῦσα
1052 1415 1172 1460 δωρεά.
1207 1414 1306 1458 πίδης
1323 1414 1360 1449 δὲ
1378 1415 1536 1459 θηλυκῶςΔ
1556 1416 1626 1461 τὴν
1651 1419 1783 1461 χνοῦν.

128 1461 235 1500 οὕτως
252 1464 447 1511 Εὐριπίδης.
1260 1463 1421 1516 (1081.)
1440 1472 1514 1513 256.
1545 1467 1657 1504 Phot.
1677 1480 1716 1516 Ρ.
1739 1469 1798 1504 19.
1844 1468 2018 1517 Ἐρριον,
2038 1469 2087 1507 εἷς
2103 1470 2250 1517 φθοράν.

182 1513 336 1563 (1071.)
367 1521 442 1562 246.
479 1516 575 1554 Ibid.
595 1531 633 1566 Ρ.
654 1520 744 1561 362,
766 1520 802 1556 7.
824 1518 978 1555 Bachm.
1000 1518 1031 1559 Ῑ,
1050 1530 1088 1566 Ρ.
1111 1520 1173 1561 51,
1208 1520 1402 1566 Εὐριπίδης.

132 1569 193 1606 10.
222 1571 474 1615 Αἶματωπόν·
505 1572 700 1618 Εὐριπίδης·
1261 1569 1414 1620 (1082.)
1435 1586 1509 1619 257.
1537 1572 1646 1610 Phot.
1673 1586 1711 1621 p.
1743 1576 1807 1610 45.
1828 1574 2076 1622 Ζύγαστρον,
2097 1578 2250 1619 κιβωτός.

233 1624 413 1669 δράκοντος
430 1625 624 1669 αἱματωπὸν
641 1626 743 1670 ὄμμα.
1208 1625 1328 1672 κυρίως
1356 1627 1393 1661 δὲ
1412 1626 1431 1671 ἡ
1455 1627 1572 1672 ξυλίνη
1602 1630 1707 1674 σορὸς
1730 1629 1822 1675 παρὰ
1848 1629 1887 1663 τὸ
1914 1628 2116 1675 ἐζυγῶσθαι.
2147 1627 2253 1666 οὕτως

183 1672 338 1724 (1072.)
357 1687 432 1721 ²47-
469 1675 565 1712 Ibid.
589 1690 627 1725 p.
649 1679 738 1719 362,
759 1679 796 1714 9.
817 1677 972 1715 Bachm.
992 1677 1024 1720 Ῑ,
1050 1693 1088 1729 Ρ.
1109 1682 1173 1724 51,
1208 1679 1402 1725 Εὐριπίδης.

133 1730 194 1766 12.
213 1731 464 1778 Αἶμοσταγῆ.
493 1731 676 1778 Εὐριπίδης
694 1733 748 1767 καὶ
765 1731 1030 1779 Ἀριστοφάνης·
1191 1771 1194 1776 ¹
1260 1727 1415 1780 (1083.)
1435 1739 1509 1777 258.
1538 1731 1646 1768 Phot.
1670 1745 1709 1780 Ρ.
1731 1734 1819 1769 309.
1856 1739 2024 1780 Περισο,
2042 1734 2251 1781 περιφέρειν.

648 1786 838 1833 αἱμοσταγῆ
959 1823 965 1827 ,
1208 1784 1400 1831 Εὐριπίδης.
1456 1784 1596 1822 Matth.
1616 1784 1655 1821 in
1673 1785 1840 1821 mutilato
1858 1801 1981 1834 περισο
1999 1784 2114 1822 latere
2133 1785 2251 1834 Suspi-

493 1838 614 1880 κηλῖδα
630 1838 746 1884 τέγγῃ.
758 1835 775 1853 ¹
1209 1840 1313 1871 catur
1329 1840 1538 1884 περισοβεῖν.

183 1885 338 1937 (1073.)
364 1894 441 1933 248.
477 1887 573 1925 Ibid.
591 1901 628 1938 p.
649 1891 737 1932 363,
758 1891 794 1927 2.
816 1890 970 1927 Bachm.
999 1891 1032 1933 I,
1051 1904 1089 1940 p.
1110 1894 1174 1934 52,
1263 1887 1416 1937 (1084.)
1442 1905 1518 1937 ²59·
1555 1890 1664 1928 Phot.
1685 1904 1723 1939 p.
1745 1892 1834 1928 356.
1856 1890 2012 1928 Bachm.
2031 1891 2107 1928 An·
2130 1891 2196 1929 Gr·
2218 1893 2252 1934 Ῑ,

133 1941 193 1977 11.
213 1942 367 1988 αἱμύλος.
387 1963 442 1970 —-
458 1943 641 1991 Εὐριπίδης
658 1945 696 1979 δὲ
723 1945 777 1979 καὶ
805 1944 952 1990 αἶμύλη
973 1942 1045 1982 εἷπε
1069 1946 1173 1991 θηλυ-
1206 1953 1244 1988 Ρ·
1273 1941 1361 1984 357,
1391 1944 1454 1981 25·
1485 1942 1589 1980 SUid·
1616 1956 1652 1981 V·
1681 1946 1856 1992 Ῥαχίζειν-
1906 1943 2033 1991 Cyrin-
2061 1943 2186 1980 LeXiC·
2215 1946 2253 1981 in

130 1999 206 2033 κῶς.
1209 1992 1332 2030 cram.
1353 1995 1426 2032 An.
1449 1995 1516 2033 Gr.
1537 1995 1651 2033 Paris.
1672 1997 1743 2039 IV,
1772 2010 1810 2045 p.
1834 1998 1920 2038 199,
1942 1998 2005 2033 31.
2033 1998 2254 2044 Ῥακχίζειν

183 2045 338 2096 (1074.)
357 2063 430 2096 249.
458 2047 554 2085 Ibid.
573 2061 610 2096 p.
631 2049 720 2090 369,
742 2050 803 2086 18.
823 2048 980 2086 Bachm.
1000 2048 1032 2092 Ῑ,
1051 2063 1087 2098 Ρ.
1109 2052 1173 2093 59,
1208 2044 1386 2094 (Ῥαχίζειν
1409 2047 1537 2097 Cyrill.
1568 2047 1707 2096 Suid.)‚
1727 2053 1766 2086 τὸ
1791 2052 1929 2098 διαιρεῖν
1946 2052 1989 2085 τὰ
2011 2052 2093 2097 μέρη
2112 2053 2171 2096 τῆς
2187 2052 2249 2098 ῥά-

132 2103 194 2138 13.
221 2102 500 2148 Ἀκόμπαστος
520 2105 645 2150 λόγος
668 2103 851 2151 Εὐριπίδης
869 2105 960 2150 φησὶ
978 2105 1032 2140 καὶ
1056 2105 1172 2150 ἀκόμ-
1207 2115 1295 2145 χεως
1315 2099 1438 2147 (ῥάχης
1459 2099 1606 2149 Cyrill.)
1624 2105 1698 2147 ἤτοι
1718 2102 1753 2148 (ἢ
1773 2104 1811 2138 τὸ
1832 2099 1978 2151 Cyrifl.)
1993 2105 2193 2145 διακόπτειν,
2209 2105 2255 2141 ὥς

127 2170 282 2192 παστος
308 2157 441 2202 φάτις.
1208 2153 1298 2197 φησι
1315 2153 1393 2200 παρ’
1412 2155 1575 2201 Εὐριπίδῃ
1597 2154 1659 2199 (ὥς
1682 2158 1791 2202 φησιν
1808 2156 1990 2203 Εὐριπίδης
2016 2154 2137 2191 Photii
2167 2155 2252 2192 cod.

183 2206 334 2255 (1075.)
355 2223 428 2255 250.
466 2207 560 2245 Ibid.
588 2220 624 2256 p.
654 2208 743 2250 378,
775 2210 835 2245 13.
864 2209 1015 2245 Bachm.
1045 2221 1082 2257 p.
1111 2210 1173 2251 69,
1208 2203 1258 2239 D.
1289 2203 1416 2253 Cyrill.
1446 2213 1483 2243 et
1511 2205 1635 2255 Suid.)
1664 2207 1807 2244 Vocem
1841 2207 1955 2244 habet
1981 2207 2091 2244 etiam
2116 2207 2250 2244 AEsch.

132 2261 192 2298 12.
213 2259 318 2297 Suid.
336 2273 373 2298 V.
392 2261 605 2307 Ἀλλήλων
632 2263 706 2297 ἀντὶ
723 2265 785 2298 τοῦ
803 2264 940 2299 ἑαυτῶν.
978 2261 1084 2300 οὕτως
1107 2265 1173 2299 Εὐ·
1207 2256 1308 2294 Pers·
1329 2259 1419 2294 418-

654 2710 982 2759 EPISTOLAE
1016 2712 1306 2760 EURIPIDI
1343 2713 1727 2762 ADSCRIPTAE.

258 2868 485 2898 ΕΠΙΣΤΟΛΗ
511 2860 565 2898 A'.
618 2867 836 2897 ΑΡΧΕΛΑΩι
863 2867 1049 2897 ΒΑΣΙΛΕῙ.

180 2934 226 2969 Τὸ
249 2933 310 2978 μὲν
327 2932 487 2980 ἇργῦριον
503 2933 744 2980 ἆνεπέμψαμέν
768 2948 826 2968 σοι
853 2934 969 2973 πάλιν,
989 2932 1071 2978 ὅπερ
1098 2932 1176 2977 ἡμῖν
1260 2928 1345 2975 Περὶ
1362 2930 1429 2962 τῶν
1446 2927 1624 2962 Πελλαίων
1641 2927 1823 2963 νεανίσκων
1839 2930 1893 2963 καὶ
1910 2929 2075 2975 πρότερον
2091 2929 2155 2975 μὲν
2175 2945 2251 2968 επε-

129 2985 277 3031 Ἀμφίας
305 2987 466 3030 ἐκόμιζεν·
503 2987 543 3021 οὗ
571 2987 673 3030 δόξαν
701 2986 795 3031 κενὴν
818 2985 1014 3031 θηρώμενοι,
1034 2985 1064 3019 εἷ
1091 2984 1176 3030 μήγε
1210 2980 1393 3026 στείλαμέν
1410 2994 1468 3015 σοι
1490 2981 1639 3026 δεόμενοι
1665 2981 1719 3015 καὶ
1740 2983 1798 3016 νῦν
1819 2981 1960 3025 δεόμεθα
1987 2983 2102 3017 σῶσαί
2128 2997 2165 3016 τε
2188 2987 2250 3021 αὖ-

132 3039 186 3074 καὶ
213 3039 494 3086 ἀχθεσθήσεσθαί
522 3033 603 3086 [σε]
627 3039 759 3082 μᾶλλον
788 3036 808 3082 ἢ
826 3037 1058 3083 ἀποδέξασθαι
1085 3037 1169 3084 ἡμᾶς
1208 3035 1286 3070 τοὺς
1304 3034 1358 3068 καὶ
1370 3033 1493 3068 ἀνεῖναι
1510 3036 1576 3067 τῶν
1589 3032 1734 3077 δεσμῶν·
1762 3032 1860 3068 οὐδὲν
1875 3033 1942 3079 γὰρ
1955 3032 2080 3068 ἀδικεῖν
2090 3033 2251 3077 ἐοίκασιν,

131 3091 172 3124 δι’
191 3090 272 3123 αὐτὸ
297 3089 500 3132 ἐνομίζομεν·
529 3087 607 3124 τοὺς
631 3086 660 3122 δ’
678 3087 807 3123 ἄλλους
833 3087 915 3122 αὐτὸ
936 3089 1037 3121 τοῦτο
1055 3087 1095 3130 δὴ
1123 3087 1176 3120 καὶ
1208 3087 1227 3132 ἢ
1247 3087 1344 3121 οὐδὲν
1359 3085 1513 3131 βλάψειν
1530 3083 1711 3131 ἀφεθέντες
1728 3086 1791 3120 ἔτι·
1818 3085 1955 3132 μέτριον
1972 3086 2010 3121 δὲ
2027 3086 2081 3120 καὶ
2097 3087 2137 3120 τὸ
2153 3087 2252 3132 χαρί-

131 3142 282 3180 μάλιστα
311 3141 536 3187 συκοφαντεῖν
554 3138 793 3186 ἐπιχειρήσειν,
813 3139 859 3175 ὡς
886 3138 1047 3182 ἐπίδειξιν
1069 3137 1176 3173 οὖσαν
1211 3138 1339 3174 σασθαι
1358 3138 1524 3183 δεομένοις
1537 3137 1626 3182 ἡμῖν,
1642 3139 1695 3172 καὶ
1711 3139 1751 3172 τὸ
1770 3137 1910 3182 ἐλεῆσαι
1924 3138 1961 3173 δὲ
1971 3139 2030 3173 τὸν
2046 3139 2174 3185 πατέρα
2191 3139 2251 3173 αὖ·

131 3195 171 3230 τὸ
187 3195 338 3241 πρᾶγμα,
358 3194 412 3228 καὶ
429 3195 615 3240 πρόσχημα
641 3193 775 3237 μᾶλλον
792 3191 841 3228 εἷς
858 3192 936 3227 τοὺς
953 3190 1118 3231 πολλοὺς,
1138 3190 1177 3224 οὐ
1210 3195 1287 3230 τῶν,
1314 3190 1467 3237 γέροντα,
1490 3191 1534 3226 ὣς
1558 3191 1633 3225 ἔστι
1660 3190 1898 3232 πυνθάνεσθαι,
1917 3193 1983 3225 τῶν
2006 3191 2252 3235 εὐγενεστάτων

130 3244 441 3292 μεγαλοφροσῦνην
466 3245 635 3290 οὐδεμίαν·
681 3245 772 3279 ὥστε
802 3243 935 3279 τούτοιν
962 3243 1023 3288 μὲν
1049 3243 1178 3288 ἀμφοῖν
1210 3241 1246 3277 ἐν
1272 3238 1389 3285 Πέλλῃ
1417 3239 1470 3274 καὶ
1505 3239 1587 3274 κατὰ
1610 3238 1723 3274 τᾶλλα
1747 3236 1902 3284 δοκίμων.
1941 3237 1979 3275 ὃς
2008 3239 2109 3275 αὐτὸς
2140 3239 2248 3275 ἐλθὼν

135 3299 231 3334 ἕνεκα
254 3298 314 3334 κᾶν
338 3297 558 3344 ἐδεξάμεσθα.
579 3301 633 3332 καὶ
655 3296 788 3332 Κλίτων
811 3295 851 3341 δὴ
875 3295 1070 3332 ἐπέστειλεν
1095 3294 1174 3340 ἡμῖν
1211 3292 1370 3338 Ἀθήναζε
1401 3291 1456 3339 ἐφ’
1492 3291 1577 3337 ἡμᾶς
1607 3290 1807 3339 κατέφυγεν,
1835 3291 1979 3328 ἐλπίσας
2014 3291 2180 3327 δύνασθαί
2214 3308 2247 3328 τι

136 3351 226 3389 ὅπως
259 3353 435 3397 λάβοιμεν,
470 3349 656 3395 ἀπειλήσας
690 3349 878 3396 ὄμγιεῖσθαι
911 3348 957 3394 μὴ
992 3350 1174 3391 λαβοῦσιν.
1208 3347 1299 3393 παρὰ
1323 3346 1391 3380 σοί·
1422 3345 1475 3380 καὶ
1506 3344 1622 3390 ἐδεήθη
1650 3347 1754 3381 ταῦτα
1777 3345 1968 3381 ἐπιστεῖλαί
1994 3355 2063 3379 σοι·
2091 3345 2183 3381 ἀλλὰ
2198 3347 2244 3390 μὴ

93 3424 100 3430 =
136 3405 213 3440 ἀλλ’
233 3405 278 3441 ὣς
294 3406 333 3440 τὸ
350 3405 413 3451 μὲν
429 3405 589 3450 αὔταρκες
605 3403 684 3448 ἡμῖν
699 3417 737 3437 τε
755 3403 809 3438 καὶ
826 3404 896 3438 τοῖς
912 3402 1031 3448 φίλοις
1053 3405 1171 3448 παρόν·
1208 3400 1418 3446 φαυλότερος
1447 3396 1529 3445 γε’νῃ
1558 3399 1636 3446 περὶ
1663 3398 1749 3444 ἡμᾶς
1776 3398 1796 3444 ἢ
1827 3399 1949 3435 ἐκεῖνος
1976 3397 2158 3440 ὑπέλαβεν.
2188 3399 2242 3445 ἕρ-

136 3459 176 3494 τὸ
195 3458 231 3493 δὲ
250 3458 316 3493 ὑπὸ
333 3460 399 3494 σοῦ
423 3457 580 3503 πεμφθὲν
595 3458 713 3492 πλεῖον
734 3454 754 3500 ἢ
781 3454 866 3491 ὅσον
882 3455 905 3500 ἥ
920 3469 958 3491 τε
979 3457 1095 3501 κτῆσις
1113 3455 1173 3499 ἥρ·
1209 3466 1316 3498 ρωσο.

136 3514 219 3560 μοζε
237 3511 290 3546 καὶ
308 3510 348 3556 ἦν
365 3511 444 3557 ἡμῖν
460 3510 480 3555 ἡ
498 3510 634 3557 φυλακὴ
650 3508 759 3556 ῥᾳδία.
1166 3549 1187 3580 4
1208 3558 1232 3583 Y
