2488 3860
171 588 250 619 ΘΗ.

234 660 244 672 ,
273 635 308 670 τί
325 636 407 680 δῆτά
423 650 488 681 μου
505 636 595 682 κρᾶτ’
615 637 829 685 ἀνεκάλυψας
845 637 952 687 ἦλίῳς

171 693 246 723 ΘΗ.

171 797 247 828 θΗ.

171 848 243 879 ΗΡ.

172 901 247 932 θΗ.

175 953 245 984 ΗΡ.

173 1005 248 1036 ΘΗ.

172 1057 244 1088 ΗΡ.

172 1110 248 1140 ΘΗ.

172 1162 241 1192 ΗΡ.

173 1214 249 1244 ΘΗ.

173 1266 243 1296 ΗΡ.

173 1319 235 1349 ΘΗ
242 1340 250 1348 .

173 1371 242 1401 ΗΡ.

173 1423 247 1453 θΗ.

172 1476 241 1505 ΗΡ.

173 1528 247 1558 ΘΗ.

172 1580 242 1610 ΗΡ.

172 1633 246 1662 θΗ.

171 1685 242 1715 ΗΡ.

171 1737 245 1768 ΘΗ.

171 1790 240 1820 ΗΡ.

171 1843 246 1873 ΘΗ.

171 1895 241 1926 ΗΡ.

842 275 1118 315 ΗΡΑΚΛΗΣ
1158 274 1580 315 ΜΑῙΝΟΜΕΝΟΣ.
2190 273 2271 314 325

272 371 444 414 ἀνίστατ’,
462 373 658 421 ἐκκάλυψον
675 375 794 411 ἄθλιον
810 377 906 424 κάρα,

271 425 412 473 βλέψον
425 428 511 464 πρὸς
526 426 623 471 ἡμᾶς.
660 427 755 465 ὅστις
772 429 906 475 εὐγενὴς
922 430 1066 477 βροτὸν,

274 477 373 525 φέρει
389 478 432 514 τὰ
448 478 534 514 θεῶν
548 493 590 526 γε
605 481 764 525 πτώματ’,
784 480 855 517 οὐδ’
874 482 1048 518 ἀναίνεται.

669 531 876 547 222222

278 585 418 628 ἤκουσα,
436 584 490 618 καὶ
506 583 669 627 βλέποντι
687 587 856 630 σημαίνεις
873 588 964 622 κακά.
1124 597 1203 629 1230

273 687 308 722 τί
324 686 356 723 δ’
375 689 415 722 οὔ
424 703 436 728 ,·
461 689 600 733 μιαίνεις
617 689 733 733 θνητὸς
750 690 795 725 ὣν
811 691 853 725 τὰ
870 696 935 726 τῶν
952 690 1058 731 θεῶν,·

275 739 390 786 φεῦγ’,
409 739 435 774 ὧ
451 740 646 787 ταλαίπωρ’,
666 742 802 777 ἀνόσιον
818 742 939 789 μίασμ’
959 743 1047 787 ἐμόν.

274 793 382 828 οὐδεὶς
399 792 559 840 ἀλάστωρ
575 796 646 829 τοῖς
662 794 778 839 φίλοις
796 796 832 829 ἐκ
849 800 916 831 τῶν
932 795 1057 842 φίλων.

276 841 422 889 ἐπῄνεσ’.
461 843 498 879 εὖ
515 845 642 892 δράσας
659 846 696 881 δέ
714 847 748 881 σ’
769 848 829 883 οὔκ
845 848 1027 893 ἀναίνομαι.
1125 858 1202 890 1235

275 896 342 942 ἐγὼ
360 897 396 932 δέ
413 898 557 943 πάσχων
573 896 611 932 εὖ
627 898 695 934 τότ’
714 900 864 946 οἰκτείρω
883 915 926 936 σε
943 902 1011 936 νῦν.

277 949 407 995 οἰκτρὸς
422 949 488 996 γάρ
506 949 583 993 εἶμι,
602 949 678 995 τᾶμ’
698 952 890 989 ἀποκτείνας
906 952 1013 987 τέκνα.

276 1001 380 1036 κλαίω
397 1003 497 1047 χάριν
513 1001 580 1046 σὴν
596 1001 654 1049 ἐφ’
674 1004 820 1050 ἑτέραισι
839 1006 1040 1052 συμφοραῖς.

273 1052 371 1100 ηὗρες
387 1053 426 1088 δέ
443 1053 475 1101 γ’
493 1054 620 1093 ἄλλους
638 1055 674 1090 ἐν
690 1059 821 1091 κακοῖσι
838 1057 990 1102 μείζοσιν
1000 1070 1010 1098 ;

275 1105 371 1141 ἅπτει
389 1105 534 1142 κάτωθεν
551 1108 690 1154 ούρανοῦ
708 1109 907 1155 δυσπραξίᾳ.
1127 1121 1206 1152 1240

272 1158 389 1204 τοι-γὰρ
405 1159 693 1205 παρεσκευάσμεθ’
714 1161 803 1196 ὥστε
821 1161 1001 1198 κατθανεῖν.

278 1211 385 1246 δοκεῖς
401 1210 549 1246 ἀπειλῶν
565 1216 637 1246 σῶν
653 1212 772 1257 μέλειν
788 1227 821 1247 τι
839 1214 994 1258 δαίμοσιν
1003 1228 1015 1253 5

276 1262 417 1298 αὔθαδες
434 1266 452 1297 ὁ
471 1263 556 1299 θεός·
582 1266 667 1310 πρὸς
684 1265 720 1299 δὲ
738 1265 815 1301 τοὺς
833 1265 928 1301 θεοὺς
945 1267 1024 1312 ἐγώ.

275 1312 357 1360 ἴσχε
374 1315 484 1360 στόμ’,
504 1315 549 1352 ῶς
565 1317 609 1361 μὴ
626 1317 712 1363 μέγα
728 1318 839 1363 λέγων
853 1319 964 1363 μεῖζον
979 1317 1098 1362 πάθῃς.

274 1366 365 1412 γέμω
383 1371 490 1402 κακῶν
506 1368 558 1413 δὴ,
577 1367 703 1404 κούκέτ’
722 1367 798 1404 ἔσθ’
818 1369 901 1406 ὅπου
918 1370 1010 1415 τεθῇ.
1124 1379 1203 1415 1245

276 1419 412 1464 δράσεις
429 1420 465 1454 δὲ
483 1420 522 1464 δὴ
540 1421 574 1454 τί
584 1435 596 1460 ,·
621 1424 682 1456 ποῖ
696 1421 794 1468 φέρει
812 1422 1015 1468 θυμούμενος
1025 1436 1038 1462 ,·

274 1470 390 1513 θανὼν,
409 1471 550 1519 ὅθενπερ
566 1471 682 1517 ἦλθον,
703 1471 768 1518 εἶμι
784 1475 846 1521 γῆς
862 1472 937 1511 ὕπο.

275 1521 405 1569 εἴρηκας
422 1524 635 1570 ἐπιτυχόντος
651 1525 826 1572 ἀνθρώπου
842 1527 978 1573 λόγους.

276 1575 321 1610 σὺ
338 1574 370 1610 δ’
390 1576 482 1612 ἐκτὸς
499 1576 544 1611 ὤν
559 1592 601 1623 γε
619 1579 797 1624 συμφορᾶς
813 1593 854 1623 με
871 1579 1046 1615 νουθετεῖς.

274 1630 293 1662 ὁ
309 1628 425 1663 πολλὰ
442 1629 482 1673 δὴ
499 1630 581 1665 τλὰς
597 1629 766 1676 Ἡρακλῆς
781 1631 877 1678 λέγει
893 1632 993 1672 τάδε,·
1123 1644 1202 1677 1250

274 1681 392 1715 οὔκουν
408 1682 557 1716 τοσαῦτά
571 1681 618 1728 γ’,
638 1682 667 1716 εἶ
683 1683 791 1732 μέτρῳ
809 1683 1006 1729 μοχθητέον.

276 1732 448 1779 εὐεργέτης
463 1735 619 1779 βροτοῖσι
637 1735 690 1770 καὶ
706 1736 809 1782 μέγας
826 1737 952 1782 φίλοςς

272 1783 334 1819 οἵδ’
354 1786 450 1820 οὐδὲν
466 1786 643 1831 ὠφελοῦσί
658 1786 706 1832 μ’,
724 1787 801 1823 ἀλλ’
815 1788 908 1833 Ἥρα
925 1791 1047 1835 κρατεῖ.

274 1836 333 1871 οὐκ
351 1837 391 1872 ἅν
408 1837 443 1873 σ’
463 1837 636 1885 ἀνάσχοιθ’
654 1839 779 1877 Ἑλλὰς
796 1840 918 1887 ἀμαθίᾳ
936 1842 1054 1878 θανεῖν.

272 1889 371 1924 ἄκουε
388 1889 428 1934 δή
446 1904 514 1930 νυν,
534 1891 578 1927 ὣς
595 1890 770 1936 ἀμιλληθῶ
786 1894 904 1939 λόγοις
1122 1907 1200 1940 1255

269 1941 354 1988 πρὸς
371 1941 581 1987 νουθετήσεις
598 1944 671 1980 σάς·
698 1944 873 1989 ἀναπτύξω
891 1946 928 1981 δέ
945 1960 1002 1981 σοι
1180 1960 1183 1972 1*

271 1994 419 2037 ἀβίωτον
434 1994 511 2039 ἡμῖν
527 1998 585 2031 νῦν
600 2010 638 2031 τε
655 1997 708 2032 καὶ
723 1998 882 2044 πάροιθεν
899 1998 946 2034 ὅν.

269 2050 403 2093 πρῶτον
418 2047 479 2092 μὲν
495 2048 532 2082 ἐκ
548 2049 638 2083 τοῦδ’
658 2049 816 2096 ἐγενόμην
833 2049 928 2087 ὅστις
945 2051 1070 2086 κτανὼν

269 2101 393 2145 μητρὸς
408 2101 542 2146 γεραιὸν
558 2102 694 2147 πατέρα,
712 2104 961 2149 προστρόπαιος
978 2103 1035 2144 ῶν,

271 2151 373 2197 ἔγημε
389 2152 450 2196 τὴν
465 2156 630 2189 τεκοῦσαν
645 2153 833 2199 Ἀλκμήνην
850 2155 918 2200 ἐμέ.
1120 2158 1200 2192 1260

271 2203 351 2238 ὅταν
368 2204 405 2239 δὲ
422 2206 539 2250 κρηπὶς
556 2206 600 2251 μὴ
618 2206 811 2251 καταβληθῇ
830 2209 947 2253 γένους

270 2255 388 2302 ὀρθῶς,
407 2256 530 2302 ἀνάγκη
548 2259 727 2304 δυστυχεῖν
743 2259 820 2295 τοὺς
837 2259 1002 2306 ἐκγόνους.

270 2308 350 2344 Ζεὺς
367 2307 411 2351 δ’,
430 2308 526 2345 ὅστις
543 2311 562 2345 ὁ
579 2311 669 2351 Ζεὺς,
687 2312 849 2356 πολέμιόν
865 2313 897 2357 μ’
916 2311 1064 2358 ἐγείνατο

264 2359 368 2407 Ἥρᾳ·
396 2360 441 2396 σὺ
456 2362 568 2406 μέντοι
584 2363 687 2408 μηδὲν
703 2362 884 2409 ἀχθεσθῇς,
902 2364 1012 2411 γέρον·

267 2412 394 2459 πατέρα
409 2414 475 2460 γὰρ
492 2414 565 2450 ἀντὶ
582 2417 683 2459 Ζηνὸς
699 2414 842 2462 ἡγοῦμαί
859 2415 894 2451 σ’
915 2417 991 2462 ἐγώ.
1121 2419 1197 2461 1265

269 2465 313 2500 ἔτ’
333 2465 369 2500 ἐν
383 2466 528 2512 γάλακτί
543 2467 572 2502 τ’
591 2467 661 2502 ὄντι
677 2467 874 2514 γοργωποὺς
891 2467 989 2514 ὄφεις

270 2518 500 2564 ἐπεισέφρησε
518 2521 745 2567 σπαργάνοισι
761 2522 831 2557 τοῖς
847 2520 939 2565 ἐμοῖς

269 2568 289 2613 ἡ
307 2573 366 2605 τοῦ
385 2570 464 2606 Διὸς
481 2571 699 2618 σύλλεκτρος,
719 2572 762 2608 ὧς
779 2572 950 2617 ὀλοίμεθα.

269 2622 340 2657 ἐπεὶ
358 2622 395 2657 δὲ
412 2624 536 2669 σαρκὸς
551 2623 740 2670 περιβόλαι’
759 2625 946 2669 ἐκτησάμην

268 2673 414 2718 ἡβῶντα,
432 2675 579 2720 μόχθους
596 2675 653 2712 οὓς
670 2677 769 2720 ἔτλην
785 2676 819 2711 τί
835 2677 887 2711 δεῖ
902 2676 1013 2723 λέγειν
1023 2691 1034 2717 ,·
1121 2687 1200 2722 1270

264 2726 380 2763 ποίους
396 2725 472 2761 ποτ’
490 2726 510 2772 ἦ
527 2727 665 2764 λέοντας
681 2727 702 2773 ἢ
719 2729 949 2774 τρισωμάτους
983 2728 989 2733 ’

267 2778 428 2823 Τυφῶνας
444 2778 465 2823 ἢ
484 2781 642 2826 Γίγαντας
658 2779 678 2824 ἢ
697 2782 901 2826 τετρασκελῆ

269 2829 536 2876 κενταυροπληῆ
553 2833 702 2877 πόλεμον
718 2833 779 2866 οῦκ
796 2831 941 2876 ἐξήνυσα
955 2847 966 2872 ,·

267 2882 328 2927 τήν
343 2880 376 2916 τ’
395 2882 604 2930 ἀμφίκρανον
620 2885 673 2919 καὶ
690 2885 934 2929 παλιμβλαστῆ
953 2882 1032 2920 κύνα

267 2933 371 2981 ὕδραν
386 2935 565 2981 φονεύσας,
583 2936 709 2982 μυρίων
725 2935 755 2970 τ’
775 2936 889 2972 ἄλλων
904 2939 1016 2972 πόνων
1120 2948 1195 2982 1275

268 2986 406 3031 διῆλθον
422 2987 560 3034 ἀγέλας,
579 2988 638 3024 κάς
655 2987 788 3034 νεκροὺς
804 2988 982 3034 ἀφικόμην,

262 3037 382 3074 ‘Aaou
399 3041 555 3087 πυλωρὸν
571 3039 652 3075 κύνα
667 3042 840 3086 τρίκρανον
853 3041 886 3078 ἐς
903 3042 993 3087 φάος

267 3091 357 3127 ὅπως
372 3091 570 3138 πορεύσαιμ’
589 3093 737 3128 ἐντολαῖς
754 3093 960 3139 Εὐρυσθέως.

267 3145 326 3179 τὸν
342 3143 503 3180 λοίσθιον
521 3145 557 3179 δὲ
574 3144 661 3179 τόνδ’
681 3145 781 3188 ἔτλην
795 3146 900 3182 τάλας
915 3146 1028 3185 πόνον,

266 3195 530 3241 παιδοκτονήσας
547 3197 639 3241 δῶμα
657 3196 841 3242 θριγκῶσαι
859 3199 981 3233 κακοῖς.
1116 3203 1197 3234 1280

267 3247 335 3292 ἥκω
353 3245 384 3282 δ’
403 3248 546 3294 ἀνάγκης
563 3250 597 3284 ἐς
613 3247 693 3283 τόδ’·
720 3245 790 3283 οὔτ’
810 3249 903 3294 ἐμαῖς
919 3249 1038 3295 φίλαις

268 3298 398 3343 Θήβαις
414 3301 549 3335 ἐνοικεῖν
566 3301 672 3335 ὅσιον·
699 3300 739 3344 ἢν
756 3301 792 3335 δὲ
810 3302 863 3336 καὶ
879 3301 978 3347 μένω,

268 3350 302 3387 ἐς
317 3353 416 3387 ποῖον
433 3353 505 3399 ἱρὸν
520 3352 540 3397 ἢ
558 3352 740 3399 πανήγυριν
756 3354 869 3399 φίλων

268 3399 357 3448 εἷμ’,·
383 3405 423 3439 οὔ
440 3405 506 3451 γὰρ
523 3404 604 3440 ἄτας
621 3405 891 3451 εὐπροσηγόρους
907 3406 983 3451 ἔχω.

266 3454 345 3490 ἀλλ’
357 3453 484 3503 Ἀργος
500 3456 612 3497 ἔλθω,·
638 3460 720 3499 πῶς,
733 3456 804 3492 ἐπεὶ
817 3456 934 3504 φεύγω
950 3458 1078 3504 πάτραν
1087 3473 1098 3499 ,·
1116 3463 1193 3505 1285

266 3506 343 3553 φέρ’
361 3506 439 3542 ἀλλ’
458 3509 492 3545 ἐς
509 3509 617 3552 ἀλλην
634 3507 675 3553 δή
692 3507 754 3543 τιν’
773 3507 911 3554 ὁρμήσω
929 3511 1039 3545 πόλιν·

267 3557 395 3595 κᾶπειθ’
412 3559 670 3605 ὑποβλεπώμεθ’
671 3607 680 3611 .
689 3561 733 3597 ὡς
751 3560 963 3610 ἐγνωσμένοι.

1248 1578 1323 1608 θΗ.

1245 3149 1312 3179 ΗΡ.

1343 378 1508 423 γλώσσης
1523 377 1653 421 πικροῖς
1669 374 1835 421 κέντροισι
1852 373 2143 421 κλῃδουχούμενοι,

1345 430 1410 474 οὐχ
1426 428 1522 464 οὗτος
1539 429 1559 462 ὁ
1577 428 1664 467 Διὸς,
1685 425 1721 462 ὃς
1738 427 1821 461 τέκν’
1840 427 1980 462 ἔκτεινέν
1995 441 2078 462 ποτε

1346 481 1495 527 δάμαρτά
1511 480 1565 520 τ’,·
1592 480 1631 513 οὐ
1647 479 1709 524 γῆς
1726 478 1822 522 τῆσδ’
1842 478 2138 526 ἀποφθαρήσεταις
2194 492 2274 525 ¹²90

1346 531 1533 579 κεκλημένῳ
1551 532 1587 566 δὲ
1605 531 1694 576 φωτὶ
1710 531 1859 578 μακαρίῳ
1875 532 1957 566 ποτὲ

1346 585 1380 619 αἱ
1397 584 1582 627 μεταβολαὶ
1598 583 1757 630 λυπηρόν·
1785 580 1812 630 ᾧ
1832 583 1862 618 δ’
1882 582 1934 618 ἀεὶ
1951 587 2056 620 κακῶς

1346 636 1430 677 ἔστ’,
1450 636 1546 671 οὐδὲν
1561 637 1670 683 ἀλγεῖ,
1690 637 1861 681 συγγενῶς
1878 633 2039 680 δύστηνος
2056 634 2112 670 ὤν.

1347 689 1381 724 ἐς
1397 690 1496 723 τοῦτο
1513 687 1542 723 δ’
1561 688 1653 733 ἥξειν
1670 687 1850 733 συμφορᾶς
1866 684 1957 731 οἶμαί
1973 702 2065 723 ποτε·

1347 740 1463 787 φωνὴν
1478 742 1544 787 γὰρ
1561 741 1638 786 ἥσει
1653 739 1747 785 χθὼν
1763 738 1992 774 ἀπεννέπουσά
2007 755 2049 784 με
2197 752 2274 784 1295

1346 792 1391 837 μὴ
1410 792 1578 839 θιγγάνειν
1594 794 1667 839 γῆς,
1685 792 1739 826 καὶ
1755 791 1917 826 θάλασσα
1933 791 1978 836 μὴ
1996 794 2112 838 περᾶν,

1347 844 1452 890 πηγαί
1468 859 1505 879 τε
1521 848 1687 891 ποταμῶν,
1708 844 1761 879 καὶ
1778 845 1837 878 τὸν
1853 843 2084 890 ἁρματήλατον

1347 895 1458 940 Ἰξίον’
1478 898 1513 931 ἐν
1530 898 1707 943 δεσμοῖσιν
1724 895 1958 941 ἐκμιμήσομαι.

1349 950 1402 984 καὶ
1418 947 1511 984 ταῦτ’
1529 950 1662 996 ἄριστα,
1679 949 1789 994 μηδέν’
1807 947 1978 994 Ἐλλήνων
1992 948 2028 994 μ’
2047 950 2138 995 ὁρᾶν,

1350 1003 1386 1036 ἐν
1401 999 1492 1037 οἷσιν
1508 1003 1721 1049 εὐτυχοῦντες
1736 1000 1818 1047 ἦμεν
1835 1000 1961 1042 ὄλβιοι.
2195 1006 2277 1045 ’1300

1349 1055 1383 1089 τί
1400 1055 1482 1098 δῆτά
1498 1069 1541 1099 με
1558 1056 1616 1099 ζῆν
1632 1055 1706 1094 δεῖς
1731 1055 1766 1088 τί
1782 1053 1897 1100 κέρδος
1915 1053 2041 1098 ἕξομεν.

1347 1106 1427 1149 βίον
1441 1105 1476 1152 γ’
1494 1106 1632 1153 ἀχρεῖον
1647 1107 1784 1142 ἀνόσιον
1799 1106 2008 1151 κεκτημένοις

1346 1160 1515 1205 χορευέτω
1533 1160 1570 1194 δὲ
1587 1158 1690 1204 Ζηνὸς
1706 1158 1726 1203 ἦ
1744 1157 1855 1202 κλεινὴ
1874 1158 1993 1204 δάμαρ,

1346 1209 1505 1257 κρούουσ’
1524 1209 1699 1256 Ὀλύμπου
1717 1209 1838 1255 δώματ’
1856 1210 1989 1256 ἀρβύλῃ
2006 1211 2119 1248 ποδός·

1349 1263 1471 1309 ἔπραξε
1488 1262 1555 1310 γὰρ
1570 1263 1740 1308 βούλησιν
1756 1261 1797 1307 ἣν
1813 1262 1985 1304 ἐβούλετο,
2198 1275 2276 1310 1305

1349 1314 1440 1361 ἄνδρ’
1458 1315 1624 1353 Ἑλλάδος
1640 1318 1698 1351 τὸν
1713 1318 1846 1361 πρῶτον
1861 1315 2013 1350 αι’ντοῖσιν
2028 1316 2147 1363 βάροις

1349 1367 1415 1401 ἅνω
1433 1369 1520 1403 κάτω
1538 1369 1732 1415 στρέψασα.
1767 1366 1901 1412 τοιαύτῃ
1920 1367 1985 1415 θεῷ

1347 1419 1400 1455 τίς
1416 1419 1457 1454 ἂν
1471 1419 1691 1466 προσεύχοιθ’
1703 1435 1715 1461 ,·
1741 1417 1763 1464 ἢ
1778 1421 1931 1466 γυναικὸς
1948 1417 2075 1465 οὕνεκα,

1347 1472 1496 1518 λέκτρων
1512 1473 1689 1518 φθονοῦσα
1706 1473 1793 1516 Ζηνὶ,
1812 1472 1891 1508 τοὺς
1907 1471 2081 1519 εὐεργέτας

1347 1522 1514 1561 Ἑλλάδος
1530 1524 1679 1561 ἀπώλεσ’
1697 1524 1792 1559 οὐδὲν
1809 1523 1904 1561 ὄντας
1921 1524 2056 1561 αἰτίους.
2199 1539 2278 1569 1310

1350 1577 1409 1611 οὐκ
1426 1577 1520 1612 ἔστιν
1537 1579 1644 1611 ἄλλον
1662 1578 1824 1622 δαιμόνων
1840 1577 1931 1622 ἀγὼν
1947 1575 2004 1611 ὅδε

1348 1627 1368 1673 ἢ
1386 1629 1445 1673 τῆς
1462 1630 1541 1666 Διὸς
1558 1630 1732 1676 δάμαρτος·
1759 1627 1796 1664 εὖ
1812 1625 1881 1664 τόδ’
1901 1628 2061 1664 αἰσθάνει.

1495 1691 1518 1714 ε
1640 1692 1659 1711 ι
1764 1691 1783 1710 ι
1910 1691 1930 1710 ο

1348 1733 1579 1780 παραινέσαιμ’
1598 1734 1638 1768 ἂν
1654 1735 1786 1779 μᾶλλον
1803 1732 1822 1778 ἦ
1840 1733 1987 1778 πάσχειν
2004 1736 2123 1778 καμῶς.

1349 1787 1457 1823 οὐδεὶς
1474 1787 1509 1821 δὲ
1528 1787 1654 1831 θνητῶν
1669 1788 1741 1822 ταῖς
1757 1784 1873 1831 τύχαις
1890 1784 2060 1832 ἀκήρατος,

1348 1837 1388 1874 οὗ
1406 1838 1501 1880 θεῶν,
1522 1839 1642 1874 ἀοιδῶν
1658 1837 1751 1884 ε’ίπερ
1769 1838 1807 1872 οὗ
1824 1837 1963 1880 ψευδεῖς
1979 1839 2087 1884 λόγοι.
2200 1851 2275 1882 1315

1349 1891 1388 1926 οὗ
1402 1891 1526 1938 λέκτρα
1542 1889 1573 1926 τ’
1593 1890 1807 1936 ἀλλήλοισιν,
1826 1889 1871 1924 ὧν
1887 1890 1994 1926 οὐδεὶς
2013 1892 2122 1936 νόμος,

1350 1944 1530 1991 συνῆψανς
1557 1945 1596 1979 οὐ
1614 1944 1773 1989 δεσμοῖσι
1790 1943 1845 1977 διὰ
1861 1942 2052 1989 τυραννίδας

1347 1998 1492 2043 πατέρας
1509 1996 1736 2040 ἐκηλίδωσαν,
1762 1995 1841 2030 ἀλλ’
1860 1993 1989 2029 οἶκοῦσ’
2009 1995 2096 2040 ὅμως

1341 2046 1522 2094 ’Ὄλυμπον
1539 2047 1722 2094 ἧνέσχαντό
1740 2045 1771 2082 θ’
1791 2047 2019 2093 ἡμαρτηκότες.

1348 2101 1454 2135 καίτοι
1470 2101 1505 2136 τί
1521 2099 1655 2147 φήσεις,
1674 2101 1704 2135 εἶ
1722 2100 1767 2135 σὺ
1783 2100 1844 2145 μὲν
1861 2098 1977 2143 θνητὸς
1993 2100 2102 2146 γεγὼς
2196 2113 2276 2144 1320

1345 2153 1462 2199 φέρεις
1477 2154 1629 2200 ὑπέρφευ
1646 2154 1705 2188 τὰς
1721 2150 1834 2198 τύχας,
1850 2151 1919 2186 θεοὶ
1937 2151 1973 2186 δὲ
1990 2150 2058 2196 μή,·

1347 2205 1463 2250 Θήβας
1479 2207 1540 2251 μὲν
1556 2204 1614 2240 οὖν
1631 2207 1764 2240 ἔκλειπε
1780 2207 1839 2240 τοῦ
1858 2204 1958 2248 νόμον
1975 2205 2085 2250 χάριν,

1466 2259 1474 2270 .
1499 2259 1515 2272 ,
1538 2258 1548 2270 ,
1573 2257 1583 2269 ι

1345 2309 1415 2346 ἐκεῖ
1429 2312 1531 2358 χέρας
1549 2311 1613 2346 σὰς
1630 2310 1769 2357 ἁγνίσας
1785 2311 1982 2354 μιάσματος,

1346 2362 1467 2407 δόμους
1483 2378 1520 2398 τε
1538 2363 1637 2398 δώσω
1654 2363 1831 2408 χρημάτων
1847 2361 1876 2395 τ’
1897 2361 1983 2406 ἐμῶν
1998 2360 2107 2408 μέρος.
2196 2374 2273 2407 1325

1345 2413 1367 2448 ἃ
1385 2413 1415 2449 δ’
1435 2416 1472 2451 ἐκ
1488 2416 1636 2450 πολιτῶν
1652 2414 1729 2460 δῶρ’
1747 2415 1814 2459 ἔχω
1834 2414 1950 2449 σώσας
1967 2415 2085 2460 κόρους

1346 2466 1396 2502 δὶς
1414 2468 1508 2507 ἔπτὰ,
1527 2469 1649 2514 ταῦρον
1666 2467 1818 2501 Κνώσιον
1835 2467 2052 2507 κατακτανὼν,

1346 2520 1404 2554 σοὶ
1421 2523 1523 2555 ταῦτα
1540 2520 1651 2554 δώσω·
1676 2520 1846 2564 πανταχοῦ
1863 2518 1902 2552 δέ
1916 2531 1973 2563 μοι
1990 2517 2111 2564 χθονὸς

1345 2573 1462 2616 τεμένη
1481 2572 1650 2607 δέδασται.
1687 2570 1777 2605 ταῦτ’
1797 2570 2056 2616 ἐπωνομασμένα

1346 2623 1446 2659 σέθεν
1461 2627 1500 2659 τὸ
1517 2625 1638 2659 λοιπὸν
1656 2623 1692 2658 ἐκ
1708 2624 1841 2669 βροτῶν
1858 2621 2055 2667 κεκλήσεται
2194 2638 2228 2668 ¹3
2235 2638 2273 2667 30

1347 2677 1476 2719 ζῶντος·
1504 2676 1644 2711 θανόντα
1661 2674 1703 2716 δ’,
1722 2672 1789 2709 εὖτ’
1810 2675 1850 2709 ἂν
1867 2675 1915 2711 εἷς
1926 2673 2044 2710 Ἃιδου
2060 2676 2178 2720 μόλῃς,

1346 2727 1498 2764 θυσίαισι
1514 2725 1664 2763 λαΐνοισί
1680 2726 1710 2762 τ’
1730 2727 1960 2774 ἐξογκώμασιν

1344 2780 1453 2825 τίμιον
1470 2780 1583 2824 ἀνάξει
1600 2779 1684 2815 πᾶσ’
1705 2778 1887 2823 Ἀθηναίων
1901 2781 2011 2816 πόλις.

1345 2833 1446 2869 καλὸς
1462 2834 1527 2880 γὰρ
1545 2833 1662 2868 ἀστοῖς
1677 2831 1845 2877 στέφανος
1860 2830 2034 2876 Ἑλλήνων
2048 2829 2114 2868 ὕπο

1344 2885 1433 2932 ἄνδρ’
1453 2884 1579 2920 ἐσθλὸν
1596 2885 1810 2930 ὠφελοῦντας
1826 2883 1975 2920 εὐκλείας
1992 2886 2117 2929 τυχεῖν.
2193 2899 2269 2931 ¹335

1345 2937 1434 2983 κάγὼ
1450 2937 1550 2983 χάριν
1568 2950 1625 2971 σοι
1640 2937 1700 2981 τῆς
1716 2937 1795 2981 ἐμῆς
1812 2936 1979 2983 σωτηρίας

1343 2988 1432 3033 τήνδ’
1451 2989 1633 3024 ἀντιδώσω·
1661 2990 1718 3023 νῦν
1734 2989 1800 3035 γὰρ
1818 2985 1851 3022 εἶ
1863 2990 1977 3034 χρεῖος
1993 2989 2116 3034 φίλων.

1345 3040 1415 3075 θεοὶ
1433 3039 1463 3075 δ’
1482 3040 1561 3075 ὅταν
1578 3043 1731 3085 τιμῶσιν,
1748 3039 1844 3075 οὐδὲν
1861 3040 1913 3074 δεῖ
1928 3041 2053 3086 φίλων.

1344 3093 1420 3129 ἅλις
1435 3093 1501 3139 γὰρ
1519 3094 1538 3127 ὁ
1556 3092 1632 3129 θεὸς
1649 3093 1803 3139 ὠφελῶν,
1821 3091 1901 3126 ὅταν
1917 3092 2016 3137 θέλῃ.

1344 3143 1443 3188 οἶμοι·
1470 3146 1623 3191 πάρεργά
1637 3159 1690 3179 τοι
1707 3144 1778 3179 τάδ’
1796 3142 1870 3179 ἔστ’
1889 3144 1976 3189 ἐμῶν
1993 3148 2109 3180 κακῶν.
2194 3160 2273 3190 1340

1345 3197 1411 3243 ἐγὼ
1429 3197 1466 3232 δὲ
1482 3198 1559 3233 τοὺς
1577 3197 1670 3233 θεοὺς
1689 3199 1765 3231 οὔτε
1780 3193 1894 3241 λέκτρ’
1912 3196 1934 3231 ἃ
1950 3197 1995 3241 μὴ
2014 3196 2107 3242 θέμις

1343 3248 1497 3294 στέργειν
1513 3249 1645 3294 νομίζω,
1665 3249 1773 3293 δεσμά
1789 3247 1820 3282 τ’
1839 3247 1992 3291 ἐξάπτειν
2007 3252 2123 3296 χεροῖν

1343 3301 1411 3334 οὔτ’
1430 3299 1561 3345 ἧξίωσα
1576 3300 1704 3336 πάσι-στ’
1722 3303 1799 3335 οὔτε
1815 3300 1986 3345 πείσομαι,

1343 3352 1411 3386 οὐδ’
1430 3354 1538 3387 ἄλλον
1554 3354 1662 3387 ἄλλον
1680 3353 1848 3396 δεσπότην
1863 3351 2058 3398 πεφυκέναι.

1342 3405 1433 3439 δεῖτα
1448 3405 1515 3451 γὰρ
1532 3406 1552 3439 ὁ
1569 3404 1655 3448 θεὸς,
1674 3403 1767 3450 ε’ίπερ
1784 3403 1855 3439 ἔστ’
1874 3403 1976 3440 ὅντως
1993 3403 2080 3447 θεὸς,
2195 3418 2271 3451 1345

1341 3456 1483 3492 οὐδενός·
1510 3457 1630 3491 ἀοιδῶν
1647 3455 1717 3491 οἵδε
1734 3455 1891 3500 δύστηνοι
1906 3457 2015 3502 λόγοι.

1342 3507 1540 3554 ἐσκεψάμην
1556 3509 1604 3547 δὲ,
1624 3509 1740 3553 καίπερ
1759 3509 1794 3542 ἐν
1811 3509 1962 3543 κακοῖσιν
1978 3506 2033 3549 ῶν,

1340 3559 1386 3605 μὴ
1403 3559 1531 3594 δειλίαν
1547 3559 1647 3606 ὄφλω
1663 3558 1725 3595 τιν’
1745 3559 1889 3595 ἐκλιπὼν
1904 3560 2003 3605 φάος.
