2488 3860
219 286 301 336 486

212 1279 238 1311 hl

241 1280 267 1309 »

211 1544 282 1574 xc»

207 3061 264 3094 ΦΙ.

210 3372 279 3407 XO.

211 3532 265 3565 ΦΙ.

1063 280 1518 331 ΑΡΙΣΤΟΦΔΝΟΫΣ

312 388 432 426 παῖδας
449 385 640 436 ἐφύτευσας
657 386 709 424 ὅτι
725 390 1093 437 χειροτεχνικωτάτους,

311 444 427 508 πρῶτα
443 442 505 487 μὲν
520 441 627 477 ἅπασι
644 442 751 488 φίλον
767 443 872 490 ἄνδρα
887 458 924 479 τε
942 444 1156 489 σοφώτατον,

311 495 370 529 τὸν
387 491 735 541 κιθαραοιδότατον,’
707 510 735 544 ῳ
751 497 849 542 χάρις
866 496 1049 542 ἐφέσπετο·

314 547 372 580 τὸν
389 546 453 581 δΗ
436 546 617 594 υποκριτὴν
634 547 759 594 ἕτερον,
777 548 978 595 ἀργαλέον(
961 563 1005 585 ως
1023 548 1148 594 σοφόν

312 595 371 633 εἶτ’
388 597 607 645 Ἀριφράδην,
625 599 716 636 πολύ
733 615 765 636 τι
783 600 1118 647 θυμοσοφικώτατον,
1167 604 1246 636 ¹280
1268 593 1270 625 Ι

312 650 423 686 ὅντινά
439 651 514 687 ποτ’
533 651 647 697 ὤμοσε
663 652 810 698 μαθόντα
825 654 916 701 παρὰ
932 655 1083 699 μηδενὸς,

312 702 392 738 ἀλλ’
410 703 476 739 ἀπὸ
495 705 609 750 σοφῆς
626 704 758 751 φύσεος
773 706 959 751 αὐτόματον
976 706 1129 752 ἐκμαθεῖν

311 756 553 802 γλωττοποιεῖν
575 756 610 795 ἐς
633 758 675 793 τὰ
690 756 820 805 πορνεῖ’
838 758 981 794 εἷσιόνθ’
998 759 1169 795 ἑκάστοτε.

315 808 336 827 ο
464 808 484 828 ο
612 809 633 830 φ
762 810 782 830 ⁴·
913 812 931 831 a

1171 859 1244 893 ἀντ.

1166 914 1244 955 1285

315 852 383 888 εἶσί
398 867 484 889 τινες
501 850 536 888 οἷ
549 850 585 898 μ’
603 854 727 901 ἔλεγον
744 855 789 891 ὣς
807 854 1086 903 καταδιηλλάγην,

312 904 407 949 ἡνίκα
424 905 542 941 Κλέων
557 906 590 951 μ’
610 907 832 954 ὑπετάραττεν
850 907 1052 954 ἐπικείμενος

313 958 367 993 καί
383 973 425 1003 με
442 958 567 995 κακίαις
584 960 706 995 ἔκνισε·
727 956 802 1006 κᾷθ’
821 959 870 995 ὅτ’
887 961 1117 1007 ἀπεδειρόμην,

313 1011 430 1047 οὑκτὸς
448 1011 575 1058 ἐγέλων
590 1012 676 1059 μέγα
694 1014 876 1059 κεκραγότα
894 1013 1064 1058 θεώμενοι,

313 1063 410 1099 οὐδὲν
427 1062 480 1110 ἄρ’
497 1064 579 1109 ἐμοῦ
596 1065 712 1110 μέλον,
732 1065 817 1101 ὅσον
834 1066 871 1100 δὲ
888 1067 989 1110 μόνον
1006 1065 1126 1102 εἰδέναι

314 1117 528 1162 σκωμμάτιον
545 1115 659 1153 ε’ίποτέ
674 1132 707 1152 τι
725 1118 924 1162 θλιβόμενος
942 1118 1089 1160 ἐκβαλῶ.

314 1172 418 1204 ταῦτα
435 1170 575 1205 κατιδὼν
591 1170 657 1206 ὑπό
673 1184 706 1205 τι
723 1172 840 1216 μικρὸν
858 1169 1048 1215 ἐπιθήκισα·

313 1219 384 1257 εἶτα
401 1225 458 1258 νῦν
475 1223 683 1266 ἐξηπάτησεν
699 1222 720 1267 ἡ
737 1223 848 1269 χάραξ
866 1224 925 1268 τὴν
942 1222 1104 1268 ἄμπελον.

1167 1184 1247 1217 ¹²90

273 1300 280 1309 .
314 1275 353 1309 ἶὼ
370 1277 515 1321 χελῶναι
532 1276 686 1322 μακάριαι
700 1278 760 1310 τοῦ
778 1275 950 1322 δέρματος,

313 1329 367 1363 καὶ
384 1328 620 1374 τρισμακάριαι
637 1330 697 1362 τοῦ
713 1327 764 1363 ’πὶ
780 1330 852 1364 ταῖς
868 1331 1030 1374 πλευραῖς
1046 1328 1174 1376 τέγους.

314 1381 358 1417 ὡς
375 1378 413 1415 εὗ
428 1380 667 1428 κατηρέψασθε
685 1381 739 1416 καὶ
756 1382 984 1423 νουβυστικῶς

313 1434 443 1481 κεράμῳ
460 1434 499 1468 τὸ
517 1436 622 1469 νῶτον
638 1434 728 1468 ὥστε
745 1433 804 1469 τὰς
820 1435 953 1481 πληγὰς
971 1434 1116 1482 στέγειν.

313 1486 379 1534 ἐγὼ
396 1485 426 1523 δ’
443 1488 607 1522 ἀπόλωλα
626 1487 819 1531 στιζόμενος
835 1488 1012 1534 βακτηρίᾳ.

315 1542 349 1577 τί
365 1541 393 1578 δ’
413 1542 518 1582 ἔστιν,
538 1539 564 1574 ὦ
581 1540 661 1579 παῖς
690 1539 791 1575 παῖδα
807 1540 885 1587 γὰρ,
905 1541 964 1575 κᾶν
980 1537 1002 1586 ᾖ
1018 1541 1136 1588 γέρων,

314 1597 426 1631 καλεῖν
443 1594 569 1629 δίκαιον
587 1592 682 1628 ὅστις
699 1592 740 1627 ἂν
755 1592 887 1639 πληγὰς
903 1594 1009 1639 λάβῃ.

1165 1445 1241 1481 1295

271 1669 280 1680 .
314 1649 354 1683 οὐ
371 1648 437 1695 γὰρ
454 1648 473 1682 6
490 1647 597 1693 γέρων
614 1645 817 1690 ἀτηρότατον
834 1644 884 1692 ἄρ’
903 1644 944 1689 ἦν
961 1647 1060 1682 κακὸν

313 1701 366 1737 καὶ
383 1704 449 1735 τῶν
466 1700 631 1744 ξυνόντων
646 1696 736 1732 πολὺ
753 1699 1052 1744 παροινικώτατος;

312 1754 418 1789 καίτοι
434 1753 543 1799 παρῆν
554 1750 755 1790 Ἵππυλλος,
772 1750 951 1797 Ἀντιφῶν,
971 1750 1098 1791 Λύκων,

312 1806 558 1853 Λυσίστρατος,
579 1801 818 1850 Θούφραστος,
837 1804 869 1838 οἱ
886 1804 962 1850 περὶ
980 1802 1157 1850 Φρύνιχον.

312 1858 439 1895 τούτων
456 1859 609 1894 ἁπάντων
626 1854 666 1900 ἦν
683 1856 928 1902 ὑβριστότατος
944 1858 1071 1904 μακρῷ.

312 1911 409 1948 εὐθὺς
425 1911 491 1958 γὰρ
509 1911 554 1947 ὡς
571 1909 732 1954 ἐνέπλητο
750 1910 890 1944 πολλῶν
907 1908 1070 1955 κάγαθῶν,

312 1963 456 2004 ἐνήλατ’,
477 1963 625 2004 ἐσκίρτα,
644 1962 815 2008 πεπόρδει,
836 1959 1011 2004 κατεγέλα,

311 2013 428 2060 ὥσπερ
447 2012 600 2059 καχρύων
617 2013 742 2048 ὀνίδιον
760 2013 981 2060 εὐωχὴμενον·

312 2065 456 2101 κάτυπτε
473 2063 513 2109 δὴ
531 2080 573 2110 με
590 2068 754 2106 νεανικῶς,
774 2068 836 2101 παῖ
851 2068 913 2102 παῖ
928 2068 1050 2102 καλῶν.

311 2114 368 2153 εἶτ’
387 2117 488 2152 αὐτὸν
505 2117 549 2153 ὡς
567 2114 638 2158 εἶδ’,
653 2116 778 2163 ᾔκασεν
794 2119 1040 2166 Λυσίστρατος·

311 2170 431 2213 ἔοικας,
452 2169 478 2203 ὦ
495 2171 685 2216 πρεσβῦτα,
705 2169 896 2219 νεοπλούτῳ
913 2171 1012 2218 τρυγὶ

311 2221 454 2269 κλητῆρί
467 2221 496 2256 τ’
516 2222 563 2258 εἷς
579 2222 730 2268 ἀχυρμὸν
748 2223 1000 2269 ἀποδεδρακότι.

311 2276 331 2309 6
349 2273 378 2310 δ’
396 2274 589 2324 ἀνακραγὼν
605 2274 762 2320 ἀντῄκασ’
780 2275 880 2311 αὐτὸν
896 2276 1042 2323 πάρνοπι

312 2327 354 2362 τὰ
372 2326 449 2374 θρῖα
466 2329 527 2362 τοῦ
544 2327 708 2374 τρίβωνος
725 2327 988 2373 ἀποβεβληκότι.

312 2379 468 2427 Σθενέλῳ
485 2393 522 2414 τε
539 2380 581 2414 τὰ
600 2380 759 2425 σκευάρια
776 2381 1029 2429 διακεκαρμένῳ.

311 2432 343 2467 οἶ
361 2429 391 2466 δ’
408 2431 645 2479 ἀνεκρότησαν,
663 2431 754 2477 πλήν
770 2447 811 2479 γε
829 2434 1060 2480 Θουφράστου
1075 2434 1192 2479 μόνου·

312 2483 410 2520 οὗτος
427 2484 463 2519 δὲ
483 2483 726 2529 διεμύλλαινεν,
746 2485 790 2521 ὣς
808 2485 847 2530 δὴ
867 2486 988 2530 δεξιός.
1132 2489 1133 2492 ’
1165 2496 1243 2532 1315

312 2539 331 2572 6
347 2536 456 2583 γέρων
473 2537 510 2572 δὲ
527 2537 586 2572 τὸν
603 2535 833 2584 Θούφραστον
849 2537 950 2585 ἤρετ’,
970 2537 1044 2575 εἶπέ
1058 2552 1129 2584 μοι,

312 2589 368 2624 ἐπὶ
385 2591 433 2637 τῷ
451 2590 552 2635 κομᾷς
570 2589 624 2624 καὶ
641 2589 776 2635 κομψὸς
793 2587 876 2625 εἶναι
892 2593 1086 2637 προσποιεῖ,

314 2642 581 2689 κωμῳδολοιχῶν
597 2642 674 2687 περὶ
691 2642 750 2676 τὸν
766 2641 804 2676 εὖ
820 2643 996 2689 πράττοντ’
1015 2643 1067 2678 ἀεί
1080 2655 1091 2684 ;

313 2696 449 2729 τοιαῦτα
465 2692 679 2741 περιύβριζεν
695 2694 815 2731 αὖτοὺς
833 2695 868 2730 έν
884 2696 988 2742 μέρει,

314 2747 477 2781 σκώπτων
490 2746 653 2793 ἀγροίκως
666 2747 719 2781 καὶ
732 2747 875 2793 προσέτι
891 2750 1016 2792 λόγους
1028 2747 1139 2795 λέγων
1165 2759 1245 2792 1320

313 2797 527 2843 ἀμαθέστατ’,
547 2798 644 2834 οὐδέν
660 2799 788 2835 εἰκότας
805 2803 851 2848 τῷ
868 2801 1052 2848 πράγματι.

313 2849 413 2886 ἔπειτ’
432 2850 546 2895 ἐπειδὴ
563 2850 706 2896 ’μέθυεν,
725 2849 828 2887 οἴκαδ’
846 2852 980 2899 ἔρχεται

314 2901 445 2938 τύπτων
461 2903 617 2943 ἅπαντας,
637 2905 678 2948 ἤν
695 2917 745 2940 τις
762 2904 850 2953 αὐτῷ
868 2903 1028 2951 ξυντύχῃ.

313 2955 365 2989 ὁδὶ
383 2955 420 2989 δὲ
438 2954 478 2999 δὴ
497 2955 550 2990 καὶ
568 2956 810 3001 σφαλλόμενος
827 2959 1068 3004 προσέρχεται.

313 3006 391 3041 ἀλλ’
411 3007 559 3042 ἐκποδὼν
576 3007 690 3053 ἄπειμι
707 3009 786 3055 πρὶν
802 3010 935 3054 πληγὰς
951 3010 1084 3052 λαβεῖν.

313 3058 422 3104 ἄνεχε,
441 3059 579 3106 πάρεχε·

313 3109 496 3146 κλαύσεταί
513 3126 563 3147 τις
580 3114 645 3146 τῶν
663 3111 804 3148 ὄπισθεν

314 3161 631 3198 ἐπακολουθούντων
647 3164 737 3209 ἐμοί·
1119 3193 1132 3205 .

313 3211 396 3259 οἷον,
416 3215 445 3250 εἷ
461 3215 506 3260 μὴ
523 3214 689 3262 ’ρρὴσεθ’,
709 3217 804 3261 ὑμᾶς,

313 3267 339 3302 ὦ
355 3267 506 3314 πονηροὶ,
526 3268 641 3312 ταυτῃὶ
659 3270 698 3312 τῇ

312 3320 387 3365 δᾳδὶ
405 3319 574 3366 φρυκτοὺς
593 3321 762 3355 σκευάσω.

312 3369 334 3415 ἦ
350 3372 415 3417 μὴν
433 3371 478 3407 σὺ
496 3372 617 3408 δώσεις
634 3373 748 3418 αὔριον
765 3370 891 3407 τούτων
907 3372 1000 3418 δίκην

312 3424 388 3469 ἡμῖν
405 3424 524 3464 ἅπασι,
544 3423 594 3458 κεῖ
612 3423 738 3470 σφόδρ’
757 3421 789 3458 εἷ
803 3425 941 3462 νεανίας.

312 3475 428 3523 ἀθρόοι
444 3477 510 3524 γὰρ
527 3475 651 3521 ἥξομέν
668 3490 710 3511 σε
728 3476 1032 3523 προσκαλούμενοι.

311 3527 346 3572 ἰὴ
363 3527 424 3568 ἴεῦ,
445 3527 654 3573 καλούμενοι.

311 3581 434 3629 ἀρχαῖά
449 3578 483 3630 γ’
500 3579 602 3627 ὑμῶν·
630 3578 695 3627 ἆρά
709 3579 743 3628 γ’
761 3578 835 3617 ἴσθ’

1165 1712 1244 1743 1300

1164 1973 1244 2010 1305

1166 2233 1246 2266 1310

1166 3017 1243 3053 1325

1163 3281 1244 3313 ¹330

1162 3540 1240 3574 1335

1162 393 1241 435 1276
1271 428 1273 442 s

1284 1863 1352 1895 ΒΔ.

1388 387 1433 424 ὣς
1450 387 1520 423 οὐδ’
1539 383 1668 422 ἀκούων
1685 383 1845 432 ἀνέχομαι

1387 440 1510 480 δικῶν;
1540 439 1647 480 ἰαιβοῖ
1661 437 1767 481 αἰβοῖ.

1387 493 1466 527 τάδε
1483 491 1517 536 μ’
1536 491 1683 539 ἀρέσκει·
1711 490 1823 533 βάλλε
1840 487 1974 535 κημούς.

1386 545 1446 579 οὐκ
1462 544 1537 579 ἅπει
1556 543 1602 579 σύ
1617 557 1625 584 ;
1655 553 1675 573 ⁸*
1699 552 1719 572 ἓ
1737 545 1804 578 ποῦ
1819 542 1909 578 ’στιν

1387 595 1553 642 ἡλιαστής
1567 609 1576 637 ;
1605 596 1766 632 ἐκποδών.

1387 649 1544 691 ἀνάβαινε
1562 649 1660 695 δεῦρο
1678 645 2026 695 χρυσομηλολόνθιον,

1387 704 1427 746 τῇ
1445 701 1534 748 χειρὶ
1551 702 1646 736 τουδὶ
1663 701 1835 745 λαβομένη
1854 701 1914 734 τοῦ
1932 697 2098 744 σχοινίου.

1385 754 1479 799 ἔχου·
1509 754 1685 800 φυλάττου
1703 751 1744 796 δ’,
1764 753 1809 789 ὡς
1827 752 1958 798 σαπρὸν
1973 752 2012 786 τὸ
2031 748 2194 796 σχοινίον·

1388 805 1477 851 ὅμως
1493 819 1533 853 γε
1550 806 1664 851 μέντοι
1682 805 1880 852 τριβόμενον
1896 803 1956 838 οὐκ
1973 802 2123 849 ἄχθεται.

1388 859 1467 905 ὁρᾷς
1485 858 1551 905 ἐγώ
1570 858 1604 893 σ’
1624 859 1668 894 ὦς
1682 858 1798 901 δεξιῶς
1815 857 2003 902 ὑφειλόμην

1385 911 1585 956 μέλλουσαν
1602 911 1664 956 ἤδη
1681 911 1836 952 λεσβιεῖν
1853 908 1930 944 τοὺς
1948 908 2128 953 ξυμπότας·

1388 964 1433 998 ων
1451 961 1556 998 οὕνεκ’
1574 963 1700 999 ἀπόδος
1716 963 1763 1011 τῷ
1779 961 1854 997 πέει
1871 961 1952 1008 τῳδὶ
1968 961 2079 1007 χάριν.

1387 1015 1466 1051 ἀλλ’
1485 1016 1545 1050 οὐκ
1562 1015 1751 1052 ἀποδώσεις
1768 1013 1845 1049 οὐδὲ
1863 1014 2009 1076 φιαλεῖς,
2029 1009 2130 1047 οἷδ’”
2110 1025 2173 1052 οτι,

1387 1067 1466 1103 ἀλλ’
1485 1066 1707 1113 ἐξαπατήσεις
1725 1066 1885 1113 κάγχανεῖ
1899 1063 2006 1113 τούτῳ
2023 1065 2121 1112 μέγα·

1387 1122 1532 1156 πολλοῖς
1549 1120 1615 1166 γὰρ
1633 1119 1695 1164 ἤδη
1714 1118 1869 1165 χάτέροις
1885 1117 1956 1153 αὕτ’
1975 1117 2135 1164 εἶργάσω.

1389 1173 1446 1208 ἐὰν
1462 1172 1541 1220 γένῃ
1560 1172 1597 1207 δὲ
1614 1172 1659 1217 μὴ
1678 1171 1758 1216 κακὴ
1778 1171 1848 1207 νυνὶ
1864 1170 1959 1218 γυνὴ,

1388 1226 1454 1272 ἐγὼ
1473 1224 1520 1266 σ’,
1541 1224 1674 1260 ἐπειδὰν
1691 1224 1792 1269 οὑμὸς
1809 1224 1880 1260 υἱὸς
1897 1222 2058 1267 ἀποθάνῃ,

1387 1278 1579 1322 λυσάμενος
1597 1276 1663 1321 ἔξω
1680 1275 1869 1321 παλλακὴν,
1890 1275 1915 1310 ὦ
1933 1275 2075 1322 χοιρίον.

1389 1333 1447 1366 νῦν
1464 1329 1492 1366 δ’
1511 1330 1551 1366 οὗ
1569 1332 1677 1377 κρατῶ
1693 1342 1747 1364 πω
1763 1330 1830 1363 τῶν
1848 1327 1990 1372 ἐμαυτοῦ
2008 1327 2200 1373 χρημάτων.

1388 1383 1461 1420 νέος
1476 1383 1542 1430 γάρ
1560 1382 1626 1428 εἶμι
1645 1383 1699 1417 καὶ
1716 1382 1929 1428 φυλάττομαι
1948 1381 2097 1427 σφόδρα.

1388 1436 1427 1470 τὸ
1445 1436 1510 1483 γὰρ
1528 1433 1634 1470 υἵδιον
1651 1436 1744 1481 τηρεῖ
1758 1448 1811 1479 με,
1831 1433 1931 1468 κάστι
1948 1431 2118 1468 δύσκολον

1388 1488 1521 1524 κᾶλλως
1539 1485 2076 1534 κυμινοπριστοκαρδαμογλύφον.

1387 1540 1478 1576 ταῦτ’
1497 1539 1556 1576 οὗν
1572 1541 1651 1587 περί
1666 1554 1731 1585 μου
1749 1540 1875 1574 δέδοικε
1891 1538 1935 1584 μὴ
1954 1537 2141 1584 διαφθαρῶ.

1388 1593 1497 1640 πατὴρ
1513 1593 1580 1640 γὰρ
1598 1593 1706 1629 οὐδείς
1723 1593 1817 1627 ἐστιν
1834 1591 1922 1637 αὐτῷ
1937 1591 2028 1635 πλὴν
2045 1590 2138 1634 ἐμοῦ.

1387 1647 1440 1681 ὁδὶ
1458 1646 1495 1681 δέ
1512 1645 1643 1681 καύτός·
1673 1643 1727 1679 ἐπὶ
1745 1643 1787 1678 σὲ
1806 1641 1880 1687 κᾶμ’
1898 1643 1984 1677 ἔοικε
2001 1642 2083 1678 θεῖν.

1388 1698 1466 1734 ἀλλ’
1487 1699 1531 1735 ὡς
1547 1699 1694 1744 τάχιστα
1711 1696 1812 1742 στῆθι
1829 1696 1934 1732 τάσδε
1950 1696 2010 1732 τὰς
2027 1695 2123 1732 δετὰς

1385 1751 1545 1794 λαβοῦσ’,
1563 1749 1604 1786 ἵν’
1622 1751 1722 1786 αὐτὸν
1738 1749 1881 1785 τωθάσω
1899 1751 2062 1789 νεανικῶς,

1388 1802 1465 1842 οἵως
1481 1803 1563 1840 ποθ’
1582 1803 1680 1840 οὗτος
1697 1803 1754 1848 ἐμὲ
1770 1804 1836 1850 πρὸ
1853 1805 1919 1837 τῶν
1934 1801 2138 1847 μυστηρίων.

1387 1857 1413 1892 ὦ
1430 1857 1528 1894 οὗτος
1545 1855 1654 1896 οὗτος,
1673 1855 1837 1902 τυφεδανὲ
1855 1855 1908 1890 καὶ
1925 1853 2127 1901 χοιρόθλιψ,

1386 1910 1503 1947 ποθεῖν
1520 1909 1598 1957 ἐρᾶν
1614 1908 1644 1944 τ’
1662 1909 1770 1944 ἔοικας
1788 1907 1910 1955 ὡραίας
1929 1907 2047 1954 σοροῦ.

2241 550 2321 582 ¹340
2356 518 2358 520 ι

2231 864 2319 913 1345

2240 1127 2321 1160 ¹35⁰

2239 1391 2317 1423 ι355

2187 1633 2192 1636 ¹
2240 1643 2320 1686 1360

2223 1901 2316 1951 '1365

1387 1965 1428 1998 οὔ
1444 1977 1497 1998 τοι
1514 1960 1726 2008 καταπροίξει
1743 1961 1789 2005 μὰ
1806 1962 1864 1996 τὸν
1879 1959 2040 1995 Ἀπόλλω
2057 1960 2157 1995 τοῦτο
2173 1959 2273 2008 δρῶν.

1281 2018 1339 2048 ΦΙ.
1386 2014 1430 2049 ὡς
1447 2012 1550 2057 ἡδέως
1567 2013 1692 2059 φάγοις
1709 2011 1749 2047 ἂν
1767 2011 1806 2056 ἐξ
1822 2010 1922 2056 ὄξους
1939 2011 2044 2056 δίκην.

1282 2072 1350 2102 ΒΔ.
1384 2066 1424 2100 οὗ
1442 2066 1531 2101 δεινὰ
1548 2063 1706 2108 τωθάζειν
1724 2079 1777 2104 σε,
1795 2063 1855 2109 τὴν
1872 2064 2055 2111 αὐλητρίδα

1382 2121 1449 2154 τῶν
1465 2118 1642 2163 ξυμποτῶν
1659 2116 1854 2163 κλέψαντας

1280 2176 1337 2207 ΦΙ.
1908 2167 2008 2205 ποίαν
2025 2169 2227 2218 αὐλητρίδας

1383 2224 1417 2259 τί
1433 2225 1537 2259 ταῦτα
1552 2224 1677 2271 ληρεῖς,
1698 2222 1813 2268 ὥσπερ
1831 2221 1896 2258 ἀπὸ
1915 2220 2045 2267 τύμβου
2062 2224 2201 2263 πεσών;
2237 2231 2314 2266 137ο

1282 2282 1348 2313 ΒΔ.
1383 2277 1420 2322 νὴ
1438 2278 1497 2312 τὸν
1515 2276 1584 2316 Δί’,
1603 2273 1684 2319 αὕτη
1702 2273 1768 2310 πού
1785 2274 1857 2309 ’στί
1874 2274 1933 2309 σοί
1948 2273 1980 2320 γ’
1999 2273 2018 2318 ἡ
2038 2274 2214 2322 Δαρδανίς.

1281 2336 1339 2366 ΦΙ.
1385 2329 1456 2370 οὒκ,
1477 2328 1555 2364 ἀλλ’
1574 2329 1609 2364 ἐν
1626 2328 1733 2375 ἀγορᾷ
1750 2328 1820 2363 τοῖς
1838 2324 1925 2363 θεοῖς
1943 2326 2003 2373 δᾲς
2021 2327 2145 2362 κάεται.

1281 2389 1350 2418 ΒΔ.
1386 2382 1444 2429 δᾲς
1462 2381 1520 2427 ἥδε
1535 2394 1545 2422 ;
1600 2386 1657 2416 ΦΙ.
1687 2379 1745 2426 δᾲς
1763 2378 1846 2424 δῆτ’.
1875 2379 1940 2425 οὐχ
1958 2381 2037 2427 ὁρᾷς
2055 2379 2273 2427 ἐστιγμένην;

1281 2441 1349 2471 ΒΔ.
1382 2435 1416 2470 τί
1433 2435 1470 2470 δὲ
1487 2435 1526 2469 τὸ
1543 2432 1652 2479 μέλαν
1669 2431 1757 2468 τοῦτ’
1777 2431 1870 2467 ἐστὶν
1888 2432 1988 2477 αὐτῆς
2005 2432 2084 2467 τούν
2100 2433 2195 2481 μέσῳ
2211 2445 2220 2473 ;

1281 2494 1339 2524 ΦΙ.
1385 2487 1405 2532 ἡ
1423 2487 1524 2523 πίττα
1541 2485 1647 2531 δήπου
1666 2484 1823 2530 καομένης
1841 2484 2025 2531 ἐξέρχεται.
2237 2495 2314 2531 1375

1282 2546 1351 2576 ΒΔ.
1385 2542 1404 2575 6
1422 2539 1451 2575 δ’
1470 2538 1611 2575 ὄπισθεν
1628 2537 1706 2584 οὐχὶ
1723 2537 1876 2585 πρωκτός
1893 2537 1987 2572 ἐστιν
2004 2537 2125 2572 οὑτοσί
2137 2550 2146 2578 ;

1282 2599 1339 2628 ΦΙ.
1385 2591 1460 2636 ὄζος
1477 2592 1537 2637 μὲν
1554 2589 1613 2626 ουν
1630 2591 1688 2636 τῆς
1706 2590 1805 2636 δᾳδὸς
1822 2587 1919 2626 οὗτος
1937 2589 2058 2635 ἐξέχει.

1283 2651 1351 2681 ΒΔ.
1384 2646 1418 2680 τί
1434 2645 1546 2692 λέγεις
1563 2641 1631 2684 σύ;
1659 2645 1755 2679 ποῖος
1773 2641 1869 2686 oses·
1860 2668 1869 2683 ‚
1899 2656 1959 2677 ουκ
1976 2657 2006 2677 ει
1994 2639 2122 2689 ’δεῦρο
2141 2639 2210 2678 σύ·
2201 2667 2211 2684 ,

1282 2703 1339 2733 ΦΙ.
1386 2696 1407 2732 6
1424 2696 1456 2737 6,
1475 2697 1509 2732 τί
1525 2696 1666 2742 μέλλεις
1684 2691 1786 2743 δρᾶν;

1283 2756 1353 2786 ΒΔ.
1792 2747 1884 2795 ἄγειν
1900 2746 2021 2793 ταύτην
2037 2747 2154 2790 λαβὼν

1386 2802 1595 2849 ἀφελόμενός
1612 2816 1654 2837 σε
1673 2800 1725 2836 καὶ
1742 2800 1882 2846 νομίσας
1899 2796 1981 2836 εἶναι
1999 2801 2131 2847 σαπρὸν
2236 2803 2316 2844 1380

1387 2855 1502 2890 κούδὲν
1519 2853 1682 2890 δύνασθαι
1700 2853 1794 2900 δρᾶν.

1284 2913 1340 2943 ΦΙ.
1832 2905 1978 2941 ἄκουσόν
1995 2919 2052 2941 νυν
2069 2904 2160 2950 ἐμοῦ.

1386 2958 1613 3005 Ὀλυμπίασιν
1630 2957 1709 3004 ἡνίκ’
1729 2957 1894 3004 ἐθεώρουν
1912 2958 1988 3005 ἐγὼ,

1386 3011 1578 3058 Ἐφουδίων
1595 3011 1776 3058 ἐμαχέσατ’
1793 3011 1967 3056 Ἀσκώνδᾳ
1985 3010 2106 3051 καλῶς,

1387 3066 1448 3110 ἤδη
1466 3065 1574 3112 γέρων
1589 3063 1645 3099 ὧν·
1675 3061 1746 3099 εἶτα
1763 3066 1803 3109 τῇ
1821 3065 1934 3108 πυγμῇ
1954 3062 2056 3098 θενὼν
2229 3103 2233 3108 .

1387 3120 1406 3152 6
1424 3115 1656 3164 πρεσβύτερος
1673 3116 1842 3158 κατέβαλε,
1856 3116 1914 3150 τὸν
1931 3116 2101 3162 νεώτερον.
2238 3116 2314 3158 1385

1388 3171 1473 3216 πρὸς
1489 3171 1594 3204 ταῦτα
1610 3171 1712 3216 τηροῦ
1728 3168 1773 3214 μὴ
1791 3167 1902 3212 λάβῃς
1919 3167 2064 3203 ὑπώπια.

1286 3227 1355 3257 ΒΔ.
1389 3222 1427 3266 νὴ
1446 3223 1504 3256 τὸν
1523 3220 1579 3256 Δί’
1599 3220 1756 3266 ἐξέμαθές
1771 3234 1812 3268 γε
1829 3220 1888 3264 τὴν
1904 3217 2106 3265 Ὀλυμπίαν.

1285 3280 1352 3309 ΑΡ.
1383 3272 1432 3308 ’ίθι
1448 3288 1506 3319 μοι
1523 3271 1728 3320 παράστηθ’,
1747 3273 1916 3314 ἀντιβολῶ
1933 3272 2017 3319 πρὸς
2033 3273 2099 3306 τῶν
2115 3269 2211 3306 θεῶν.

1389 3326 1442 3361 ὁδὶ
1458 3326 1523 3372 γὰρ
1541 3324 1623 3372 ἁνήρ
1641 3325 1736 3360 ἐστιν
1753 3324 1789 3360 ὅς
1806 3324 1839 3369 μ’
1858 3324 2036 3360 ἀπώλεσεν

1388 3379 1429 3423 τῇ
1447 3378 1522 3423 δᾳδὶ
1538 3378 1656 3417 παίων,
1676 3376 1862 3420 κάξέβαλεν
1879 3374 2041 3411 ἐντευθενὶ
2237 3383 2316 3420 1390

1387 3429 1507 3476 ἄρτους
1525 3429 1590 3464 δέκ’
1608 3430 1744 3472 ὀβολῶν
1761 3427 1941 3473 κάπιθήκην
1956 3427 2123 3474 τέτταρας.

1286 3487 1356 3518 ΒΔ.
1388 3483 1468 3528 ὁρᾷς
1485 3479 1507 3516 ἃ
1524 3481 1704 3527 δέδρακαςς
1731 3479 1897 3527 πράγματ’
1914 3477 1957 3515 αὖ
1973 3480 2025 3515 δεῖ
2039 3479 2093 3514 καὶ
2110 3477 2202 3516 δίκας

1387 3534 1478 3581 ἔχειν
1494 3533 1549 3569 διὰ
1566 3534 1625 3570 τὸν
1641 3534 1707 3570 σὸν
1722 3529 1825 3570 οἶνον.

1286 3591 1341 3624 ΦΙ.
1860 3581 2011 3632 οὐδαμῶς
2026 3582 2072 3633 γ’,
2088 3581 2162 3622 ἐπεὶ
