2488 3860
983 264 1476 313 ΑΠΟΣΠΑΣΜΑΤΙΑ.

271 365 468 414 Λαμβάνετε
486 368 660 411 κόλλαβον
678 366 829 412 ἕκαστος.

220 418 308 463 421.
330 416 401 467 (9.)
420 417 629 463 Athenaeus
648 420 730 464 III,
749 433 786 469 p.
808 422 857 458 96
877 432 909 460 c.

267 471 369 538 ’Ἅλις
403 471 516 519 ἀφύης
549 489 617 521 μοι.
653 475 884 522 παρατέταμαι
917 475 985 523 γὰρ
1020 475 1063 512 τὰ
1092 477 1222 525 λιπαρὰ

323 540 468 571 cmm·

272 577 365 621 ἀλλὰ
383 579 502 627 φέρεθ’
522 580 672 625 ἡπάτιον,
691 580 712 627 ἦ
732 581 908 628 καπριδίου
926 581 1001 616 νέου

271 632 427 675 κόλλθπά
444 633 519 671 τιν’·
547 634 578 669 εἶ
596 634 633 670 δὲ
650 634 709 680 μὴ,
727 634 887 681 πλευρὸν,
906 633 926 679 ἢ
944 635 1112 681 γλῶτταν,
1131 633 1151 680 ἢ

273 685 438 730 σπληνὸς,
457 685 477 732 ἦ
497 688 626 732 νῆστιν,
644 687 664 733 ἦ
683 687 861 734 δέλφακος
879 687 1044 734 ὀπωρινῆς

270 736 423 786 ἦτριαίαν
441 739 567 787 φέρετε
585 740 685 788 δεῦρο
702 742 787 787 μετὰ
805 740 990 784 κολλάβων

272 792 433 839 χλιαρῶν.

172 848 302 893 Partes
314 849 427 898 hujus
440 851 511 888 loci
525 852 727 891 afferuntur
741 852 787 889 ab
802 852 988 890 Athenaeo
1003 851 1078 896 III,
1091 866 1128 903 p.
1150 850 1222 891 107

171 906 195 942 f.
220 907 294 942 110
315 904 341 940 f.
364 902 436 946 IX,
455 917 493 953 p.
515 904 591 942 374
609 905 635 942 f.
657 905 858 943 scholiasta
878 905 1058 954 Equitum
1077 919 1112 943 v.
1134 908 1220 943 642.

172 957 335 999 Acharu.
355 969 391 993 V.
418 959 505 996 640.
562 956 678 996 Suida
703 958 743 996 iu
769 960 858 1002 ἅλις,
883 958 990 1006 ἇφῦα,
1016 959 1159 999 θωπεύει
1186 964 1225 995 et

173 1014 410 1060 παρατέταμαι,
429 1009 647 1060 Etymolog.
668 1011 724 1049 M.
743 1023 780 1059 p.
802 1012 891 1052 439,
911 1012 973 1047 44.
1030 1011 1168 1049 Photio
1186 1011 1223 1048 in

174 1067 300 1110 νῆστις,
320 1061 519 1099 Eustathio
537 1076 574 1112 P.
601 1063 710 1105 1752,
735 1064 794 1101 16.

224 1117 313 1154 422.
335 1113 423 1165 (ιο.)
443 1114 650 1152 Athenaeus
668 1116 759 1160 VII,
778 1130 815 1165 p.
837 1117 912 1154 285
932 1128 965 1153 e.

276 1171 373 1216 Μηδὲ
390 1171 432 1205 τὰ
451 1171 623 1217 Φαληρικὰ
640 1172 682 1206 τὰ
698 1172 801 1219 μικρὰ
818 1170 892 1206 τάδ’
912 1169 1050 1217 ἀφύδια.

226 1224 312 1259 423.
334 1219 425 1269 (ιι.)
447 1221 583 1258 Pollux
599 1221 650 1266 X,
670 1224 731 1259 88.

276 1278 322 1312 Τὸ
349 1274 382 1312 δ’
410 1277 502 1312 ἔτνος
529 1277 565 1311 ἐν
589 1278 663 1314 ταῖς
689 1278 863 1323 κυλίχναις
890 1277 984 1312 τουτὶ
1015 1276 1139 1324 θερμὸν
1171 1277 1223 1312 καὶ

329 1331 429 1364 τοῦτο
446 1330 640 1375 παφλάζον.

225 1382 313 1420 424.
337 1379 430 1430 (η.)
450 1379 655 1419 Athenaeus
674 1380 742 1426 IV,
762 1394 799 1430 p.
823 1380 895 1418 171
916 1381 954 1418 b.

626 1434 687 1472 Ὦς
704 1436 863 1484 οὗψώνης
881 1435 1067 1484 διατρίβειν

276 1487 369 1534 ἡμῶν
385 1490 425 1524 τὸ
443 1487 584 1535 ἄριστον
601 1488 702 1524 ἔοικε.

171 1543 212 1577 τὸ
230 1539 428 1577 delendum
446 1539 604 1576 videtur.

225 1594 315 1630 425.
336 1591 428 1644 (13.)
447 1592 584 1630 Pollux
601 1593 652 1636 X,
676 1592 760 1629 151.

483 1646 524 1682 ‘O
543 1648 580 1683 δὲ
598 1647 690 1683 λύων
707 1646 827 1683 κύστιν
843 1647 937 1684 ὗείαν

274 1699 346 1748 κᾷτ’
367 1701 508 1748 ἐξαιρῶν
523 1702 603 1739 τοὺς
620 1699 811 1748 Δαρεικούς.

224 1754 313 1790 426.
334 1750 425 1801 (ι4.)
447 1751 653 1792 Scholiasta
677 1752 867 1791 Ranarum
886 1766 921 1789 v.
943 1752 1031 1789 295.
1056 1752 1168 1790 Ἔνιοι
1190 1752 1226 1787 δὲ

171 1807 252 1854 (τὴν
266 1806 466 1854 hancve-av)
495 1808 556 1853 τὴν
579 1808 681 1853 αὐτὴν
698 1811 738 1853 τῇ
755 1807 889 1853 Ἑκάτῃ,
909 1808 953 1845 ὡς
973 1806 1227 1855 Ἀριστοφάνης

173 1863 208 1897 ἐν
225 1862 450 1909 Ταγηνισταῖς

537 1913 661 1949 Χθονία
679 1912 710 1948 θ’
727 1913 850 1959 Ἑκάτη

278 1965 421 2013 σπείρας
439 1965 553 2013 ὄφεων
571 1968 796 2014 ἐλελιζομένη.

174 2019 245 2060 εἶτα
264 2021 419 2067 ἐπιφέρει
439 2022 460 2038 “
474 2021 507 2055 τί
525 2021 638 2056 καλεῖς
656 2020 716 2064 τὴν
735 2021 909 2063 ἕμπουσαν
920 2016 957 2060 ,·”

225 2071 312 2110 427.
333 2071 422 2122 (¹5·)
442 2069 648 2108 Athenaeus
667 2069 739 2113 IX,
759 2084 795 2120 p.
817 2071 893 2108 410
911 2071 948 2107 b.

277 2126 362 2174 Φέρε
379 2129 442 2163 παῖ
459 2126 588 2172 ταχέως
607 2127 689 2161 κατὰ
706 2126 821 2173 χειρὸς
838 2123 928 2173 ὕδωρ

277 2181 479 2227 παράπεμπε
496 2182 535 2215 τὸ
552 2181 807 2227 χειρόμακτρον.

202 2247 206 2251 ·
228 2232 317 2268 428.
341 2231 430 2281 (ιδ.)
450 2231 656 2269 Athenaeus
675 2231 725 2275 X,
745 2243 782 2280 p.
803 2231 880 2267 422
898 2228 925 2265 f.

276 2285 561 2332 ‘Ymevrn'ixapcv
574 2297 608 2329 ς,
627 2285 759 2332 ὦνδρες,
780 2286 834 2320 καὶ
852 2285 963 2320 καλῶς
980 2281 1175 2330 ἠρίσταμεν.

228 2348 315 2383 429.
339 2345 432 2395 (17.)
462 2345 599 2382 Pollux
616 2343 671 2387 X,
696 2343 780 2382 173.
811 2349 835 2364 “
852 2344 1006 2391 Νεβρίδα
1029 2344 1084 2380 καὶ
1107 2342 1225 2379 λίθους

175 2401 340 2449 ‚rupim-:x
357 2402 411 2437 καὶ
430 2398 614 2446 κηρύκιον.”

228 2454 316 2489 430.
338 2452 427 2502 (18.)
449 2451 684 2488 Herodianus
700 2453 779 2498 περὶ
802 2449 966 2497 μονῆρους
988 2449 1116 2494 λέξεως
1132 2459 1167 2495 Ρ.
1190 2448 1223 2489 8,

178 2508 238 2543 33.
267 2507 463 2553 Τισαμενὸς,
484 2506 684 2551 Δεξαμενὸς,
705 2503 943 2549 Ἀκεσαμενὸς,
971 2502 1223 2546 Κλαυσαμενός·

177 2561 329 2598 καλεῖται
356 2561 393 2596 δὲ
418 2560 454 2595 ἐν
481 2560 666 2594 Μαλακοῖς·
692 2556 900 2605 Ἀγχομενὸς
925 2557 947 2574 “’
959 2557 1095 2603 γενναῖα
1120 2555 1223 2597 βοιώ-

176 2628 247 2649 τιος
265 2613 301 2648 ἐν
317 2611 555 2660 Ἀγχομενοῦ”
575 2610 830 2657 Ἀριστοφάνης
846 2610 1081 2656 Ταγηνισταῖς.

229 2664 319 2701 431.
350 2662 444 2714 (19.)
475 2663 711 2699 Herodianus
737 2660 906 2698 Piersoni
929 2672 966 2708 p.
991 2659 1082 2696 465.
1113 2658 1223 2695 Ἀπέ-

178 2719 277 2766 δραν
307 2720 373 2767 ἐγὼ
403 2719 443 2754 τὸ
473 2721 607 2765 πρῶτον
637 2719 834 2763 πρόσωπον,
866 2714 942 2759 οὐχὶ
973 2713 1135 2760 ἀπέδρων.
1173 2712 1226 2746 καὶ

179 2772 368 2819 ἀπέδραμεν
389 2771 483 2818 ἡμεῖς
509 2773 548 2806 τὸ
574 2770 809 2814 πληθυντικόν.
838 2768 892 2802 καὶ
917 2766 1168 2814 Ἀριστοφάνης
1194 2766 1228 2798 ἐν

179 2827 250 2861 τοῖς
275 2826 498 2873 Ταγηνισταῖς
524 2826 545 2841 “
561 2826 670 2869 Δεῦρο
694 2822 723 2862 δ’
752 2822 793 2858 ἂν
819 2821 879 2855 οὐκ
905 2817 1128 2867 ἀπέδραμεν.”
1168 2815 1227 2851 Ex

179 2875 305 2914 codice
335 2876 520 2918 Vaticano
556 2874 667 2912 1410.
704 2873 786 2910 haec
821 2870 934 2910 edidit
966 2869 1158 2910 Bekkerus
1190 2868 1229 2903 in

179 2929 382 2966 Anecdotis
395 2941 433 2977 p.
454 2929 565 2965 1066.
596 2927 656 2963 De
671 2928 860 2975 ἀπέδραμεν
874 2923 968 2960 dixit
982 2923 1093 2961 etiam
1107 2921 1226 2970 Phry-

178 2980 307 3019 nichus
327 2981 487 3020 Bekkeri
503 2994 538 3029 p.
563 2980 622 3026 11,
645 2982 679 3023 1.

230 3043 320 3080 432.
341 3041 438 3091 (20.)
463 3042 627 3080 Galenus
653 3041 692 3078 in
716 3037 983 3077 commentario
1009 3036 1056 3073 ad
1082 3034 1225 3083 Hippo-

2236 262 2318 307 735

1315 370 1406 411 435.
1444 368 1538 418 (13.)
1576 367 1709 409 Pollux
1744 367 1797 413 Χ..
1835 369 1921 412 101.
1964 371 2030 408 Καὶ
2065 371 2131 417 μὴν
2166 370 2317 417 ἐσχάραν

1263 422 1370 465 ε’ίποις
1396 424 1437 461 ἂν
1462 424 1503 461 τὸ
1529 423 1707 471 ἀνθράκων
1732 427 1832 461 τοῦτο
1863 425 1918 460 καὶ
1950 425 2123 471 ἐσχάριον,
2156 422 2315 471 Ἀριστο-

1263 478 1392 522 φάνους
1411 477 1447 511 ἐν
1464 479 1688 524 Ταγηνισταῖς
1706 477 1859 516 εἰπόντος
1882 477 2071 525 ἐσχάρια,
2092 477 2148 515 καί
2170 491 2237 515 που
2261 477 2316 514 καὶ

1265 530 1442 577 ἐσχαρίδα.

1314 581 1403 619 436.
1433 580 1523 630 (24.)
1551 579 1688 620 Pollux
1712 581 1802 626 VII,
1832 584 1919 620 149.
1948 585 1993 621 Τὸ
2019 584 2055 620 δὲ
2080 584 2257 632 εὔκαρπεῖν
2281 584 2317 620 ἐν

1264 637 1488 683 Ταγηνισταῖς
1506 635 1692 682 καρπεῦειν.

1316 686 1426 724 Idem
1458 687 1548 734 VII,
1586 690 1672 725 168.
1706 691 1771 726 Καὶ
1802 691 2059 738 παραλοῦται
2091 689 2122 726 δ’
2155 689 2314 738 Ἀριστο-

1265 743 1375 789 φάνης
1393 744 1429 777 ἒν
1445 746 1678 791 Ταγηνισταῖς.

1315 794 1403 832 437.
1426 794 1517 842 (²5·)
1539 794 1749 832 Scholiasta
1767 793 1936 833 Platonis
1950 808 1986 844 p.
2003 794 2093 833 383.
2115 795 2315 843 Ἐκιρνῶντο

1266 848 1301 883 ἐν
1317 851 1390 886 ταῖς
1408 849 1605 887 συνουσίαις
1631 852 1789 897 κρατῆρες
1813 852 1914 897 τρεῖς,
1938 851 1993 886 καὶ
2016 851 2076 885 τὸν
2098 850 2160 895 μὲν
2182 854 2317 896 πρῶτον

1267 902 1345 938 Διὸς
1365 901 1557 948 Ὀλυμπίου
1576 904 1629 938 καὶ
1649 903 1734 938 θεῶν
1748 902 1945 948 Ὀλυμπίων
1963 903 2096 949 ἔλεγον,
2111 904 2170 938 τὸν
2188 904 2224 938 δὲ
2239 902 2313 938 δεύ-

1265 969 1363 1000 ΙΓερον
1380 955 1507 1002 ἡρώων,
1522 956 1581 990 τὸν
1599 957 1635 991 δὲ
1653 956 1767 1003 τρίτον
1785 958 1949 1003 σωτῆρος,
1962 974 2014 981 —
2025 957 2146 1002 ἔλεγον
2160 956 2196 992 δὲ
2215 957 2316 991 αὐτὸν

1267 1008 1320 1043 καὶ
1338 1008 1410 1044 τέλ
1421 1024 1517 1050 ειον,
1536 1010 1643 1045 ὦς-
1655 1006 1908 1056 Ἀριστοφάνης
1925 1010 2158 1056 Ταγηνισταῖς.

1317 1061 1406 1097 438.
1431 1059 1523 1109 (26.)
1545 1061 1804 1109 Harpocratio‚
1826 1060 2044 1099 Κῦπασσις
2057 1075 2066 1096 z
2081 1062 2177 1096 -οἷ
2193 1063 2313 1108 γλωσ-

1269 1115 1445 1161 σογράφοι
1461 1119 1603 1162 χιτῶνος
1621 1112 1709 1152 εἶδός
1726 1115 1838 1161 φασιν
1850 1114 1950 1150 αὑτὸν
1964 1112 2046 1150 εἶναι
2059 1115 2118 1149 τὸν
2132 1113 2314 1155 κῦπασσιν,

1267 1168 1299 1201 οἶ
1316 1168 1378 1212 μέν
1394 1168 1595 1215 γυναικείου,
1614 1169 1646 1203 οἶ
1665 1169 1702 1203 δὲ
1720 1168 1885 1215 ἀνδρείου.
1916 1168 2077 1213 μέμνηται
2101 1166 2132 1202 δ’
2150 1168 2317 1203 αὐτοῦ-

1270 1221 1324 1256 καὶ
1344 1219 1598 1269 Ἀριστοφάνης
1616 1221 1652 1257 ἐν
1668 1223 1738 1258 τοῖς
1756 1223 1987 1268 Ταγηνισταῖς.

1316 1273 1406 1311 439.
1436 1274 1523 1321 (27.)
1554 1272 1770 1322 Etymolog.
1790 1271 1844 1308 M.
1866 1285 1904 1320 p.
1927 1273 2014 1314 551,
2036 1271 2097 1312 23.
2132 1269 2313 1320 (Gudian.

1269 1325 1358 1372 358,
1391 1328 1454 1363 22.
1489 1326 1552 1363 ubi
1583 1327 1739 1373 κωνίσαι)
1774 1328 1981 1371 Κωνῆσαιε
1997 1345 2050 1352 —
2063 1325 2317 1372 Ἀριστοφάνης

1269 1380 1306 1415 δὲ
1326 1382 1361 1415 ἐν
1378 1383 1602 1430 Ταγηνισταῖς
1619 1381 1659 1416 τὸ
1676 1381 1901 1428 περιενεγκεῖν
1919 1381 2097 1424 κωνῆσαι
2114 1379 2218 1426 λέγει.

1322 1434 1409 1470 440.
1445 1435 1532 1481 (28.)
1568 1432 1702 1470 Pollux
1737 1430 1790 1477 X,
1824 1431 1889 1467 93.
1927 1430 1987 1467 Ἐν
2022 1433 2059 1467 δὲ
2094 1433 2316 1479 Ταγηνισταῖς

1270 1487 1463 1532 ὠνόμασταί
1481 1503 1513 1523 τι
1532 1488 1585 1523 καὶ
1603 1485 1797 1533 μελιτῆριον
1815 1486 1932 1533 ἄγγος.

1323 1543 1412 1576 441.
1434 1537 1525 1589 (29.)
1544 1538 1680 1576 Pollux
1697 1536 1750 1579 X,
1781 1539 1868 1575 119.
1895 1536 1974 1573 Ὀτι
1997 1537 2059 1583 μὲν
2085 1538 2139 1573 καὶ
2165 1538 2316 1585 μυρίδιον

1270 1591 1380 1640 εἴρηκε
1397 1595 1436 1629 τὸ
1453 1595 1559 1640 μύρον
1577 1593 1827 1640 Ἀριστοφάνης
1845 1592 1880 1627 ἐν
1897 1593 2119 1638 Ταγηνισταῖς
2138 1591 2263 1627 ἰστέον.

1322 1648 1411 1682 442.
1434 1647 1520 1696 (30.)
1542 1644 1699 1682 Photius
1711 1656 1748 1692 p.
1765 1644 1854 1685 383,
1873 1645 1932 1679 21.
1954 1649 1992 1678 et
2007 1642 2150 1685 Suidas,
2166 1650 2315 1691 Παραι-

1270 1698 1472 1747 ξορουσον
1499 1699 1568 1746 (sic
1595 1698 1674 1735 sine
1698 1702 1853 1733 accentu
1879 1695 2002 1733 Photii
2029 1695 2159 1739 codex,
2186 1694 2317 1731 Suidas

1269 1753 1575 1802 παραιξοροῦσιν);
1606 1752 1858 1798 Ἀριστοφάνης
1877 1751 2110 1797 Ταγηνισταῖς.
2143 1749 2317 1785 ἀπέδωκαν

1270 1806 1307 1842 δὲ
1325 1807 1358 1842 οἶ
1381 1809 1442 1852 μὲν
1465 1808 1599 1843 παιδιᾶς
1626 1803 1714 1841 εἶδός
1737 1819 1782 1846 τι,
1807 1804 1996 1851 Εὐφρόνιος
2023 1802 2059 1837 δὲ
2083 1803 2317 1850 παροιμιωδῶς

1270 1859 1436 1906 λέγεσθαι
1472 1860 1528 1895 ἐπὶ
1563 1862 1629 1894 τῶν
1663 1856 1981 1904 παρακελευομένων
2015 1855 2144 1901 ταχέως
2174 1856 2266 1901 ἥκειν
2295 1855 2316 1900 ἢ

1268 1912 1558 1951 ἀπαλλάττεσθαι.
1589 1909 1830 1957 Corruptiora
1846 1908 1927 1944 haec
1944 1906 2086 1956 praebet
2102 1906 2318 1956 Apostolius

1269 1962 1444 2001 Proverb.
1464 1964 1554 2006 XV,
1575 1965 1635 2006 60,
1655 1976 1692 2011 p.
1712 1962 1797 1998 198.
1826 1959 1888 1998 Illi
1903 1966 2026 1997 autem
2043 1961 2316 2009 παραιξορουσον

1269 2017 1393 2053 nescio
1410 2030 1455 2055 an
1477 2030 1524 2054 ex
1542 2015 1651 2053 Iliad.
1670 2032 1705 2064 γ,
1727 2014 1815 2051 325.
1836 2014 1902 2050 lux
1921 2013 1968 2050 sit
1990 2013 2161 2061 petenda,
2188 2017 2316 2061 Πάριος

1269 2072 1305 2106 δέ
1317 2071 1403 2108 θοῶς
1414 2072 1450 2107 ἐκ
1462 2073 1586 2119 κλῆρος
1597 2070 1749 2117 ὄρουσεν.
1771 2067 1943 2103 Fortasse
1957 2066 2069 2115 igitur
2080 2065 2152 2102 dici
2164 2065 2314 2103 solitum

1269 2128 1326 2160 est
1344 2125 1434 2172 Πάρι
1454 2125 1652 2172 ἐξόρουσον,
1678 2121 1850 2169 favetque
1874 2119 1960 2156 huic
1978 2119 2199 2167 conjecturae
2217 2119 2316 2167 quod

1268 2176 1506 2225 Euphronius
1543 2175 1632 2212 dicit
1666 2176 1806 2221 ταχέως,
1842 2172 2070 2221 respondens
2112 2171 2315 2208 Homerico

1266 2230 1361 2267 θοῶς.

1321 2284 1410 2321 443.
1432 2282 1521 2332 (31.)
1542 2281 1710 2322 PhotiuS‚
1730 2281 1874 2317 Σπινός
1889 2293 1897 2315 :
1928 2280 1983 2315 διὰ
2000 2282 2060 2315 τοῦ
2075 2279 2147 2316 ἑνὸς
2161 2292 2180 2313 ν
2192 2279 2313 2325 λέγου-

1269 2354 1338 2376 σιν.
1361 2338 1614 2385 Ἀριστοφάνης
1626 2335 1860 2383 Ταγηνισταῖς.
1885 2329 1987 2368 Vera
2001 2330 2181 2379 Scriptura
2195 2331 2316 2369 σπίνος

1267 2398 1324 2429 est
1337 2400 1346 2424 ε
1363 2391 1446 2427 vide
1459 2389 1715 2431 Herodianum
1726 2387 1804 2433 περὶ
1814 2385 1978 2432 μονὴρους
1988 2385 2114 2430 λέξεως
2124 2395 2159 2431 p.
2175 2385 2236 2427 39,
2252 2385 2313 2420 34.

1321 2446 1408 2481 444.
1433 2444 1523 2490 (32.)
1554 2442 1758 2479 Athenaeus
1782 2436 1856 2478 VI,
1878 2450 1911 2485 p.
1940 2438 2013 2472 269
2040 2449 2072 2472 e.
2098 2436 2161 2472 ubi
2185 2436 2315 2485 priscae

1269 2498 1352 2534 vitae
1368 2495 1633 2544 descriptiones
1647 2505 1694 2529 ex
1708 2492 1788 2529 aliis
1799 2489 1949 2527 comicis
1965 2489 2099 2530 attulit,
2115 2489 2167 2525 ita
2179 2489 2314 2537 pergit,

1269 2553 1308 2588 Τί
1326 2552 1378 2586 δεῖ
1393 2551 1478 2596 πρὸς
1496 2548 1627 2585 τούτοις
1645 2548 1694 2583 ἔτι
1710 2543 1957 2592 παρατίθεσθαι
1975 2545 2016 2579 τὰ
2036 2543 2072 2578 ἐκ
2097 2546 2315 2590 Ταγηνιστῶν

1270 2608 1327 2641 τοῦ
1344 2603 1519 2650 χαρίεντος
1536 2600 1827 2649 Ἀριστοφάνους;

1320 2655 1396 2694 445
1417 2668 1449 2691 a.
1472 2651 1560 2701 (33.)
1582 2651 1753 2689 Stobaeus
1774 2647 1927 2691 CXXI,
1950 2649 2008 2685 18.

1372 2710 1436 2744 Καὶ
1453 2709 1518 2754 μὴν
1534 2707 1639 2743 πόθεν
1657 2703 1820 2740 Πλούτων
1836 2702 1870 2751 γ’
1891 2703 1932 2739 ἂν
1949 2703 2147 2748 ὠνομάζετο,

1373 2762 1403 2796 εἷ
1420 2762 1465 2807 μὴ
1485 2763 1527 2796 τὰ
1544 2757 1703 2803 βέλτιστ’
1723 2758 1872 2802 ἔλαχεν,·
1901 2756 1936 2792 ἓν
1954 2756 1991 2790 δέ
2010 2769 2067 2792 σοι
2085 2754 2224 2802 φράσω,

1372 2814 1445 2862 ὅσῳ
1455 2815 1504 2852 ,τὰ
1522 2815 1610 2849 κάτω
1629 2812 1765 2858 κρείττω
1783 2810 1873 2847 ’στὶν
1891 2809 1936 2844 ὧν
1954 2810 1973 2843 ὁ
1991 2808 2073 2844 Ζεὺς
2090 2808 2171 2854 ἔχει.

1375 2868 1454 2905 ὅταν
1470 2867 1536 2914 γὰρ
1557 2867 1664 2911 ἱστᾷς,
1685 2865 1745 2900 τοῦ
1763 2863 1928 2899 ταλάντου
1946 2862 1985 2896 τὸ
2002 2860 2107 2908 ῥέπον

1375 2922 1462 2955 κάτω
1480 2919 1623 2961 βαδίζει,
1642 2918 1681 2951 τὸ
1700 2917 1736 2951 δὲ
1755 2917 1850 2951 κενὸν
1866 2916 1951 2960 πρὸς
1967 2916 2027 2949 τὸν
2045 2913 2119 2955 Δία.

1322 2973 1397 3009 445
1418 2971 1454 3007 b.
1477 2971 1563 3016 (34.)
1589 2967 1795 3006 Scholiasta
1819 2964 1928 3005 Pacis
1951 2978 1987 3002 V.
2018 2962 2131 3002 1174.
2152 2965 2314 3013 Σαρδια-

1269 3028 1403 3063 νικόνῑ
1434 3025 1638 3071 διαφέρουσι
1667 3023 1734 3069 γὰρ
1761 3022 1796 3059 αἱ
1825 3020 1962 3059 Λυδικαὶ
1992 3019 2248 3067 βαφαί.-κοὶ
2280 3018 2315 3054 ἐν

179 3096 291 3132 cratis
317 3095 548 3146 aphorismos
574 3094 648 3131 vol.
675 3087 754 3137 IX,
780 3097 886 3141 parte
913 3089 973 3134 II,
998 3102 1035 3138 p.
1063 3091 1139 3125 315
1169 3088 1224 3123 ed.
1268 3080 1491 3127 Ταγηνισταῖς
1509 3077 1546 3112 δὲ
1563 3079 1603 3121 Τᾓ
1621 3075 1715 3121 λέξει
1733 3075 1902 3122 κέχρηται·

182 3148 350 3186 Charter.
394 3150 725 3196 Ἀμφαρίστερον
765 3145 1017 3193 Ἀριστοφάνης
1059 3139 1150 3178 εἶπεν
1191 3141 1227 3176 ἐν

179 3205 401 3249 Ταγηνισταῖς
418 3202 594 3249 ἄνθρωπον
611 3199 853 3248 ἀμφοτέρωθεν
869 3197 1058 3245 ἀριστερόν.

232 3264 322 3300 433.
345 3264 436 3310 (τι.)
463 3262 600 3299 Pollux
623 3258 677 3307 X,
697 3259 759 3298 47.
787 3260 912 3307 Βάθρα,
937 3256 1110 3304 βαθρίδια,
1131 3255 1175 3292 ὡς
1193 3255 1228 3289 ἐν

181 3320 409 3366 Ταγηνισταῖς.

233 3377 326 3414 434.
346 3376 438 3426 (22.)
458 3374 659 3413 Proverbio
679 3375 759 3411 Διὸς
778 3372 940 3420 Κόρινθος
962 3369 1003 3405 in
1021 3365 1231 3424 Tagenistis

183 3442 290 3467 usum
310 3442 391 3467 esse
411 3427 699 3477 Aristophanem
718 3424 832 3467 tradit
850 3421 1049 3460 scholiasta
1069 3420 1233 3458 Platonis

1668 3282 1925 3314 ΤΕΛΜΗΣῘ-ῙΣ.

1328 3362 1416 3397 446.
1441 3359 1508 3407 (ι.)
1534 3358 1718 3396 Aristides
1742 3357 1815 3394 vol.
1843 3357 1874 3398 I,
1893 3370 1930 3405 p.
1957 3353 2046 3397 277,
2072 3355 2109 3396 6,
2132 3354 2239 3392 Jebb.
2271 3355 2316 3399 ‘H

1277 3414 1432 3463 κωμῳδία
1457 3429 1499 3462 γε
1521 3415 1560 3449 τὸ
1585 3414 1708 3450 λοιπόν
1731 3413 1836 3454 ἐστιν,
1861 3412 1986 3457 ἔλεγον
2010 3411 2046 3445 δὲ
2070 3409 2248 3456 ἀναφέρων
2270 3409 2317 3445 εἷς

1278 3467 1356 3504 τοὺς
1382 3467 1570 3513 Τελμισεάς
1594 3468 1655 3501 τοῦ
1683 3462 1955 3512 Ἀριστοφάνους
1983 3463 2027 3500 ὣς
2056 3464 2123 3507 ἐκεῖ
2147 3464 2242 3513 λόγῳ
2267 3475 2316 3505 τις
