2488 3860
185 405 240 438 14³.

186 460 258 490 430.

186 513 240 543 Idu

190 1352 260 1385 XO.

836 293 1148 337 ῙΦῙΓΕΝΕῙΑ
1186 295 1227 338 H

286 399 318 438 εἰ
331 398 399 449 γὰρ
416 399 461 438 ὣς
477 398 572 437 θέλω
589 398 758 448 καθαρμὸς
774 399 832 438 ὅδε
847 401 960 438 πέσοι.

948 451 1160 501 συνεύχομαι

289 504 404 542 τούσδ’
418 505 471 553 ἄρ’
491 505 704 548 ἐκβαίνοντας
721 507 783 552 ἤδη
801 507 961 552 δωμάτων
977 508 1045 554 ὁρῶ
1062 505 1176 550 ξένους

287 559 341 594 καὶ
374 557 453 594 θεᾶς
487 559 634 604 κόσμους
666 557 820 606 νεογνούς
852 558 882 594 τ’
913 560 1023 607 ἄρνας,
1055 558 1099 596 ὥς
1128 560 1223 607 φόνῳ

344 611 453 657 φόνον

288 663 440 710 μυσαρὸν
452 658 595 709 ε’κνίψω,
607 663 719 700 σέλας
730 678 768 698 τε
777 664 962 709 λαμπάδων
972 664 1014 699 τά
1026 662 1054 698 τ’
1066 662 1144 698 ἄλλ’
1158 661 1224 698 ὅσα

286 715 477 763 προύθέμην
494 714 561 762 ε’γῶ
578 714 706 758 ξένοισι
725 718 778 751 καὶ
795 716 855 762 θεᾷ
873 716 1048 763 καθάρσια.
1145 730 1222 761 1225

289 769 436 804 ἐκποδὼν
455 766 484 802 δ’
503 767 591 802 αὐδῶ
608 767 764 805 πολίταις
781 767 872 803 τοῦδ’
891 769 981 815 ἔχειν
997 768 1195 813 μιάσματος,

290 819 322 856 εἴ
335 835 386 857 τις
403 819 423 865 ἢ
442 823 528 854 ναῶν
543 821 700 867 πυλωρὸς
716 822 832 867 χεῖρας
850 819 980 867 ἁγνεύει
998 820 1097 863 θεοῖς,

290 872 310 918 ἢ
327 874 435 920 γάμον
452 871 582 918 στείχει
601 873 777 918 συνάψων,
795 872 815 918 ἢ
833 874 943 909 τόκοις
958 871 1149 920 βαρύνεται,

290 923 439 972 φεύγετ’,
459 923 652 968 ἐξίστασθε,
671 924 716 970 μή
735 939 782 972 τῳ
804 924 986 971 προσπέσῃ
1009 923 1117 969 μύσος
1133 925 1222 960 τόδε.

293 977 318 1013 ὦ
347 978 427 1014 Διὸς
450 979 578 1022 Λητοῦς
599 975 630 1010 τ’
656 977 791 1013 ἄνασσα
813 977 960 1024 παρθέν’,
979 976 1019 1022 ἦν
1042 977 1133 1024 νίψω
1157 978 1223 1023 φό-

343 1043 400 1064 νον
1146 1044 1181 1066 12
1184 1045 1225 1074 30

291 1082 394 1117 τῶνδε
415 1081 469 1117 καὶ
493 1078 649 1127 θύσωμεν
671 1080 712 1117 οὗ
734 1081 812 1129 χρὴ,
831 1081 976 1131 καθαρὸν
998 1080 1145 1129 οἰκήσεις
1167 1084 1223 1119 δό-

344 1149 418 1180 μον·

292 1188 441 1233 εὐτυχεῖς
458 1182 490 1221 δ’
509 1185 602 1231 ἡμεῖς
625 1185 781 1232 ἐσόμεθα.
835 1187 945 1223 τᾶλλα
971 1185 1003 1223 δ’
1022 1187 1061 1222 οὗ
1084 1188 1223 1236 λέγουσ’

342 1239 431 1285 ὅμως

290 1294 360 1328 τοῖς
376 1292 418 1326 τὰ
434 1289 562 1327 πλείον’
581 1290 709 1326 εἰδόσιν
730 1291 819 1328 θεοῖς
836 1291 895 1327 σοί
919 1307 957 1328 τε
975 1292 1136 1338 σημαίνω,
1155 1292 1224 1328 θεά.

289 1350 402 1384 εὔπαις
420 1345 439 1381 ὁ
457 1346 583 1380 Λατοῦς
599 1344 708 1389 γόνος,

294 1400 332 1436 ὅν
347 1414 431 1436 ποτε
449 1399 615 1443 Δηλιάσιν

295 1452 523 1500 καρποφόροις
539 1451 679 1498 γυάλοις

295 1505 420 1547 Φοῖβόν
437 1518 474 1538 τε
491 1505 708 1550 χρυσοκόμαν

294 1559 330 1591 ἐν
348 1556 466 1603 κιθάρᾳ
483 1557 609 1601 σοφὸν,
627 1555 649 1590 ἅ
665 1554 695 1590 τ’
715 1554 770 1591 ε’πὶ
787 1554 894 1598 τόξων

295 1608 456 1654 εὐστοχίᾳ
473 1610 622 1654 γάνυται,

294 1662 398 1708 φέρεν
416 1658 478 1696 ἶνιν
495 1660 561 1696 ἀπὸ
579 1660 729 1707 δειράδος
747 1659 903 1702 εἰναλίας,

294 1715 414 1759 λοχεῖα
432 1714 546 1748 κλεινὰ
562 1711 700 1747 λιποῦσ’

297 1767 471 1801 ἀστάκτων
487 1766 594 1812 μάτηρ
612 1764 750 1809 ὑδάτων,

296 1819 357 1853 τὰν
373 1816 609 1863 βακχεύουσαν
628 1816 742 1852 Διονύ-

1150 1360 1226 1391 στρ.

1147 1412 1224 1443 ¹²35

1147 1673 1228 1703 1240

232 1882 243 1884 ’
299 1885 350 1918 σῳ
369 1870 564 1916 Παρνάσιον
582 1869 745 1916 κορυφὰν,

297 1923 350 1958 ὅθι
367 1923 604 1958 ποικιλόνωτος
624 1921 765 1958 οἰνωπὸς
782 1921 911 1968 δράκων

298 1977 415 2020 σκιερᾷ
434 1974 642 2019 κατάχαλκος
659 1973 820 2021 εὖφύλλῳ
837 1973 959 2019 δάφνᾳ,

297 2029 360 2073 γᾶς
376 2027 544 2072 πελώριον
559 2027 665 2073 τέρας,
684 2026 820 2072 ἄμφεπε
838 2034 858 2054 δ

303 2090 323 2108 ⁸
342 2080 496 2124 μαντεῖον
511 2078 656 2124 χθόνιον.
690 2083 696 2091 “

300 2132 349 2166 ἔτι
368 2145 417 2166 νιν
435 2131 483 2165 ἔτι
500 2130 643 2179 βρέφος,
661 2131 710 2165 ἔτι
727 2130 834 2176 φίλας
1153 2145 1231 2175 1250

300 2185 353 2219 ἐπὶ
371 2183 511 2229 ματέρος
529 2183 711 2229 ἀγκάλαισι
730 2182 892 2229 θρώσκων

299 2237 418 2276 ἔκανες,
438 2235 464 2269 ὦ
482 2236 597 2279 Φοῖβε,
615 2235 775 2280 μαντείων
793 2234 822 2270 δ’
842 2234 966 2277 ε’πέβας
984 2235 1119 2279 ζαθέων,

298 2287 431 2335 τρίποδί
447 2285 478 2322 τ’
498 2287 534 2323 ἐν
548 2287 685 2337 χρυσέῳ
704 2287 855 2329 θάσσεις,
875 2287 911 2323 έν
927 2287 1071 2334 ἀψευδεῖ
1089 2288 1195 2335 θρόνῳ

299 2339 450 2384 μαντείας
473 2341 610 2386 βροτοῖς

1151 1934 1228 1966 ¹245

1157 2354 1232 2385 1255

303 2393 484 2438 θεσφάτων
501 2391 606 2436 νέμων

301 2444 429 2480 ἀδύτων
445 2442 512 2480 ὕπο
531 2444 725 2481 Κασταλίας
740 2444 886 2492 ῥεέθρων

301 2498 432 2544 γείτων,
451 2497 559 2542 μέσον
574 2499 636 2544 γᾶς
655 2497 743 2542 ἔχων
758 2496 942 2544 μέλαθρον.

304 2550 406 2594 Θέμιν
424 2547 454 2583 δ’
476 2549 547 2584 ἐπεὶ
563 2551 626 2597 γᾶς
645 2548 704 2584 ἰὼν
1166 2549 1235 2585 ἀντ.

301 2599 391 2638 παῖδ’
411 2600 628 2637 ἀπενάσσατο
646 2610 666 2630 0

306 2664 326 2684 ὓ
346 2663 366 2683 ⁸
385 2652 452 2688 ἀπὸ
471 2653 595 2696 ζαθέων

304 2704 646 2752 κρηστηρᾶ»ν,νῦκ“ι

301 2758 396 2804 χθὼν
413 2758 617 2793 ἐτεκνώσατο
634 2756 787 2804 φάσματ’
805 2756 953 2804 ὀνείρων,

306 2808 338 2845 οῖ
354 2811 500 2846 πολέσιν
515 2811 670 2856 μερόπων

306 2862 348 2897 τά
364 2876 402 2896 τε
418 2866 534 2908 πρῶτα
550 2862 592 2897 τά
609 2861 637 2896 τ’
656 2859 762 2899 ἔπειθ’
780 2861 803 2896 ἆ
819 2860 848 2896 τ’
866 2861 989 2908 ἔμελλε
1006 2864 1120 2910 τυχεῖν

305 2913 409 2950 ὕπνου
427 2914 509 2948 κατὰ
527 2914 693 2961 δνοφερὰς

308 2966 403 3002 εὐνὰς
418 2968 481 3012 γᾶς
498 2967 644 3013 ἔφραζον
661 2965 739 3000 ἅνω·

1160 2919 1237 2960 1265

306 3019 460 3064 μαντεῖον
477 3017 508 3052 δ’
527 3018 689 3064 ἀφείλετο
706 3031 754 3051 τι-

305 3072 370 3116 μὰν
387 3072 513 3112 Φοῖβον
530 3070 647 3118 φθόνῳ
665 3069 838 3116 θυγατρός·

308 3121 477 3168 ταχύπους
494 3123 522 3157 δ’
542 3122 576 3158 ές
585 3121 766 3166 Ὀλυμπον
783 3121 938 3168 ὁρμαθείς
955 3122 1038 3166 ἅναξ

307 3174 393 3220 χέρα
409 3175 547 3210 παιδνὸν
564 3174 680 3217 ἕλιξεν
698 3173 731 3210 ές
749 3175 851 3218 Ζηνὸς
869 3173 987 3220 θρόνον

310 3225 446 3260 Πυθίων
463 3227 573 3271 δόμων
589 3225 727 3272 χθονίαν
744 3226 885 3271 ἀφελεῖν

311 3277 390 3314 θεᾶς
406 3279 502 3323 μῆνιν
519 3278 653 3323 νυχίους
670 3277 698 3311 τ’
719 3277 849 3313 ἐνοπάς.

309 3329 443 3376 γέλασε
461 3330 501 3371 δ’,
521 3329 573 3364 ὅτι
590 3330 683 3365 τέκος
700 3329 794 3375 ἄφαρ
811 3330 875 3372 ἔβα

309 3381 515 3428 πολύχρυσα
533 3382 646 3417 θέλων
661 3379 874 3428 λατρεύματα
891 3384 1002 3429 σχεῖν·

311 3432 368 3468 ε’πὶ
385 3433 415 3468 δ’
431 3434 567 3469 ἔσεισεν
584 3434 698 3479 κόμαν,
711 3435 823 3468 παῦσε
835 3435 969 3480 νυχίους
981 3435 1140 3485 ὀνείρους,

311 3484 379 3520 ἀπὸ
396 3485 661 3530 δὲμμυηυσύναν
677 3486 848 3523 νυκπωπύν
865 3485 1154 3535 ἐξάῆκν’βροτῶν,

312 3537 367 3571 καὶ
382 3538 480 3582 τιμὰς
494 3539 599 3572 πάλιν

313 3587 393 3632 θῆκε
410 3588 525 3633 Λοξίᾳ,

1163 3394 1241 3429 1275

1166 3545 1246 3576 1280

1266 295 1343 338 EN

1268 513 1332 544 AI&

1269 722 1337 752 Χ(λ

1270 775 1333 805 AI&

1270 984 1340 1014 Χίλ

1270 1090 1334 1120 As&

1270 1143 1340 1172 §ccx

1389 295 1656 339 ΤΑΥΡΟῙΣ.
2219 294 2301 339 399

1367 403 1550 450 πολυάνορι
1567 402 1597 438 δ’
1616 402 1651 437 ἰν
1668 402 1812 447 ξενόεντι
1830 403 1937 452 θρόνῳ

1370 453 1480 501 θάρση
1497 457 1634 501 βροτοῖς
1652 455 1834 502 θεσφάτων
1849 457 1987 495 ἀοιδαῖς.

1370 505 1397 541 ὦ
1415 506 1625 554 ναοφύλακες
1641 508 1766 552 βώμιοί
1780 507 1812 543 τ’
1831 509 2019 551 ἐπιστάται,

1370 560 1459 595 Θόας
1475 559 1558 603 ἅναξ
1574 561 1638 607 γῆς
1653 560 1758 605 τῆσδε
1773 563 1839 595 ποῦ
1857 565 1948 608 κυρεῖ
1962 562 2099 605 βεβώςι

1371 608 1496 647 καλεῖτ’
1516 610 1759 655 ἀναπτύξαντες
1775 613 1966 659 εὐγόμφους
1982 612 2091 650 πύλας

1370 663 1436 707 ἔξω
1452 664 1630 711 μελάθρων
1645 665 1749 700 τῶνδε
1767 665 1919 712 κοίρανον
1935 666 2067 712 χθονός.

1369 717 1404 751 τί
1419 713 1451 750 δ’
1471 717 1575 760 ἔστιν,
1595 717 1624 751 εἰ
1641 717 1707 764 χρὴ
1725 717 1770 762 μὴ
1789 718 2031 754 κελευσθεῖσαν
2045 719 2158 766 λέγειν
2168 732 2180 758 5

1369 770 1499 811 βεβᾶσι
1517 770 1661 816 φροῦδοι
1679 769 1835 815 δίπτυχοι
1852 771 1974 806 νεανίαι

1372 820 1648 867 Ἀγαμεμνονείας
1663 822 1782 858 παιδὸς
1800 822 1836 857 ἐκ
1853 824 2093 869 βουλευμάτων

1372 872 1555 919 φεύγοντες
1573 874 1609 908 ἐκ
1625 875 1687 920 γῆς
1703 874 1808 918 τῆσδε
1826 876 1880 910 καὶ
1898 876 2021 921 σεμνὸν
2037 876 2160 922 βρέτας
2193 916 2196 921 Δ

1371 926 1534 968 λαβόντες
1552 926 1587 961 ἐν
1604 927 1784 961 κόλποισιν
1800 926 1966 964 Ἑλλάδος
1984 930 2073 964 νεώς.

1370 978 1514 1014 ἄπιστον
1530 975 1624 1014 εἰπας
1640 978 1755 1024 μῦθον·
1782 977 1821 1014 ὃν
1838 979 1868 1014 δ’
1889 980 1971 1015 ἰδεῖν
1988 979 2104 1016 θέλεις

1372 1031 1494 1065 ἄνακτα
1509 1032 1631 1077 χώρας,
1651 1031 1798 1077 φροῦδος
1818 1032 1854 1066 ἐκ
1872 1035 1951 1067 ναοῦ
1969 1032 2093 1069 συθείς.

1369 1085 1450 1123 ποῖ,·
1478 1083 1529 1118 δεῖ
1543 1084 1610 1130 γὰρ
1627 1083 1727 1118 αὐτὸν
1744 1083 1864 1119 εἰδέναι
1882 1085 1923 1119 τὰ
1941 1085 2100 1132 δρώμενα.

1373 1136 1432 1170 οὐκ
1448 1133 1558 1180 ἴσμεν·
1586 1135 1677 1170 ἀλλὰ
1694 1139 1811 1182 στεῖχε
1824 1137 1878 1172 καὶ
1896 1137 1995 1172 δίωκέ
2010 1151 2060 1172 νιν

2224 564 2301 607 1285

2226 837 2303 868 1290

2228 1096 2303 1128 1295

1304 1208 1320 1214 =
1372 1187 1456 1223 ὅπου
1474 1187 1622 1234 κυρήσας
1637 1187 1754 1224 τούσδ’
1774 1189 1976 1237 ἀπαγγελεῖς
1992 1190 2127 1237 λόγους.

1271 1247 1335 1277 AI&

1271 1351 1340 1381 XCL

1273 1458 1337 1488 AI&

1275 1721 1344 1751 ΘΕλ

1278 1826 1343 1855 AIx

1276 1930 1346 1959 (30.

1277 1982 1341 2012 AI&

1280 2244 1349 2273 Θ(λ

1281 2297 1344 2325 ΑΓ.

1281 2349 1349 2378 Θ(λ

1280 2402 1345 2431 AI&

1282 2455 1351 2484 etz

1281 2507 1344 2538 AI&

1159 2607 1237 2639 1260
1300 2636 1305 2641 .

1282 2664 1352 2694 ΘΟ.

1283 2769 1347 2799 AI&

1373 1239 1476 1286 ὁρᾶτ’,
1496 1241 1640 1276 ἄπιστον
1657 1241 1702 1278 ὣς
1717 1244 1903 1288 γυναικεῖον
1918 1242 2026 1289 γένος,

1373 1292 1510 1337 μέτεστί
1528 1293 1559 1327 θ’
1579 1294 1656 1338 ὑμῖν
1671 1297 1738 1329 τῶν
1753 1295 1994 1341 πεπραγμένων
2009 1294 2118 1341 μέρος.

1371 1345 1502 1389 μαίνεις
1527 1346 1561 1380 τί
1578 1345 1609 1381 δ’
1629 1345 1704 1390 ἡμῖν
1721 1350 1787 1381 τῶν
1804 1346 1906 1392 ξένων
1923 1348 2076 1394 δρασμοῦ
2092 1346 2197 1393 μέν-ας

1375 1397 1434 1432 οὐκ
1453 1394 1486 1433 εἰ
1500 1397 1706 1444 κρατούντων
1722 1400 1807 1446 πρὸς
1823 1398 1932 1436 πύλας
1950 1399 2035 1435 ὅσον
2051 1402 2154 1445 τάχος
2164 1414 2177 1439 ‚·

1375 1450 1415 1484 ού
1432 1450 1512 1493 πρίν
1527 1450 1561 1496 γ’
1582 1451 1622 1485 ἃν
1639 1450 1713 1495 εἴπῃ
1730 1454 1852 1487 τοῦπος
1870 1452 2026 1499 ἑρμηνεὺς
2042 1453 2130 1495 τόδε,

1376 1501 1435 1537 εἶτ’
1455 1503 1550 1538 ἔνδον
1567 1501 1626 1537 εἴτ’
1646 1504 1705 1538 οὐκ
1723 1504 1817 1539 ἔνδον
1833 1504 1981 1551 ἀρχηγὸς
1997 1504 2130 1550 χθονός.

1377 1554 1436 1599 ὠὴ,
1455 1556 1583 1601 χαλᾶτε
1601 1555 1739 1602 κλῇθρα,
1757 1558 1828 1593 τοῖς
1845 1557 1939 1592 ἔνδον
1956 1556 2058 1604 λέγω,

1375 1608 1429 1642 καὶ
1446 1608 1594 1652 δεσπότῃ
1613 1606 1776 1653 σημήναθ’
1795 1607 1899 1644 οὕνεκ’
1918 1610 1954 1644 ἐν
1969 1609 2092 1645 πύλαις

1375 1662 1523 1707 πάρειμι,
1542 1663 1659 1695 καινῶν
1676 1661 1805 1707 φόρτον
1821 1661 2003 1709 ἀγγέλλων
2020 1664 2135 1696 κακῶν.

1376 1714 1427 1749 τίς
1444 1713 1533 1759 ἀμφὶ
1551 1713 1643 1758 δῶμα
1657 1713 1733 1749 θεᾶς
1749 1712 1819 1748 τόδ’
1838 1712 1975 1758 ἵστησιν
1991 1714 2087 1758 βοὴν,

1378 1765 1488 1801 πύλας
1506 1765 1631 1811 ἀράξας
1649 1766 1702 1800 καὶ
1719 1763 1835 1811 φοβον
1850 1765 1990 1813 πέμψας
2007 1766 2100 1806 ἴσως

1376 1817 1513 1863 ψευδῶς
1530 1817 1582 1863 ἄρ’
1603 1815 1675 1852 αῖδε
1693 1817 1747 1851 καί
1763 1820 1799 1862 μ’
1816 1817 2006 1862 ἀπήλαυνον
2025 1819 2144 1863 δόμων,

1377 1870 1421 1906 ὡς
1439 1870 1531 1906 ἐκτὸς
1549 1867 1625 1913 ε’ίης·
1654 1868 1699 1904 σὺ
1717 1870 1753 1904 δὲ
1771 1869 1839 1904 κατ’
1858 1868 1948 1905 οἰκον
1965 1869 2043 1914 ἦσθ’
2063 1870 2139 1916 ἄρα.

1377 1921 1412 1956 τί
1429 1922 1669 1968 προσδοκῶσαι
1687 1921 1802 1968 κέρδος
1818 1921 1838 1967 ἦ
1857 1922 2062 1969 θηρώμεναι,·

1378 1972 1472 2010 αὖθις
1488 1975 1530 2008 τὰ
1547 1975 1650 2009 τῶνδε
1668 1978 1815 2018 σημανῶ·
1841 1975 1883 2010 τὰ
1901 1973 1931 2009 δ’
1952 1975 1988 2009 ἐν
2003 1975 2087 2010 ποσὶ

1376 2026 1512 2072 παρόντ’
1531 2025 1685 2061 ἄκουσον.
1720 2023 1741 2070 ἦ
1761 2027 1876 2065 νεᾶνις,
1896 2025 1916 2071 ἦ
1934 2027 2045 2062 ’νθάδε

1378 2079 1506 2123 βωμοῖς
1522 2077 1710 2124 παρίστατ’,
1730 2078 1897 2125 Ἰφιγένει’
1917 2079 1982 2123 ἔξω
1999 2079 2120 2124 χθονὸς

1380 2132 1445 2167 σὺν
1461 2133 1531 2167 τοῖς
1548 2130 1695 2174 ξένοισιν
1711 2129 1849 2176 οἴχεται,
1868 2133 1991 2176 σεμνὸν
2007 2131 2084 2167 θεᾶς

1380 2183 1502 2230 ἄγαλμ’
1521 2185 1659 2229 ἔχουσα·
1687 2183 1783 2217 δόλια
1801 2184 1830 2218 δ’
1847 2182 1887 2227 ἦν
1904 2183 2105 2230 καθάρματα.

1381 2240 1452 2272 πῶς
1469 2235 1538 2282 φῄς
1548 2250 1559 2275 ,-
1585 2236 1619 2270 τί
1634 2237 1762 2279 πνεῦμα
1779 2237 1959 2282 συμφορᾶς
1977 2234 2176 2281 κεκτημένης

1381 2288 1529 2331 σώζουσ’
1549 2286 1724 2334 Ὀρέστην·
1751 2290 1849 2322 τοῦτο
1866 2288 1933 2335 γὰρ
1951 2289 1997 2322 σὺ
2016 2287 2189 2332 θαυμάσει.

1381 2342 1439 2376 τὸν
1454 2343 1572 2381 ποῖον;
1600 2338 1650 2382 ἆρ’
1670 2338 1708 2374 δν
1724 2340 1882 2387 Τυνδαρὶς
1899 2339 2002 2374 τίκτει
2021 2341 2124 2387 κόρη,-

1383 2393 1421 2428 ὃν
1437 2394 1554 2428 τοῖσδε
1570 2393 1698 2436 βωμοῖς
1716 2390 1775 2436 θεᾷ
1794 2392 2049 2427 καθωσιώσατο.

1385 2445 1411 2480 ὦ
1430 2445 1547 2490 θαῦμα.
1583 2447 1654 2480 πῶς
1671 2458 1713 2479 σε
1730 2445 1843 2489 μεῖζον
1860 2444 2027 2489 ὀνομάσας
2043 2443 2157 2489 τύχως

1381 2498 1425 2542 μὴ
1443 2496 1577 2532 ’νταῦθα
1593 2495 1723 2542 τρέψῃς
1741 2496 1805 2541 σὴν
1822 2496 1930 2543 φρέν’,
1950 2496 2029 2531 ἀλλ’
2048 2496 2148 2531 ἄκουέ
2162 2511 2236 2542 μου·

1383 2551 1505 2596 σαφῶς
1522 2549 1552 2584 δ’
1572 2547 1722 2595 ἀθρήσας
1739 2550 1792 2584 καὶ
1811 2547 1920 2584 κλύων
1937 2549 2159 2595 ἐκφρόντισον

1386 2602 1531 2648 διωγμὸν
1548 2601 1642 2636 ὅστις
1659 2600 1736 2637 τοὺς
1754 2601 1867 2646 ξένους
1885 2601 2076 2648 θηράσεται.

1381 2653 1468 2701 λέγ’·
1498 2653 1534 2689 εὖ
1550 2654 1615 2700 γὰρ
1633 2649 1736 2689 εἰπας·
1764 2654 1804 2688 οὗ
1820 2655 1886 2701 γὰρ
1904 2653 2095 2700 ἀγχίπλουν
2109 2655 2215 2700 πόρον
2236 2665 2312 2697 1325

1384 2705 1581 2754 φεύγουσιν,
1601 2705 1691 2740 ὥστε
1709 2705 1886 2753 διαφυγεῖν
1902 2706 2025 2751 τούμὸν
2042 2706 2133 2752 δόρυ.

1385 2761 1457 2795 ἐπεὶ
1474 2760 1558 2805 πρὸς
1575 2758 1675 2793 ἀκτὰς
1691 2757 1841 2803 ἤλθομεν
1858 2757 2059 2799 θαλασσίας,

1386 2810 1425 2846 οὗ
1443 2813 1520 2846 ναῦς
1538 2809 1704 2856 Ὀρέστου
1722 2809 1863 2856 κρύφιος
1879 2809 1920 2854 ἦν
1937 2809 2138 2857 ὡρμισμένη,

1385 2863 1469 2908 ἡμᾶς
1486 2863 1556 2906 μὲν,
1575 2861 1632 2898 οὓς
1650 2861 1695 2896 σὺ
1713 2863 1822 2907 δεσμὰ
1840 2862 2049 2908 συμπέμπεις
2066 2862 2169 2906 ξένων

1386 2917 1533 2961 ἔχοντας,
1554 2913 1700 2957 ἐξένευσ’
1719 2914 1904 2960 ἀποστῆναι
1921 2915 2040 2961 πρόσω

1386 2966 1629 3014 Ἀγαμέμνονος
1645 2968 1733 3008 παῖς,
1753 2967 1798 3003 ὣς
1814 2967 2002 3013 ἀπόρρητον
2018 2967 2136 3014 φλόγα

1388 3019 1543 3054 θύσουσα
1560 3018 1613 3053 καὶ
1631 3017 1809 3064 καθαρμὸν,
1830 3018 1868 3053 ὃν
1883 3017 2063 3067 μετῴχετο.

1387 3071 1468 3115 αὐτὴ
1487 3069 1518 3105 δ’
1537 3069 1678 3109 ὄπισθεν
1695 3070 1791 3115 δέσμ’
1810 3072 1938 3116 ἔχουσα
1953 3072 2025 3106 τοῖν
2041 3070 2150 3114 ξένοιν

1388 3123 1522 3168 ἔστειχε
1538 3122 1651 3168 χερσί.
1687 3124 1742 3158 καὶ
1757 3120 1830 3158 τάδ’
1851 3121 1891 3167 ἦν
1907 3121 2039 3158 ὕποπτα
2055 3123 2126 3167 μὲν,

1389 3177 1512 3220 ἤρεσκε
1528 3173 1640 3219 μέντοι
1659 3177 1754 3210 σοῖσι
1771 3175 1995 3222 προσπόλοις,
2015 3174 2108 3218 ἅναξ.

1388 3228 1499 3274 χρόνῳ
1518 3226 1558 3270 δ’,
1578 3224 1619 3261 ἶν’
1637 3225 1715 3272 ἡμῖν
1733 3227 1815 3273 δρᾶν
1831 3241 1865 3261 τι
1883 3227 1923 3271 δὴ
1941 3228 2035 3261 δοκοῖ
2050 3228 2166 3269 πλεον,

1389 3277 1582 3322 ἀνωλόλυξε
1599 3279 1652 3313 καὶ
1670 3279 1788 3323 κατῇδε
1804 3279 1964 3326 βάρβαρα

1389 3331 1478 3376 μέλη
1495 3328 1690 3378 μαγεύουσ’,
1711 3331 1755 3367 ὣς
1771 3332 1878 3376 φόνον
1895 3331 2031 3374 νίζουσα
2047 3328 2101 3375 δή.

1389 3383 1462 3417 ἐπεὶ
1479 3382 1515 3416 δὲ
1533 3382 1634 3428 δαρὸν
1649 3380 1731 3426 ἦμεν
1747 3382 1860 3427 ἥμενοι
1876 3386 2010 3429 χρόνον,

1392 3432 1551 3478 εἰσῆλθεν
1568 3433 1652 3479 ἡμᾶς
1667 3434 1712 3480 μὴ
1729 3434 1887 3471 λυθέντες
1904 3436 1936 3469 οἱ
1954 3434 2043 3478 ξένοι

1391 3487 1539 3521 κτάνοιεν
1554 3485 1656 3532 αὐτὴν
1672 3487 1830 3533 δραπέται
1847 3486 1877 3521 τ’
1895 3486 2056 3531 οἰχοίατο.

1391 3539 1493 3584 φόβῳ
1511 3537 1541 3573 δ’
1558 3537 1581 3572 ἃ
1596 3538 1642 3583 μὴ
1658 3539 1746 3588 χρῆν
1763 3539 1900 3585 εἰσορᾶν
1917 3537 2085 3582 καθήμεθα

1396 3592 1488 3636 σιγῇ,
1505 3590 1604 3627 τέλος
1620 3590 1658 3626 δὲ
1673 3592 1780 3626 πᾶσιν
1795 3590 1837 3635 ἦν
1852 3590 1951 3627 αὑτὸς
1966 3591 2083 3636 λόγος,

2229 1359 2306 1389 1300

2230 1622 2306 1653 1305

2231 1882 2311 1914 ¹3¹0

2235 2142 2310 2175 13¹5

2235 2405 2314 2436 1320

2238 2926 2318 2958 1330

2239 3189 2318 3221 ¹335

2242 3447 2323 3479 ¹340
