2488 3860
231 264 314 332 ⁶222

229 443 300 473 en.

232 545 303 575 ΗΡ.

1143 261 1469 324 mp‘mmo‘r‘

330 388 396 421 ποῦ
414 385 471 421 καί
486 386 579 451 σφε
575 383 715 427 Odit-‘reu
743 387 809 422 ποῦ
827 401 877 423 νιν
894 386 1027 435 εὑρήσω
1046 388 1182 432 μολὼν;

329 436 431 484 ὀρθὴν
447 437 525 484 παρ’
543 434 649 483 οἶμον,
669 437 688 483 ἢ
706 437 756 474 ’πὶ
773 440 949 487 Λάρισσαν
966 440 1075 505 φέρει,

331 488 461 535 τύμβον
479 491 622 536 κατόψει
639 491 796 534 ξεστὸν’
779 505 814 526 εκ
831 493 1031 535 προαστίου.

331 538 357 572 ὦ
373 540 489 574 πολλὰ
506 541 619 574 τλᾶσα
636 539 754 584 καρδία
770 539 869 585 ψυχή
887 539 916 573 τ’
935 539 1007 583 ε’μὴ,

332 592 389 626 νῦν
406 591 517 635 δεῖξον
534 588 604 626 οἷον
620 591 723 627 παῖδά
740 590 774 625 σ’
793 590 813 635 ἡ
831 591 988 637 Τιρυνθία

331 643 576 689 Ἠλεκτρυόνος
591 642 726 690 έγείνατ’
746 642 913 688 Ἀλκμήνη
933 642 1000 677 Διί.

331 695 383 730 δεῖ
396 695 462 741 γάρ
478 708 520 740 με
538 698 649 730 σῶσαι
666 695 726 739 τὴν
743 695 909 730 θανοῦσαν
926 694 1045 739 ἀρτίως

330 749 466 793 γυναῖκα
487 747 545 782 κάς
567 747 653 782 τόνδ’
672 746 765 783 αὖθις
783 747 916 793 ἱδρῦσαι
935 747 1036 790 δόμον

323 798 523 843 Ἄλκηστιν,
543 798 694 847 Ἀδμήτῳ
713 799 747 834 θ’
767 799 977 844 ὑπουργῆσαι
994 799 1103 844 χάριν.

329 851 438 886 ἐλθὼν
455 850 483 886 δ’
502 850 623 886 ἄνακτα
640 852 698 886 τὸν
713 852 954 895 μελάμπεπλον
972 853 1093 896 νεκρῶν

330 904 479 938 θάνατον
497 903 653 948 φυλάξω,
673 903 727 938 καί
745 916 793 938 νιν
811 901 964 948 εὑρήσειν
982 902 1078 941 δοκῶ,

328 955 465 991 πίνοντα
482 953 614 999 τύμβου
630 955 778 999 πλησίον
794 954 1084 1000 προσφαγμάτων.

329 1007 451 1053 κᾶνπερ
467 1005 622 1052 λοχήσας
639 1007 739 1042 αὐτὸν
756 1007 794 1050 ἐξ
813 1006 909 1052 ἔδρας
928 1004 1042 1041 συθεὶς

327 1059 468 1106 μάρψω,
488 1057 608 1093 κύκλον
617 1059 653 1094 δὲ
670 1060 844 1105 περιβαλῶ
862 1060 975 1104 χεροῖν
993 1057 1096 1102 ε’μαῖν,

327 1111 387 1146 οὐκ
405 1112 498 1146 ἔστιν
515 1110 611 1147 ὅστις
628 1111 726 1145 αὐτὸν
744 1108 954 1157 ἐξαιρήσεται

326 1166 494 1210 μογοῦντα
510 1164 650 1209 πλευρὰ,
669 1163 748 1209 πρὶν
764 1161 887 1209 γυναῖκ’
908 1163 980 1206 ἐμοὶ
998 1161 1092 1206 μεθῇ.

326 1214 366 1260 ἢν
383 1214 412 1250 δ’
423 1213 489 1250 οὖν
506 1216 639 1261 ἁμάρτω
657 1214 753 1259 τῆσδ’
771 1214 885 1261 ἄγρας,
906 1214 958 1248 καὶ
975 1214 1020 1258 μὴ
1038 1215 1126 1258 μόλῃ

1204 445 1264 485 835

1199 700 1261 738 840

284 1282 287 1284 ·
325 1268 409 1314 πρὸς
425 1268 605 1313 αἱματηρὸν
622 1267 780 1306 πέλανον,
801 1264 866 1311 εἶμι
884 1269 949 1300 τῶν
967 1267 1053 1300 κάτω

219 1792 290 1824 ΑΔ.

219 2412 291 2444 ΧΟ.

219 2466 289 2497 ΑΔ.

219 2517 290 2548 XO.

220 2570 291 2600 ΑΔ.

219 2621 290 2652 ΧΟ.

220 2726 292 2758 XO.

221 2780 293 2809 ΑΔ.

222 2831 295 2861 XO.

223 2935 294 2965 ΑΔ.

228 3509 298 3540 ΧΟ.

232 3563 299 3597 ΑΔ.

326 1321 435 1366 Κόρης
451 1319 589 1355 ἅνακτός
606 1321 635 1353 τ’
652 1319 699 1355 εἷς
716 1319 871 1363 ἀνηλίους
888 1319 1021 1363 δόμους,

325 1370 505 1416 αἰτήσομαί
521 1379 570 1405 τε·
597 1372 650 1406 καὶ
667 1371 801 1406 πέποιθ’
821 1371 912 1414 ἄξειν
929 1371 995 1405 ἅνω

318 1422 517 1467 Ἀλκηστιν,
538 1423 627 1458 ὥστε
644 1424 764 1469 χερσὶν
782 1422 919 1458 ἐνθεῖναι
937 1423 1045 1467 ξένου,

325 1475 361 1512 ὅς
377 1475 410 1520 μ’
429 1476 463 1512 ές
480 1476 600 1519 δόμους
619 1474 743 1518 ἐδέξατ’
763 1475 831 1510 οὐδ’
850 1474 1017 1520 ἀπήλασε,
1195 1478 1255 1519 855

325 1528 440 1575 καίπερ
458 1527 577 1573 βαρείᾳ
593 1528 754 1573 συμφορᾷ
770 1528 1014 1573 πεπληγμένος,

324 1581 463 1626 ἔκρυπτε
482 1579 522 1620 δ’,
543 1579 588 1614 ὢν
603 1581 763 1626 γενναῖος,
783 1579 950 1615 αἶδεσθεις
968 1578 1036 1622 ε’μέ.

323 1633 373 1668 τίς
391 1632 488 1666 τοῦδε
505 1633 640 1677 μᾶλλον
658 1633 848 1666 θεσσαλῶν
865 1631 1069 1677 φιλόξενος;

323 1684 373 1720 τίς
390 1683 528 1719 Ἑλλάδ’
547 1684 666 1724 οἷκῶν;
696 1683 813 1731 τοιγὰρ
831 1684 891 1718 οὐκ
909 1684 979 1730 ἐρεῖ
994 1685 1092 1717 κακὸν

323 1737 536 1782 εὐεργετῆσαι
555 1738 653 1783 φῶτα
669 1739 819 1782 γενναῖος
835 1737 955 1783 γεγώς.

320 1788 358 1822 ἰὼ
376 1788 427 1823 ἰώ.
458 1789 598 1835 στυγναὶ
615 1789 791 1835 πρόσοδοι,

322 1841 462 1887 στυγναὶ
480 1840 508 1876 δ’
528 1841 629 1887 ὅψεις
642 1839 759 1887 χήρων
774 1840 961 1887 μελάθρων.

321 1892 359 1927 ἷώ
376 1894 435 1937 μοί
450 1907 520 1938 μοι,
539 1893 609 1928 αἷαῖ

319 1947 380 1980 ποῖ
394 1947 469 1987 βῶ;
497 1948 544 1981 πᾶ
563 1948 656 1983 στῶς
685 1946 718 1980 τί
735 1947 845 1986 λέγω;
874 1945 908 1980 τί
925 1945 961 1980 δὲ
979 1943 1046 1989 μή;
1279 1989 1281 1994 y

321 1998 392 2030 πῶς
409 1996 449 2029 ἂν
468 1995 621 2040 ὀλοίμαν.
1197 1994 1255 2034 865
1279 1998 1281 2031 Ι

320 2044 340 2089 ἦ
357 2048 585 2094 βαρυδαίμονα
601 2046 708 2094 μήτηρ
725 2045 759 2091 μ’
774 2047 894 2081 ἔτεκεν.
1279 2036 1282 2076 ί

321 2099 410 2143 ζηλῶ
427 2099 620 2144 φθιμένους,
641 2100 755 2134 κείνων
772 2099 902 2143 ἔραμαι,

319 2146 394 2182 κεῖν’
416 2147 563 2192 ἐπιθυμῶ
581 2148 715 2192 δώματα
733 2148 845 2182 ναίειν.

319 2201 396 2234 οὔτε
411 2200 477 2246 γὰρ
495 2200 598 2246 αὐγὰς
614 2200 722 2247 χαίρω
738 2202 919 2246 προσορῶν

319 2251 387 2287 οὔτ’
407 2252 461 2287 ε’πὶ
478 2252 573 2297 γαίας
589 2253 677 2287 πόδα
694 2251 851 2295 πεζεύων·

319 2306 410 2339 τοῖον
427 2303 551 2350 ὅμηρόν
566 2303 599 2349 μ’
619 2303 842 2349 ἀποσυλήσας

314 2355 411 2400 ’Ἀιδῃ
431 2357 579 2392 Θάνατος
596 2357 796 2402 παρέδωκεν.

319 2410 432 2454 πρόβα
449 2410 573 2455 πρόβα·
601 2409 684 2450 βᾶθι
702 2408 817 2445 κεῦθος
835 2407 943 2447 σ’ίκων,

318 2459 398 2495 αἶαῖ.

319 2513 492 2550 πεπονθὼς
509 2513 573 2558 αξι’
592 2513 791 2561 αῖαγμάτων.

328 2565 352 2577 'fl

318 2579 360 2600 εε.

320 2617 360 2652 δι’
380 2616 498 2654 ὀδύνας
514 2618 606 2661 ἔβας,

324 2669 409 2715 σάφ’
428 2667 502 2705 οἶδα
567 2677 638 2707 ΑΔ.
666 2672 734 2718 φεῦ
751 2672 832 2718 φεῦ.

777 2723 837 2759 τὰν
854 2719 967 2768 νέρθεν
983 2720 1080 2757 οὐδὲν
1097 2718 1254 2765 ὠφελεῖς.

1194 1738 1256 1770 860

1177 2419 1253 2453 στρ.

1195 2616 1257 2657 874

322 2773 360 2808 ίώ
377 2775 436 2819 μοί
451 2789 521 2819 μοι.

323 2827 362 2861 τὸ
379 2825 498 2870 μήποτ’
517 2828 654 2863 εἰσιδεῖν
671 2827 789 2870 φιλίας
806 2826 935 2872 ἀλόχου

321 2879 505 2925 πρόσωπον
523 2878 605 2914 ὄντα
620 2880 761 2925 λυπρόν.

323 2929 467 2974 ἔμνησας
485 2927 504 2963 ὅ
520 2942 585 2974 μου
603 2930 727 2975 φρένας
744 2928 914 2974 ἥλκωσεν·

325 2981 358 3016 τί
373 2981 438 3027 γὰρ
456 2980 550 3027 ἀνδρὶ
568 2983 666 3016 κακὸν
682 2983 793 3025 μεῖζον
810 2983 966 3029 ἁμαρτεῖν

323 3034 447 3077 πιστῆς
464 3032 592 3078 ἀλόχου
605 3045 614 3073 ;
642 3032 686 3078 μή
704 3047 786 3068 ποτε
803 3033 911 3079 γήμας

325 3084 461 3131 ὤφελον
479 3084 579 3119 οἷκεῖν
595 3086 677 3130 μετὰ
694 3087 797 3129 τῆσδε
815 3087 948 3131 δόμους.

328 3138 416 3181 ζηλῶ
435 3135 464 3172 δ’
483 3137 630 3181 ἀγάμους
646 3137 800 3174 ἀτέκνους
817 3152 854 3172 τε
871 3141 1016 3185 βροτῶν.

325 3190 384 3235 μία
401 3190 466 3236 γὰρ
483 3188 594 3235 ψυχή·
624 3191 684 3234 τῆς
700 3190 901 3236 ὑπεραλγεῖν

326 3242 460 3287 μέτριον
475 3241 592 3287 ὄχθος·

326 3294 453 3330 παίδων
470 3294 507 3329 δὲ
525 3294 645 3330 νόσους
663 3294 716 3328 καὶ
734 3295 930 3339 νυμφιδίους

1191 2828 1255 2871 876

1195 3034 1258 3067 880

1197 3250 1262 3290 884

328 3346 422 3382 εὐνὰς
441 3345 594 3382 θανάτοις
611 3347 839 3391 κεραΐζομένας

327 3399 367 3433 οὐ
385 3399 508 3443 τλητὸν
525 3400 617 3443 ὁρᾶν,
638 3398 714 3442 ἐξὸν
731 3399 885 3434 ἀτέκνους

328 3451 476 3498 ἀγάμους
492 3450 521 3485 τ’
541 3446 623 3486 εἶναι
641 3451 696 3485 διὰ
713 3452 847 3486 παντός.

326 3502 413 3549 τύχα
430 3501 517 3550 τύχα
535 3503 791 3540 δυσπάλαιστος
807 3503 890 3549 ἥκει.

327 3555 407 3596 αιάῖ.

1310 388 1380 418 XO.

1310 441 1382 470 ΑΔ.

1311 493 1382 523 ΧΟ.

1311 594 1380 624 XO.

1310 647 1380 675 ΑΔ.

1310 699 1381 728 ΧΟ.

1310 803 1381 832 ΑΔ.

1196 1218 1259 1257 850
1311 1219 1381 1249 XO.

1310 1583 1377 1613 ΑΔ.

1191 2305 1254 2344 870
1304 2308 1376 2339 XO.

1195 2671 1255 2711 875
1304 2675 1374 2706 ΑΔ.

1408 382 1511 429 πέρας
1529 381 1556 416 δ’
1577 380 1674 415 ουδεν
1691 377 1783 424 τίθης
1800 378 1943 427 ἀλγέων.
2283 372 2343 420 890

1408 436 1453 471 εἐ.

1410 486 1518 532 βαρέα
1535 500 1596 530 μεν
1613 485 1742 531 φέρειν,

1411 536 1498 582 ὅμως
1516 536 1552 571 δὲ
1605 540 1676 570 ΑΔ.
1705 535 1772 580 φεῦ
1789 535 1868 580 φεῦ.

1798 584 1911 621 τλᾶθ”
1940 585 1979 619 οὐ
1998 583 2043 618 σὺ
2059 585 2190 630 πρῶτος
2208 569 2339 616 ὤλεσας

1410 640 1448 674 ἶώ
1466 655 1523 685 μοι
1540 653 1608 684 μοι.

1409 693 1559 739 γυναῖκα·
1589 690 1752 737 συμφορὰ
1769 690 1798 725 δ’
1815 689 1946 736 ετέρους
1964 688 2059 735 ετέρα

1411 744 1514 786 πιέζει
1533 745 1680 789 φανεῖσα
1698 743 1835 778 θνατῶν.

1410 795 1436 830 ὦ
1453 796 1561 842 μακρὰ
1578 794 1680 838 πένθη
1697 793 1803 829 λῦπαί
1818 808 1854 829 τε
1872 793 1986 840 φίλων

1412 851 1479 883 τῶν
1495 847 1561 883 ὑπὸ
1577 848 1687 894 γαῖαν.

1412 899 1446 934 ’ἓ-ί
1461 898 1495 944 μ’
1513 899 1686 934 ἐκώλυσας
1702 897 1803 945 ῥῖψαι
1820 896 1950 942 τύμβου

1412 950 1580 998 τάφρον’
1561 965 1596 987 ες
1612 950 1739 994 κοίλην,
1758 951 1812 985 καὶ
1828 948 1900 995 μετ’
1913 947 2035 992 ἐκείνης

1413 1005 1470 1048 τῆς
1487 1001 1562 1050 μέγ’
1581 1002 1721 1049 ἀρίστης
1738 1000 1868 1037 κεῖσθαι
1886 1000 2070 1047 φθίμενον,

1413 1055 1472 1090 δύο
1491 1055 1519 1090 δ’
1538 1055 1610 1090 ἀντὶ
1627 1055 1703 1099 μιᾶς
1714 1052 1830 1098 Ἀιδης
1846 1053 1964 1100 ψυχὰς

1411 1108 1471 1143 τὰς
1487 1107 1691 1143 πιστοτάτας
1709 1105 1772 1141 σὺν
1789 1106 1865 1141 ἄν’
1845 1120 1959 1151 εσχεν,
1978 1106 2062 1150 ὁμοῦ

1411 1160 1549 1206 χθονίαν
1565 1159 1684 1204 λίμνην
1702 1159 1870 1201 διαβάντε.

1411 1213 1484 1256 ἐμοί
1501 1225 1551 1248 τις
1567 1210 1607 1256 ἦν
1625 1212 1660 1246 ἐν
1675 1211 1774 1258 γένει,
1794 1207 1821 1259 ᾧ
1839 1212 1935 1257 κόρος
1952 1207 2147 1255 ἀξιόθρηνος

2283 687 2346 739 ⁸9³

2281 794 2342 833 895

2281 844 2344 884 ⁸96

2281 1062 2344 1096 900

2264 1223 2339 1251 στρ.

1412 1263 1511 1313 ᾤχετ’
1529 1264 1563 1299 ἐν
1581 1264 1716 1308 δόμοισι
2281 1270 2342 1305 905

1411 1319 1582 1362 μονόπαις·
1611 1313 1690 1351 ἀλλ’
1707 1316 1812 1361 ἔμπας

1412 1370 1513 1415 ἔφερε
1531 1369 1628 1404 κακὸν
1645 1369 1732 1408 ἅλις,
1751 1367 1884 1404 ἄτεκνος
1902 1366 1958 1407 ὢν,

1411 1422 1532 1457 πολιὰς
1551 1421 1605 1457 ἐπὶ
1622 1421 1740 1466 χαίτας

1410 1474 1471 1518 ἤδη
1489 1474 1656 1520 προπετὴς
1673 1473 1719 1508 ὣν

1409 1528 1527 1568 βιότου
1544 1540 1581 1561 τε
1598 1528 1729 1573 πόρσω.

1409 1578 1435 1613 ὦ
1454 1580 1568 1624 σχῆμα
1586 1579 1707 1622 δόμων,
1726 1581 1797 1614 πῶς
1815 1577 1984 1616 εἷσέλθω;

1409 1634 1479 1666 πῶς
1497 1630 1525 1665 δ’
1545 1629 1682 1675 οἰκήσω,
1701 1631 1964 1676 μεταπίπτοντος

1409 1683 1584 1728 δαίμονος;
1613 1681 1712 1727 οἴμοι.
1740 1683 1830 1718 πολὺ
1846 1683 1912 1729 γὰρ
1930 1683 1968 1716 τὸ
1985 1681 2104 1727 μέσον·

1408 1737 1484 1770 τότε
1499 1736 1560 1780 μὲν
1576 1734 1711 1772 πεύκαις
1730 1735 1793 1770 σὺν
1810 1736 1992 1779 Πηλιάσιν,

1409 1787 1473 1822 σύν
1490 1787 1524 1822 θ’
1544 1787 1708 1832 ὑμεναίοις
1725 1788 1881 1833 ἔστειχον
1898 1787 1979 1826 ἔσω,

1407 1840 1525 1885 φιλίας
1543 1840 1671 1886 ἀλόχου
1688 1841 1772 1887 χέρα
1789 1840 1978 1883 βαστάζων.

1406 1893 1620 1938 πολυάχητος
1638 1892 1666 1927 δ’
1679 1890 1789 1927 εἵπετο
1807 1895 1926 1937 κῶμος,

1406 1942 1465 1986 τήν
1482 1959 1519 1979 τε
1537 1944 1704 1979 θανοῦσαν
1721 1944 1795 1988 κάμ’
1814 1944 1975 1987 ὀλβίζων.

1407 1995 1453 2029 ὧς
1471 1994 1662 2040 εὐπατρίδαι
1680 1996 1732 2029 καὶ
1750 1996 1806 2030 ἀπ’
1823 1996 2023 2042 ἀμφοτέρων

1409 2044 1500 2081 ὄντες
1517 2046 1680 2092 ἀριστέων
1698 2046 1841 2094 σύζυγες
1858 2045 1959 2092 εἶμεν,

1408 2099 1465 2132 νῦν
1482 2097 1511 2133 δ’
1529 2098 1690 2143 ὑμεναίων
1706 2101 1787 2145 γόος
1803 2100 1996 2139 ἀντίπαλος,

1406 2149 1534 2182 λευκῶν
1551 2162 1587 2182 τε
1604 2148 1742 2182 πέπλων
1758 2149 1898 2193 μέλανες
1916 2148 2061 2191 στολμοὶ

1407 2199 1580 2243 πέμπουσί
1595 2198 1629 2244 μ’
1648 2200 1717 2234 ἔσω

1406 2251 1555 2298 λέκτρων
1572 2251 1683 2288 κοίτας
1701 2251 1735 2287 ἐς
1752 2250 1904 2298 ἐρήμους.

1405 2302 1482 2349 παρ’
1501 2303 1623 2348 εὐτυχῆ
1643 2317 1700 2338 σοι
1717 2305 1845 2348 πότμον
1861 2301 1964 2348 ἢλθεν
1981 2303 2186 2351 ἇπειροκάκφ
2204 2302 2273 2338 τόδ’

1406 2355 1522 2402 ἄλγος·
1552 2355 1629 2390 ἀλλ’
1649 2355 1783 2392 ἔσωσας
2256 2351 2348 2403 [ἀντ.

1404 2407 1523 2449 βίοτον
1540 2409 1593 2442 καὶ
1611 2408 1742 2454 ψυχάν.

1405 2460 1500 2495 ἔθανε
1519 2460 1639 2506 δάμαρ,
1659 2461 1758 2495 ἔλιπε
1776 2460 1907 2506 φιλίαν·

1405 2512 1440 2547 τί
1456 2512 1530 2547 νέον
1546 2513 1646 2554 τόδες
1676 2513 1827 2551 πολλοὺς

1405 2565 1466 2609 ἤδη
1484 2565 1681 2611 παρέλυσεν

1404 2616 1543 2653 θάνατος
1561 2617 1738 2664 δάμαρτος.

1403 2669 1515 2715 φίλοι,
1533 2671 1686 2715 γυναικὸς
1704 2668 1828 2714 δαίμον’
1848 2669 2089 2715 εὐτυχέστερον

1404 2721 1529 2766 τούμοῦ
1547 2722 1680 2766 νομίζω,
1699 2724 1815 2768 καίπερ
1833 2721 1873 2756 οὐ
1891 2720 2044 2756 δοκοῦνθ’
2063 2721 2164 2766 ὅμως·

1404 2774 1462 2818 τῆς
1479 2774 1540 2818 μὲν
1555 2774 1622 2821 γὰρ
1639 2774 1735 2809 οὐδὲν
1752 2773 1857 2821 ἄλγος
1874 2774 2001 2820 ὄψεταί
2017 2787 2111 2813 ποτε,

1403 2827 1543 2861 πολλῶν
1561 2826 1597 2861 δὲ
1614 2826 1751 2872 μόχθων
1768 2826 1904 2871 εὐκλεὴς
1922 2825 2105 2862 ἐπαύσατο.

1405 2878 1471 2924 ε’γῶ
1489 2878 1531 2918 δ’,
1551 2877 1589 2913 ὃν
1607 2879 1646 2913 οὐ
1663 2880 1750 2924 χρῆν
1767 2879 1837 2923 ζῆν,
1856 2879 1972 2925 παρεὶς
1989 2880 2028 2913 τὸ
2045 2880 2223 2925 μόρσιμον,

1403 2932 1534 2975 λυπρὸν
1552 2930 1654 2974 διάξω
1671 2931 1800 2973 βίοτον·
1828 2930 1903 2977 ὅρτι
1919 2930 2085 2975 μανθάνω.

1402 2985 1472 3018 πῶς
1488 2983 1553 3030 γὰρ
1571 2983 1682 3027 δόμων
1697 2975 1792 3018 τῶνδ’
1810 2982 1962 3019 εἰσόδους
1979 2983 2155 3028 ἀνέξομαις

1402 3034 1461 3069 τίν’
1481 3035 1521 3070 ἂν
1536 3049 1741 3080 προσειπων,
1760 3037 1820 3069 τοῦ
1838 3034 1874 3069 δε
1891 3034 2131 3081 προσρηθεὶς”
2110 3047 2187 3074 mro,

1402 3088 1542 3134 τερπνῆς
1558 3085 1689 3132 τύχοιμ’
1707 3087 1747 3122 ἂν
1764 3086 1920 3127 εἷσόδου;
1948 3089 2008 3122 ποῖ
2024 3087 2214 3134 τρέψομαις

1401 3139 1421 3184 ἡ
1438 3140 1499 3184 μὲν
1514 3140 1580 3186 γὰρ
1598 3140 1691 3174 ἔνδον
1709 3138 1808 3184 έξελᾷ
1825 3138 1858 3184 μ’
1878 3139 2005 3185 ἐρημία,

1399 3193 1552 3238 γυναικὸς
1569 3192 1663 3228 εὐνὰς
1680 3190 1745 3226 εὖτ’
1763 3191 1804 3226 ἂν
1819 3190 1934 3226 εἶσίδω
1952 3192 2046 3228 κενὰς

1401 3243 1538 3290 θρόνους
1555 3243 1582 3278 τ’
1603 3244 1638 3278 ἐν
1655 3241 1744 3279 οἷσιν
1762 3240 1820 3286 ἷζε,
1841 3244 1893 3278 καὶ
1911 3244 1992 3278 κατὰ
2010 3243 2132 3290 στέγας

1400 3295 1570 3341 αὐχμηρὸν
1587 3294 1696 3336 οὖδας,
1715 3297 1811 3331 τέκνα
1827 3296 1855 3331 δ’
1874 3295 1963 3341 ἀμφὶ
1978 3294 2119 3342 γούνασι

1399 3348 1563 3383 πίπτοντα
1581 3347 1678 3392 κλαίῃ
1695 3347 1820 3394 μητέρ’,
1839 3349 1872 3383 οἱ
1889 3347 1926 3382 δὲ
1944 3347 2102 3382 δεσπότιν

1400 3399 1565 3434 στένωσιν
1581 3398 1653 3435 οἵαν
1669 3400 1706 3435 ἐκ
1723 3400 1832 3445 δόμων
1847 3399 2039 3436 ἀπώλεσαν.

1398 3452 1440 3486 τὰ
1456 3453 1516 3496 μέν
1533 3451 1601 3486 κατ’
1620 3449 1729 3488 οἴκους
1745 3450 1862 3487 τοιάδ’·
1889 3449 2012 3495 ἔξωθεν
2029 3451 2068 3486 δέ
2081 3466 2123 3496 με

1397 3504 1498 3551 γάμοι
1514 3503 1543 3538 τ’
1563 3504 1670 3539 ἐλῶσι
1688 3505 1877 3539 Θεσσαλῶν
1894 3503 1947 3539 καὶ
1964 3500 2126 3550 ξύλλογοι

1394 3555 1680 3604 γυναικοπληθεῖς”
1709 3556 1749 3591 οὔ
1765 3556 1830 3603 γὰρ
1849 3553 2041 3601 ἐξανέξομαι

2233 1534 2305 1565 910,
2328 1535 2341 1557 1

2277 1745 2337 1777 9¹5

2280 2010 2342 2041 920

2276 2263 2336 2295 9²5

2227 2465 2302 2499 93ον
2324 2467 2337 2489 ¹

2275 2679 2335 2714 ⁹3⁵

2275 2944 2337 2975 9⁴0

2275 3204 2334 3237 945

2274 3465 2337 3498 950
