2488 3860
202 268 280 317 170

196 543 268 575 NE.

195 651 252 680 ‹1>1.

194 704 267 733 NE.

194 757 265 786 NE.

194 810 249 840 ΦΙ.

197 922 271 952 NE.

194 971 248 1002 ΦΙ.

194 1077 268 1108 NE.

194 1184 251 1214 ΦΙ.

198 1665 271 1696 NE.

197 1771 256 1802 ΦΙ.

198 1825 255 1855 ΦΙ.

194 1871 269 1904 NE.

198 1977 270 2009 NE.

194 2040 253 2072 ΦΙ.

194 2093 267 2125 ΝΕ.

193 2147 251 2178 ΦΙ.

194 2303 267 2335 ΝΕ.

193 2470 250 2501 ΦΙ.

196 3053 269 3084 NE.

196 3159 253 3189 ‹1›1.

199 3317 271 3348 NE.

1079 277 1482 322 ΣΟΦΟΚΛΕΟΥΣ

303 379 490 426 Σπερχειοῦ
514 391 551 414 τε
574 376 653 426 παρ’
687 376 843 428 ὅχθας,”
827 376 868 416 ιν’
894 377 914 414 ὁ
943 376 1140 424 χάλκασπις
1166 376 1270 428 ἀνὴρΙ

1404 380 1515 417 παπαῖ
1530 376 1624 425 μάλ’,
1645 376 1671 414 ὦ
1689 377 1786 419 ποὺς,
1807 375 1862 415 οἶά
1879 376 1913 425 μ’
1933 377 2072 427 ἐργάσει
2091 376 2187 415 κακά.

301 430 426 468 πλάθει
443 433 562 472 πᾶσιν,
583 430 663 480 θείῳ
681 433 763 480 πυρὶ
779 430 955 478 παμφαὴς,
1135 426 1248 479 [θεοῖς
1404 433 1606 481 προσέρπει,

301 483 404 522 Οἵτας
422 485 507 533 ὑπὲρ
525 484 649 531 ὄχθων.
1404 486 1634 534 προσέρχεται
1652 484 1723 521 τόδ’
1743 483 1857 534 ἐγγύς.
1887 483 1977 532 οἴμοι
1994 500 2052 533 μοι
2071 487 2190 523 τάλας.

301 538 388 586 ἕρπ’,
407 538 438 574 εἷ
456 537 585 575 θέλεις.
614 552 647 574 τι
665 537 706 584 δή
724 537 807 575 ποθ’
825 536 882 574 ὧδ’
901 537 940 581 ἐξ
958 536 1092 572 οὐδενὸς
1187 546 1248 579 730
1404 541 1500 586 ἔχετε
1517 541 1557 574 τὸ
1575 540 1727 587 πρᾶγμ’
1757 539 1803 585 μὴ
1821 537 1955 588 φύγητε
1972 541 2120 586 μηδαμῆ·

296 594 406 680 gazei)
418 594 558 680 ἐπωπᾷς
575 590 812 637 κάπόπληκτος
830 590 887 627 ὧδ’
906 592 999 636 ἕχει;

297 698 331 733 τί
349 699 445 734 ἔστιν
457 711 466 739 ;

294 755 366 797 μῶν
384 751 491 798 ἄλγος
508 749 622 798 ἵσχεις
638 753 698 798 τῆς
715 752 942 799 παρεστώσης
960 750 1088 789 νόσου;
1406 754 1517 789 παπαῖ
1533 751 1613 798 μάλ’
1633 751 1741 790 αὖθις.
1763 752 1790 788 ὦ
1808 753 1928 789 διπλοῖ
1945 754 2190 800 στρατηλάται,

297 805 337 839 οὐ
356 804 426 850 δῆτ’
446 803 559 852 ἔγωγ’,
579 804 659 840 ἀλλ’
678 804 755 852 ὅρη
773 804 947 852 κουφίζειν
968 803 1069 838 ὃθκῶ”
1184 811 1240 846 735
1406 805 1629 853 Ἀγάμεμνον,
1650 805 1677 841 ὦ
1695 806 1861 847 Μενέλαε,
1880 809 1952 843 πῶς
1969 806 2011 842 ἂν
2028 805 2098 842 ἀντ’
2118 806 2201 852 ἐμοῦ

300 860 326 897 ὦ
345 859 428 897 θεοί.
1407 860 1467 894 τὸν
1483 856 1564 894 ἴσον
1580 861 1708 907 χρόνον
1724 858 1885 907 τρέφοιτε
1902 857 2002 905 τήνδε
2019 859 2081 905 τὴν
2099 861 2222 902 νόσον;
2300 871 2358 905 795

536 911 572 948 τί
588 909 669 947 τοὺς
688 908 788 945 θεοὺς
805 909 1000 946 ἀναστένων
1018 909 1156 949 καλεῖςς
1271 908 1274 934 ⁸
1408 911 1493 958 ὤμοι
1510 926 1581 957 μοι.

299 966 455 1012 σωτῆρας
472 964 594 1001 αὐτοὺς
611 964 732 1009 ἠπίους
749 962 784 999 θ’
805 961 885 1008 ἡμῖν
899 961 1030 1007 μολεῖν·
1410 965 1436 1001 ὦ
1455 965 1577 1001 θάνατε
1595 965 1729 1007 θάνατε,
1748 969 1821 1002 πῶς
1837 965 1890 1002 ἀεὶ
1907 964 2114 1012 καλούμενος

296 1017 318 1054 ἃ
335 1017 358 1054 ἃ
375 1017 397 1053 ἃ
414 1017 449 1054 ἆ.
1270 976 1273 1066 ί
1410 1017 1499 1054 οὕτω
1518 1018 1588 1054 κατ’
1607 1017 1697 1067 ἦμαρ
1715 1019 1756 1054 οὔ
1775 1018 1857 1065 δύνᾳ
1873 1021 1994 1065 μολεῖν
2009 1031 2119 1060 ποτε;

297 1072 332 1107 τί
349 1085 434 1108 ποτε
451 1070 643 1111 πέπονθας;
673 1069 734 1105 οὐκ
752 1069 850 1116 ἐρεῖς,
871 1066 950 1102 ἀλλ’
971 1064 1027 1102 ὧδ’
1046 1066 1120 1101 ἔσει
1188 1075 1247 1109 740
1270 1073 1273 1130 ,
1411 1072 1437 1107 ὦ
1455 1072 1582 1113 τέκνον,
1603 1072 1630 1107 ὧ
1646 1074 1812 1120 γενναῖον,
1832 1072 1925 1108 ἀλλὰ
1944 1072 2135 1116 συλλαβὼν

299 1126 465 1173 σιγηλόςς
496 1125 532 1160 ἐν
549 1127 639 1173 κακῷ
657 1123 696 1158 δέ
712 1137 760 1171 τῳ
778 1121 894 1168 φαίνει
912 1123 1033 1167 κυρῶν.
1411 1126 1459 1174 τῷ
1477 1125 1613 1174 Λημνίῳ
1631 1126 1709 1175 τῷδ’
1726 1125 1966 1176 ἀγκαλουμέμῳ
1983 1125 2066 1172 πυρὶ
2298 1130 2361 1162 800

298 1179 478 1219 ἀπόλωλα,
498 1177 626 1220 τέκνον,
647 1176 707 1211 κού
726 1174 916 1220 δυνήσομαι
934 1173 1035 1208 κακὸν
1271 1133 1275 1258 .
1413 1179 1602 1226 ἔμπρησον,
1623 1178 1650 1214 ὦ
1666 1180 1812 1226 γενναῖε.
1843 1178 1936 1225 κάγώ
1954 1192 2008 1213 τοι
2024 1178 2110 1214 ποτὲ

299 1230 430 1279 κρύψαι
447 1231 525 1279 παρ’
545 1231 634 1276 ὑμῖν,
654 1229 804 1265 lissam?
836 1225 1005 1274 διέρχεται
1411 1233 1470 1267 τὸν
1488 1234 1550 1267 τοῦ
1568 1233 1649 1268 Διὸς
1666 1230 1757 1268 παῖδ’
1776 1231 1851 1267 ἀντὶ
1867 1231 1974 1281 τῶνδε
1991 1235 2058 1266 τῶν
2075 1230 2205 1274 ὅπλων,

300 1285 482 1332 διέρχεται·
512 1282 690 1329 δύστηνος,
712 1281 738 1317 ὦ
755 1282 862 1317 ‘Usta‘
880 1280 960 1326 ἐγώ·
1411 1284 1433 1319 ἃ
1452 1287 1510 1320 νῦν
1528 1284 1574 1321 σὺ
1593 1286 1726 1329 σώζεις,
1746 1283 1837 1320 τοῦτ’
1856 1284 2033 1329 ἐπηξίωσα
2050 1284 2146 1332 δρᾶν.

299 1339 477 1378 ἀπόλωλα,
497 1337 624 1373 τέκνον·
653 1334 834 1384 βρύκομαι,
854 1332 981 1368 τέκνον·
1010 1332 1131 1372 παπαῖ»
1190 1341 1246 1376 745
1412 1338 1446 1373 τί
1464 1336 1546 1384 φῂς,
1566 1340 1648 1379 παῖ;

301 1392 517 1432 ammonui,
536 1387 1021 1427 ποποππᾱποπποπαππαπαῗ·
1412 1391 1447 1426 τί
1464 1389 1556 1437 φῄς;
1586 1391 1621 1427 τί
1639 1393 1740 1439 σιγᾷς
1755 1404 1764 1432 3
1793 1393 1861 1427 ποῦ
1878 1390 1954 1427 ποτ’
1974 1390 2032 1432 ὢν,
2051 1389 2180 1434 τέκνον,
2199 1393 2335 1439 κυρεῖς;

299 1446 385 1493 πρὸς
403 1443 499 1485 θεῶν,
518 1445 702 1491 πρόχειρον
719 1456 749 1477 ει
766 1441 801 1476 τί
819 1454 889 1480 σοι,
910 1439 1037 1479 τέκνον.
1056 1438 1148 1485 πάρα
1308 1451 1382 1481 ΝΕ.
1411 1445 1508 1491 ἀλγῶ
1526 1446 1634 1481 πάλαι
1652 1445 1692 1490 δὴ
1712 1445 1793 1480 τάπὶ
1813 1444 1871 1479 σοὶ
1890 1443 2020 1480 στένων
2038 1445 2135 1480 κακά.
2299 1448 2362 1483 8οί.

301 1498 406 1545 ξίφος
422 1499 552 1545 χεροῖν,
571 1495 724 1540 πάταξον
741 1494 789 1531 εἷς
807 1493 910 1540 ἄκρον
925 1492 1027 1528 πόδα·
1308 1504 1366 1535 ΦΙ.
1414 1497 1507 1539 ἀλλ’,
1528 1497 1555 1533 ὦ
1572 1498 1701 1539 τέκνον,
1721 1498 1776 1533 καὶ
1794 1497 1924 1544 θάρσος
1941 1495 2029 1544 ἰ’σχ’“
2060 1498 2106 1535 ὣς
2122 1498 2183 1545 ἥδε
2199 1513 2258 1545 μοι

302 1552 483 1597 ἀπάμησον
502 1551 546 1587 ὡς
563 1550 722 1596 τάχιστα·
751 1547 796 1594 μὴ
816 1546 924 1594 φείσῃ
942 1545 1035 1589 βίον·
1272 1564 1275 1568 ·
1414 1551 1508 1596 ὀξεῖα
1526 1552 1633 1598 φοιτᾷ
1650 1552 1705 1587 καὶ
1723 1550 1834 1597 ταχεῖ
1853 1550 2050 1598 ἀπέρχεται,

299 1604 359 1646 ἴθ’,
380 1603 406 1638 ὦ
423 1606 496 1640 παῖ.
1192 1608 1254 1643 750
1413 1604 1493 1640 ἀλλ’
1513 1605 1669 1648 ἀντιάζω,
1689 1603 1734 1651 μή
1752 1619 1795 1651 με
1814 1604 2002 1650 καταλίπῃς
2018 1605 2135 1651 μόνον.

301 1658 335 1694 τί
353 1657 381 1693 δ’
401 1658 497 1693 ἔστιν
515 1654 603 1692 οὕτω
622 1655 767 1702 νεοχμὸν
784 1653 958 1700 ἐξαίφνης,
978 1651 1059 1687 ὅτου
1309 1664 1382 1695 NE.
1412 1658 1546 1705 θάρσει,
1566 1661 1743 1704 μενοῦμεν.
2299 1663 2362 1696 810

301 1709 439 1756 τοσήνδ’
459 1710 556 1758 ἶυγὴν
573 1710 627 1745 καὶ
646 1710 770 1744 στόνον
788 1709 917 1742 σαυτοῦ
933 1707 1062 1746 ποιεΐς;
1308 1718 1367 1750 ΦΙ.
1714 1710 1735 1756 ἦ
1753 1713 1863 1758 μενεῖς
1877 1724 1887 1753 ;
1987 1717 2061 1748 NE.
2093 1712 2217 1759 σαφῶς
2230 1712 2352 1760 φρόνει

303 1761 407 1806 οἷσθ’,
428 1763 454 1800 ὦ
471 1764 599 1801 Τέκνον·
654 1767 728 1799 ΝΕ·
758 1760 792 1797 Τί
813 1761 933 1803 ἕσἪνὲ
1309 1771 1367 1802 ΦΙ.
1416 1765 1456 1801 οὐ
1473 1764 1540 1812 μήν
1558 1764 1592 1801 o·'
1611 1766 1749 1812 ἕνορκόν
1765 1764 1798 1813 γ’
1818 1764 1902 1809 ἀξιῶ
1921 1764 2056 1806 θέσθαι,
2076 1765 2206 1802 τέκνον.

324 1816 326 1818 ’
850 1809 953 1853 οἷσθ’,
974 1811 1000 1848 ὦ
1017 1813 1080 1849 ποῖ
1096 1824 1106 1854 3
1309 1825 1383 1855 NE.
1413 1820 1459 1856 ὡς
1476 1819 1516 1854 οὐ
1536 1818 1630 1865 θέμις
1645 1818 1678 1866 γ’
1699 1819 1841 1864 ἐμοῦστι
1860 1820 1927 1854 σοῦ
1943 1819 2064 1864 μολεῖν
2081 1817 2175 1866 ἄτερ.

1114 1865 1149 1903 τί
1167 1864 1228 1902 σοί
1241 1893 1250 1907 ι
1308 1878 1366 1909 ΦΙ.
1414 1873 1570 1918 ἔμβαλλε
1587 1873 1704 1919 χειρὸς
1720 1871 1853 1908 πίστιν.
1951 1877 2026 1908 ΝΕ.
2055 1872 2222 1918 ἐμβάλλω
2238 1873 2350 1919 μενεῖν
2368 1918 2370 1920 ¹

301 1919 361 1955 οὔκ
380 1915 467 1955 οἶδα.
523 1925 581 1955 ΦΙ.
609 1923 682 1957 πῶς
698 1920 759 1955 οὐκ
777 1916 901 1961 οἶσθας
930 1921 1246 1956 παππαπαππαπαῖ.
1309 1932 1367 1962 ΦῙ,
1416 1925 1526 1961 ἐκεῖσε
1544 1928 1603 1962 νῦν
1619 1924 1666 1972 μ’,
1688 1926 1799 1962 ἐκεῖσε

298 1973 406 2009 δεινόν
422 1989 463 2021 γε
480 1973 700 2021 τούπίσαγμα
716 1976 777 2009 τοῦ
795 1972 996 2019 νοσήματος.
1188 1985 1204 2014 7
1207 1984 1224 2017 5
1229 1984 1246 2019 5
1312 1986 1384 2015 NE,
1835 1980 1895 2014 ποῖ
1910 1977 2046 2023 λέγεις;
2082 2022 2086 2026 .
2156 1984 2215 2015 ΦΙ.
2243 1978 2313 2021 ἅνω

296 2036 404 2072 δεινὸν
420 2036 487 2084 γὰρ
505 2035 583 2071 οὐδὲ
600 2033 713 2084 ῥητόν·
744 2033 824 2070 ἀλλ’
843 2031 989 2081 οῗκτειρέ
1003 2045 1057 2078 με.
1306 2041 1379 2071 ΝΕ.
1410 2036 1445 2071 τί
1461 2036 1693 2083 παραφρονεῖς
1715 2035 1757 2071 αὖ
1772 2047 1781 2076 ;
1811 2034 1846 2070 τί
1863 2035 1922 2070 τὸν
1939 2034 2006 2070 ἅνω
2030 2031 2198 2071 λεύσσεις
2215 2031 2342 2069 κύκλον

298 2089 332 2125 τί
349 2090 433 2135 δῆτα
450 2090 590 2138 δράσω;
1305 2095 1362 2124 ΦΙ.
1409 2089 1509 2135 μέθες
1525 2088 1625 2135 μέθες
1642 2104 1697 2135 με.
1727 2094 1802 2124 NE.
1826 2090 1888 2124 ποῖ
1902 2087 2016 2133 μεθῶ;
2054 2091 2113 2122 ΦΙ.
2141 2086 2242 2132 μέθες
2259 2085 2346 2122 ποτέ

623 2140 668 2188 μή
686 2155 729 2187 με
746 2137 924 2187 ταρβήσας
940 2137 1087 2187 προδῷς.
1305 2148 1378 2178 NE.
1408 2144 1450 2177 οὔ
1467 2141 1552 2189 φημ’
1572 2142 1698 2177 ἐάσειν.
1745 2147 1804 2176 ΦΙ.
1833 2141 1900 2177 ἀπό
1917 2139 1951 2186 μ’
1971 2140 2075 2181 ὀλεῖς,
2094 2137 2136 2184 ἣν
2151 2138 2347 2187 προσθίγῃς

297 2193 369 2241 ἥκει
386 2196 453 2242 γὰρ
471 2194 554 2241 αὕτη
573 2195 629 2232 διὰ
646 2195 772 2243 χρόνου
790 2192 934 2229 πλάνοις
949 2189 1037 2228 ἴσως
1305 2201 1378 2231 ΝΕ.
1408 2196 1463 2230 καὶ
1481 2195 1521 2240 δὴ
1540 2194 1686 2241 μεθίημ’,
1707 2192 1786 2230 εἴτι
1806 2194 1849 2239 δὴ
1867 2194 1976 2230 πλέον
1993 2194 2147 2239 φρονεῖς.

298 2249 343 2285 ὧς
361 2246 573 2293 ἐξεπλὴσθη.
1304 2254 1362 2284 ΦΙ.
1410 2248 1437 2282 ὦ
1453 2250 1545 2296 γαῖα,
1566 2248 1661 2292 δέξαι
1680 2247 1870 2292 θανάσιμόν
1886 2245 1920 2292 μ’
1939 2245 2032 2282 ὅπως
2049 2246 2131 2291 ἔχω.

588 2300 627 2335 ἰὼ
646 2299 685 2335 ἶὼ
704 2297 849 2344 δύστηνε
868 2297 926 2339 σὺ,
1408 2302 1447 2336 τὸ
1465 2301 1532 2348 γὰρ
1551 2302 1651 2336 κακὸν
1668 2299 1738 2336 τόδ’
1757 2300 1818 2335 οὐκ
1837 2299 1882 2335 ἔτ’
1902 2298 2092 2347 ὀρθοῦσθαί
2108 2296 2142 2343 μ’
2163 2297 2215 2345 ε’ᾷ.
2294 2302 2357 2335 820

297 2351 442 2398 δύστηνε
461 2354 544 2399 δῆτα
563 2354 618 2389 διὰ
634 2355 748 2389 πόνων
764 2350 899 2388 πάντων
917 2348 1051 2397 φανείς.
1186 2351 1250 2394 760
1304 2361 1376 2391 NE.
1405 2355 1465 2389 τὸν
1482 2353 1574 2402 ἄνδρ’
1593 2355 1700 2389 ἔοικεν
1717 2352 1822 2390 ὕπνος
1839 2353 1880 2388 οὐ
1897 2354 2028 2399 μακροῦ
2045 2354 2173 2399 χρόνου

300 2405 423 2450 βούλει
439 2408 600 2452 λάβωμαι
618 2407 702 2452 δῆτα
719 2406 774 2441 καὶ
792 2404 876 2453 θίγω
894 2404 928 2439 τί
947 2415 1035 2444 σου;
1406 2407 1507 2451 ἕξειν.
1537 2408 1622 2454 κάρα
1638 2407 1706 2454 γὰρ
1724 2407 1919 2450 ὕπτιάζεται
1936 2405 2027 2440 τόδε.

296 2462 342 2510 μὴ
361 2461 445 2506 δῆτα
461 2462 562 2495 τοῦτό
578 2459 625 2508 γ’·
655 2459 747 2495 ἀλλά
763 2472 821 2505 μοι
839 2458 882 2493 τὰ
899 2456 971 2501 τόξ’
991 2455 1078 2491 ἑλὼν
1410 2461 1510 2507 ἱδρώς
1526 2460 1570 2507 γέ
1585 2460 1640 2495 τοί
1658 2474 1708 2495 νιν
1724 2461 1793 2495 πᾶν
1811 2459 2013 2502 καταστάζει
2031 2457 2144 2504 δέμας,

295 2513 381 2554 τάδ’,
401 2514 519 2560 ὥσπερ
536 2511 619 2559 ᾔτου
636 2512 669 2559 μ’
690 2512 824 2560 ἀρτίως,
845 2510 907 2548 ἕως
925 2510 988 2556 ἀνῇ
1404 2513 1552 2559 μέλαινά
1568 2512 1598 2548 τ’
1617 2513 1722 2560 ἅκρου
1739 2527 1791 2550 τις
1808 2512 2026 2559 παρέρρωγεν
2042 2511 2149 2548 ποδὸς
2319 2534 2327 2544 .

297 2571 337 2606 τὸ
355 2569 449 2613 πῆμα
466 2569 567 2602 τοῦτο
585 2568 644 2612 τῆς
662 2568 766 2602 νόσου
783 2566 823 2601 τὸ
842 2567 900 2601 νῦν
917 2563 1038 2611 παρὸν,
1188 2565 1244 2606 765
1405 2566 1613 2614 αἱμορραγὴς
1630 2566 1750 2613 φλέψ,
1779 2565 1859 2601 ἀλλ’
1879 2565 2045 2610 ἐάσωμεν,
2065 2565 2180 2611 φίλοι,
2292 2569 2354 2610 825

297 2622 381 2666 σῶζ
396 2620 480 2655 αὐτὰ
498 2621 550 2655 καὶ
566 2618 747 2667 φύλασσε.
775 2618 945 2664 λαμβάνει
962 2616 1029 2664 γὰρ
1047 2613 1108 2650 οὖν
1406 2619 1528 2664 ἕκηλον
1545 2620 1658 2663 αὐτὸν,
1678 2620 1723 2656 ὣς
1741 2619 1782 2654 ἂν
1799 2618 1847 2655 εἷς
1864 2616 1970 2654 ὕπνον
1986 2617 2091 2662 πέσῃ.

296 2675 401 2712 ὕπνος
418 2673 465 2719 μ’,
485 2673 566 2709 ὅταν
581 2687 646 2720 περ
664 2673 703 2708 τὸ
721 2672 822 2707 κακὸν
840 2670 912 2715 ἐξίῃ
931 2669 1023 2705 τόδε·
1301 2678 1372 2708 ΧΟ.
1397 2671 1494 2708 “’Υπν’
1513 2671 1634 2710 ὀδύνας
1651 2672 1767 2717 ἀδαὴς,
1781 2670 1889 2707 ’Υπνε
1906 2670 1936 2706 δ’
1955 2670 2100 2718 ἀλγέων,
2273 2684 2352 2714 στρ.

298 2729 379 2764 κούκ
396 2727 473 2762 ἔστι
489 2726 590 2772 λῆξαι
607 2727 784 2773 πρότερον·
815 2723 895 2760 ἀλλ’
915 2723 973 2758 ε’ἃν
989 2722 1100 2771 χρεὼν
1405 2726 1520 2763 εὖαδὲς
1538 2725 1615 2771 ἡμῖν
1633 2724 1763 2763 ἔλθοις,

298 2782 420 2827 ἕκηλον
438 2778 559 2816 εὕδειν.
588 2778 628 2824 ἢν
646 2779 683 2814 δὲ
701 2778 787 2827 τῷδε
805 2778 852 2826 τῷ
868 2778 982 2825 χρόνῳ
1404 2777 1524 2812 εὐαίων
1542 2778 1672 2818 εὐαίων,
1693 2777 1795 2822 ὦναξ·

297 2832 429 2881 μόλωσ’
450 2833 581 2872 ἐκεῖνοι,
600 2833 687 2879 πρὸς
705 2831 801 2872 θεῶν,
823 2830 961 2877 ἐφίεμαι
1186 2839 1246 2873 770
1403 2829 1533 2876 ὄμμασι
1551 2830 1580 2866 δ’
1599 2831 1777 2877 ἀντίσχοις
2287 2833 2350 2873 830

298 2889 415 2923 ἑκόντα
432 2885 507 2932 μήτ’
527 2885 662 2926 ἄκοντα,
680 2881 767 2931 μηδέ
783 2898 830 2932 τῳ
849 2883 950 2929 τέχνῃ
1402 2883 1493 2918 τάνδ’
1513 2882 1646 2930 αἴγλαν,
1666 2883 1689 2919 ἂ
1705 2883 1840 2919 τέταται
1857 2883 1968 2918 τανῦν.

298 2941 419 2976 κείνοις
436 2938 584 2985 μεθεῖναι
601 2941 718 2978 ταῦτα,
737 2937 782 2982 μὴ
803 2938 930 2972 σαυτόν
948 2935 977 2971 θ’
996 2935 1064 2982 ἅμα
1400 2934 1450 2971 ἴθ’
1469 2934 1518 2971 ’ίθι
1535 2951 1593 2982 μοι
1610 2934 1751 2981 παιήων.

299 2993 386 3039 κᾶμ’,
406 2992 487 3028 ὄντα
504 2993 633 3027 σαυτοῦ
651 2992 884 3038 πρόστροπον,
900 2989 1029 3026 κτείνας
1044 2989 1138 3038 γένῃ.
1399 2989 1425 3024 ὦ
1443 2989 1570 3032 τέκνον,
1590 2989 1654 3037 ὅρα
1670 2992 1738 3026 ποῦ
1756 2991 1892 3029 στάσει,

299 3047 422 3094 θάρσει
438 3044 598 3092 προνοίας
615 3042 734 3079 οὕνεκ’.
765 3043 805 3078 οὐ
823 3041 1006 3087 δοθήσεται
1398 3041 1460 3075 ποῖ
1476 3039 1514 3074 δὲ
1531 3039 1650 3086 βάσει,
1668 3043 1741 3078 πῶς
1759 3041 1798 3075 δέ
1816 3052 1876 3085 μοι
1892 3038 2072 3077 τάντεῦθεν

298 3099 389 3145 πλὴν
409 3099 467 3134 σοι’
484 3113 522 3133 τε
539 3096 650 3142 κάμοί·
681 3095 742 3140 ξὺν
759 3094 845 3142 τύχῃ
864 3095 901 3130 δὲ
920 3095 1112 3142 πρόσφερε.
1184 3105 1242 3140 775
1399 3092 1597 3140 φροντίδος.
1627 3094 1707 3141 ὁρᾷς
1724 3093 1800 3139 ἤδη.
2283 3099 2343 3142 835

301 3152 375 3188 ἰδοὺ
393 3151 508 3198 δέχου,
527 3152 599 3186 παῖ·
629 3150 688 3184 τὸν
706 3148 837 3195 φθόνον
854 3148 891 3183 δὲ
908 3149 1121 3194 πρόσκυσον,

299 3204 344 3252 μή
364 3219 423 3241 σοι
439 3202 600 3252 γενέσθαι
616 3200 781 3238 πολύπον’
801 3201 897 3241 αὐτὰ,
916 3200 992 3246 μηδ’
1012 3200 1102 3237 ὅπως

300 3258 375 3304 ε’μοί
392 3273 429 3293 τε
447 3257 501 3292 καὶ
519 3257 566 3305 τῷ
582 3254 706 3303 πρόσθ’
726 3255 807 3300 ἐμοῦ
826 3252 1025 3302 κεκτημένῳ.

301 3311 327 3346 ὦ
346 3310 429 3351 θεοὶ,
447 3309 579 3357 γένοιτο
597 3311 701 3343 ταῦτα
719 3309 793 3356 νῷν·
821 3307 954 3355 γένοιτο
973 3307 1009 3342 δέ

299 3366 409 3400 πλοῦς
426 3364 538 3410 οὕριός
555 3376 592 3396 τε
610 3360 800 3405 κεῦσταλὴς
817 3360 895 3396 ὅποι
912 3360 996 3396 ποτὲ

300 3417 377 3453 θεὸς
393 3417 516 3452 δικαιοῖ
531 3415 583 3461 χώ
602 3415 730 3450 στόλος
746 3412 965 3460 πορσύνεται.

245 3497 254 3506 .
301 3470 394 3504 ἀλλὰ
411 3467 544 3508 δέδοικ’,
565 3467 591 3502 ὦ
608 3468 679 3507 παῖ,
698 3465 744 3512 μή
762 3466 795 3512 μ’
814 3466 937 3511 ἀτελὴς
954 3465 1049 3512 εὐχή·

301 3523 417 3566 στάζει
433 3521 500 3569 γὰρ
518 3519 560 3555 αὖ
577 3535 634 3566 μοι
652 3519 787 3566 φοίνιον
804 3518 874 3554 τόδ’
894 3519 929 3554 ἐκ
946 3519 1056 3562 βυθοῦ

301 3577 417 3620 κηκῒον4
430 3571 521 3619 αἷμα,
543 3573 597 3609 καί
613 3573 846 3621 τιτπροσδοκῶ
865 3573 950 3608 νέον.

298 3629 419 3669 παπαῖ,
440 3628 519 3674 φεῦ.

540 703 598 734 ΦΙ.
628 698 727 734 οὐδὲν
744 699 864 735 δεινόν.
893 695 973 733 ἀλλ’
991 694 1053 736 ἴθ’,
1074 694 1100 730 ὦ
1117 694 1244 730 τέκνον.

1405 594 1558 628 ἀτταταῖ.

1406 646 1432 681 ὦ
1451 645 1526 690 ξένε
1544 645 1748 692 Κεφαλλὴν,
1768 643 1839 682 εἵθε
1857 661 1924 682 σου
1942 647 2124 695 διαμπερὲς

1408 699 1558 747 στέρνων
1575 699 1680 745 ἔχοιτ’
1699 699 1848 747 ἅλγησις
1865 699 1936 745 ἥδε.
1966 701 2047 746 φεῦ,
2066 701 2188 736 παπαῖ.

1398 3146 1485 3192 πρὸς
1502 3146 1538 3181 τί
1553 3146 1696 3192 μένομεν
1713 3146 1907 3193 πράσσειν;

1400 3200 1514 3245 καιρός
1532 3213 1584 3234 τοι
1602 3200 1737 3235 πάντων
1753 3199 1890 3246 γνώμαν
1906 3195 2018 3243 ἴσχων

1397 3250 1489 3286 πολὺ
1506 3252 1598 3298 παρὰ
1615 3252 1705 3287 πόδα
1723 3252 1845 3297 κράτος
1861 3247 1886 3272 '¹¹
1904 3247 1928 3272 ³¹⁸¹
1947 3247 1971 3271 ²*
1989 3249 2139 3297 ὄρνυται.

1294 3309 1367 3340 ΝΕ.
1396 3303 1476 3339 ἀλλ’
1513 3303 1570 3339 ὅδε
1604 3305 1666 3350 μὲν
1701 3303 1796 3339 κλύει
1831 3303 1940 3343 οὐδὲν,
1966 3303 2032 3351 ἐγὼ
2068 3303 2096 3339 δ’
2127 3306 2196 3351 ὁρῶ
2223 3302 2341 3341 οὕνεκα

1449 3355 1554 3403 θήραν
2278 3363 2341 3405 8³9

1396 3407 1486 3454 τήνδ’
1506 3410 1612 3446 ἁλίως
1629 3411 1754 3457 ἔχομεν
1770 3409 1891 3454 τόξων,
1909 3408 1989 3455 δίχα
2006 3410 2106 3445 τοῦδε
2122 3410 2298 3448 πλέοντες.

1396 3463 1494 3497 τοῦδε
1514 3463 1578 3509 γὰρ
1593 3465 1611 3497 ὁ
1631 3464 1814 3509 στέφανος,
1834 3464 1955 3498 τοῦτον
1973 3461 2049 3498 θεὸς
2067 3459 2140 3498 εἷπε
2158 3465 2316 3509 κομίζειν.

1395 3515 1533 3556 κομπεῖν
1543 3512 1573 3547 δ’
1586 3512 1659 3548 ἔστ’
1671 3512 1776 3558 ἀτελῆ
1787 3512 1853 3548 σὺν
1861 3511 2033 3559 ψεύδεσιν
2041 3515 2188 3562 αἰσχρὸν
2199 3515 2337 3553 ὄνειδος.

1292 3569 1362 3599 ΧΟ.
1391 3564 1494 3602 ἀλλὰ,
1514 3563 1641 3601 τέκνον
1660 3564 1741 3599 τάδε
1757 3578 1819 3604 μεν
1837 3563 1913 3600 θεὸς
1929 3562 2069 3611 ὄψεται·
2261 3566 2334 3604 ἀντ.

1389 3615 1436 3652 ὧν
1453 3614 1482 3651 δ’
1501 3615 1542 3651 ἂν
1559 3616 1682 3661 ἀμείβῃ
1701 3617 1734 3662 μ’
1754 3615 1860 3657 αυθις,

1184 3364 1243 3404 780

1184 3616 1268 3668 7852
