2488 3860
199 274 279 316 fflss

1063 269 1463 310 ΣΟΦΟΚΛΕΟΥΣ

247 377 338 413 290.
368 375 593 426 Hesychius,
610 376 622 394 ’
624 383 654 413 A
662 392 756 425 κρου
762 380 828 425 χεῖ
844 391 852 414 :
882 378 984 427 ἄκρον
1003 380 1086 426 ἔχει.
1124 380 1253 425 Ἀκρον
1284 379 1442 426 χίλσχος·
1470 376 1558 414 πολὺ
1576 379 1614 415 δὲ
1637 371 1713 414 ἐστι
1730 372 1770 412 τὸ
1790 374 2016 422 ἐκτεινόμενον
2033 374 2126 424 παρὰ
2143 375 2215 414 τοῖς
2229 372 2336 413 'Arn-

196 431 235 466 δὲ
253 430 334 479 ὅρος
352 433 411 477 τῆς
427 431 596 479 Ἀργείας,
617 431 672 479 ἐφ’
694 431 733 467 οὗ
750 432 948 480 Ἀρτέμιδος
974 434 1063 482 ἱερὸν
1090 433 1251 481 ἱδρύσατο
1287 435 1369 470 κοῖς.
1426 434 1515 479 Σοφ.
1537 431 1712 478 Καμικίοις

195 487 414 532 Μελάμπους,
434 486 580 534 καθάρας
603 487 663 523 τὰς
681 487 876 534 Προιτίδας,
895 489 1000 536 ἤγουν
1023 489 1096 525 ταῖς
1114 489 1250 536 Χάρισι.

196 544 234 575 Σ.
262 538 458 588 Ἰφιγενείᾳ.

246 593 337 629 291.
370 591 583 641 Hesychius
601 590 641 628 in
658 593 904 637 ἀπυνδάκωτος,
917 596 1096 643 Σοφοκλῆς
1115 596 1150 631 ἐν
1162 595 1250 642 Ἰφι-

194 647 304 694 γενείᾳ
330 646 481 683 πύνδακα
507 650 568 682 τοῦ
596 647 720 695 ξίφους
746 650 806 695 τὴν
831 650 943 696 λαβὴν
969 651 1050 698 ἔφη.

194 697 340 740 Suidas.
360 700 426 736 sed
445 698 583 736 omisso
601 701 751 738 nomine
769 701 914 738 fabulae.

247 753 336 789 292.
364 752 594 802 Hesychius,
615 757 797 802 Βασίληε
825 757 999 800 βασίλεια.
1057 763 1093 792 Σ.
1121 755 1249 803 Ἰφιγε··

194 807 276 853 νείᾳ.
331 806 393 843 Ita
424 806 645 856 corrigenda
676 808 815 846 codicis
851 809 1043 858 scriptura,
1075 812 1197 853 βασιλ,
1231 810 1249 855 ἡ

192 862 370 903 βασίλεια.
436 859 609 897 Formam
647 861 749 899 vocis
778 865 909 909 βασίλη
942 862 1134 898 annotavit
1165 861 1248 899 Ste-

1652 483 1816 533 ”OpvtOoc
1833 483 1911 529 ἦλθ’
1931 483 2103 531 ἐπώνυμος

1394 541 1559 588 Πέρδικος
1577 541 1613 576 ἐν
1631 541 1774 576 κλεινοῖς
1790 538 1976 584 Ἀθηναίων
1992 540 2126 586 πάγοις.

1341 594 1431 630 301.
1460 592 1614 629 Photius
1640 605 1678 640 p.
1700 593 1789 632 413,
1813 592 1874 628 15.
1895 595 1934 626 et
1959 589 2095 627 Suidas
2120 589 2160 626 in
2177 591 2339 640 Πέρδικος

1107 648 1251 684 Eadem
1287 649 1609 695 ἱερὸν-Σοφοκλῆς
1636 648 1673 683 δὲ
1701 647 1737 682 ἐν
1764 646 1937 692 Καμικίοις
1964 643 2064 690 (libri
2091 643 2264 695 κωμικοῖς)
2282 647 2339 683 τὸν

1285 702 1350 737 ὑπὸ
1370 703 1541 737 Δαιδάλου
1559 701 1774 749 ἀναιρεθέντα
1792 700 1942 747 Πέρδικα
1959 696 2042 735 εἶναι
2059 701 2217 746 τοῦνομα.

1340 756 1428 791 302.
1461 754 1634 790 Clemens
1652 752 1763 789 Alex.
1786 752 1925 788 strom.
1945 750 2016 788 VI.
2035 764 2073 800 p.
2092 753 2181 789 741.

1393 809 1462 844 Οὐκ
1481 810 1557 845 ἔστι
1574 810 1646 845 τοῖς
1663 808 1708 855 μὴ
1727 808 1836 855 δρῶσι
1855 807 2035 854 σύμμαχος
2052 805 2150 853 τύχη.

1338 863 1428 898 303.
1459 860 1685 910 Hesychius,
1706 860 1993 908 Κωχεύουσινε
2022 860 2158 907 ὀχοῦσι,
2181 861 2340 909 μετεωρί-

192 913 338 962 phanus
357 913 450 962 Byz.
470 913 509 949 in
530 915 704 963 Ἀγάμεια.
762 916 818 952 Ea
841 915 998 952 fortasse
1021 915 1251 952 restituenda
1285 917 1396 959 ζουσι.
1425 917 1546 953 πιστοί
1569 932 1612 962 με
1630 917 1810 963 σοφοκλῆς
1834 916 1972 961 καμίκην
1997 913 2206 961 κωχεύουσιν
2229 916 2339 962 ε’μφο-

193 966 353 1003 Pindaro
373 966 487 1004 Nem.
503 967 536 1010 I,
552 969 612 1004 39.
626 969 690 1006 ubi
706 969 823 1018 vulgo
840 971 1015 1014 βασίλεια,
1037 968 1250 1005 Boeckhius
1283 971 1482 1017 ραιδέσμας.

193 1022 335 1068 Βασιλῆ.

247 1076 337 1112 293.
367 1074 526 1112 Photius
548 1088 586 1124 p.
606 1077 697 1119 410,
716 1079 776 1114 10.
799 1081 836 1112 et
855 1075 990 1113 Suidas
1013 1075 1052 1112 in
1075 1077 1247 1125 πενθερὸς,

193 1130 372 1176 Σοφοκλῆς
389 1127 462 1166 εἷπε
479 1131 642 1179 πενθερὸν
659 1133 718 1167 τὸν
734 1133 891 1180 γαμβρὸν
910 1132 946 1167 ἐν
959 1131 1143 1178 Ἰφιγενείᾳ

300 1184 345 1220 Σὺ
364 1183 392 1219 δ’
413 1184 439 1219 ὦ
456 1184 628 1232 μεγίστων
645 1187 864 1233 τυγχάνουσα
881 1185 1063 1233 πενθερῶν.

194 1237 266 1273 ἀντὶ
283 1240 459 1286 γαμβρῶν.
516 1237 578 1273 Ad
595 1237 694 1274 hunc
717 1238 841 1275 locum
867 1242 1010 1287 spectat
1028 1237 1246 1287 Etymolog.

195 1289 250 1327 M.
272 1303 310 1338 p.
333 1292 421 1332 220,
443 1292 506 1327 40.

246 1345 336 1382 294.
361 1344 597 1394 “’Υποφρονε
626 1345 709 1382 vide
727 1345 863 1394 fragm.
886 1346 976 1382 226.

608 1440 834 1470 IXNEYTAI.

246 1502 335 1538 295.
366 1501 499 1538 Pollux
516 1502 566 1545 X,
588 1505 652 1540 34.
708 1505 804 1553 Μέρη
824 1505 861 1541 δέ
886 1505 1000 1551 κλίνης
1018 1505 1071 1540 καὶ
1090 1503 1246 1550 ἐνήλατα.

192 1563 230 1592 Σ.
260 1557 295 1593 ἐν
321 1557 503 1604 Ἰχνευταῖς
535 1557 695 1607 σατύροις
726 1561 793 1606 ἔφη
823 1561 846 1579 “
859 1558 1028 1604 Ἐνήλατα
1059 1557 1147 1603 ξύλα
1177 1558 1247 1606 τρί-

192 1612 312 1658 γομφα
336 1612 553 1660 διατορεῦσαί
577 1628 620 1649 σε
644 1611 789 1649 δεῖται.”
843 1611 971 1648 Verba
997 1616 1181 1659 corrupta,
1202 1610 1248 1647 de

192 1663 323 1711 quibus
341 1669 429 1713 post
447 1664 537 1701 alios
557 1665 790 1714 conjecturas
807 1664 963 1714 protulit
974 1664 1182 1701 Lobeckius
1201 1664 1249 1700 ad

193 1716 395 1765 Phrynich.
416 1730 453 1766 p.
478 1718 562 1755 178.

245 1772 335 1807 296.
365 1771 573 1808 Athenaeus
591 1771 643 1809 ῙῙ.
664 1785 702 1821 Ρ.
726 1773 774 1809 62
793 1771 820 1808 f.
877 1769 1024 1809 Ἀττικοὶ
1049 1772 1078 1808 δ’
1105 1773 1193 1809 εἰσὶν
1217 1773 1249 1807 οἱ

191 1826 349 1874 λέγοντες
367 1826 511 1875 ὄρμενον
528 1829 588 1863 τὸν
605 1828 672 1864 ἀπὸ
691 1830 750 1874 τῆς
768 1827 920 1875 κράμβης
939 1827 1153 1873 ἐξηνθηκότα.
1211 1832 1246 1861 Σ.

191 1880 372 1928 Ἰχνευταῖς

298 1935 537 1984 Κάξορμενίζει
556 1937 636 1972 κούκ
654 1936 919 1983 ἐπισχολάζεται

295 1991 447 2036 βλάστη.

191 2044 283 2091 παρὰ
313 2045 353 2080 τὸ
385 2043 556 2092 ἐξορούειν
587 2045 641 2080 καὶ
675 2045 896 2088 βλαστάνειν.
953 2041 1173 2079 Eustathius
1209 2053 1246 2089 p.

246 2149 334 2186 297.
365 2149 521 2187 Photius
539 2163 577 2199 Ρ.
591 2152 681 2193 489,
699 2153 733 2188 1.
748 2155 785 2187 et
804 2150 952 2191 Suidas,
970 2150 1247 2186 “Ρικνοῦσθαιε

191 2202 230 2240 τὸ
249 2204 444 2240 διέλκεσθαι
463 2208 516 2241 καὶ
534 2207 756 2243 παντοδαπῶς
775 2205 1047 2252 διαστρέφεσθαι
1065 2203 1133 2240 κατ’
1150 2202 1249 2240 εἶδος·

192 2258 329 2306 λέγεται
348 2260 385 2294 δέ
404 2260 458 2294 καὶ
476 2259 677 2307 ῥιγνοῦσθαι
695 2262 734 2297 τὸ
754 2258 929 2306 καμπύλον
941 2258 1120 2307 γίγνεσθαι
1138 2258 1248 2305 ἀσχη-

1557 968 1686 1005 Paullo
1729 967 1960 1004 emendatius
1996 965 2213 1016 Etymolog.
2251 966 2340 1004 MS.

1285 1022 1382 1071 apud
1401 1021 1667 1059 Ruhnkenium
1687 1020 1726 1056 in
1740 1020 1931 1063 Auctario,
1945 1020 2206 1068 Κωχεύουσιν
2222 1035 2231 1058 :
2259 1022 2290 1058 ὅ.
2302 1038 2340 1069 μ.

1284 1084 1321 1112 Σ.
1342 1081 1493 1123 καμικοῖς
1514 1077 1669 1114 “πιστοί
1695 1091 1738 1122 με
1765 1074 1974 1123 κωχεύουσιν
2000 1075 2037 1111 ἐν
2063 1076 2171 1123 φοραὶ
2198 1074 2340 1122 δέμας.”

1286 1130 1413 1172 Recte,
1434 1129 1505 1166 nisi
1524 1129 1624 1178 quod
1642 1131 1677 1167 ἐν
1695 1131 1790 1178 φορᾷ
1808 1127 2059 1164 scribendum.
2113 1127 2341 1165 Ruhnkenio

1284 1185 1435 1232 ἀμφορεῖ
1459 1183 1641 1232 placebat,
1662 1186 1876 1231 comparata
1895 1180 2075 1230 Hesychii
2092 1181 2230 1230 glossa,
2250 1183 2339 1230 Ἀμ-

1284 1241 1406 1286 φορεῖ
1422 1252 1430 1273 :
1460 1241 1507 1287 τῷ
1527 1234 1666 1285 (codex
1683 1235 1877 1285 ἀμφορείῳ)
1897 1237 2042 1285 φορτίῳ.

1338 1293 1427 1328 304.
1458 1290 1618 1327 Ioannes
1644 1289 1818 1326 Damaso.
1839 1288 1877 1324 in
1902 1287 2089 1325 Gaisfordi
2115 1289 2273 1338 append.
2294 1289 2341 1326 ad

1285 1344 1477 1381 Stobaeum
1497 1343 1569 1380 vol.
1590 1342 1659 1380 IV.
1680 1356 1718 1392 p.
1741 1344 1804 1380 36.
1861 1344 2046 1390 Εὐριπίδου
2066 1347 2222 1390 Κωμικοῦ

1385 1398 1508 1436 “Οστις
1526 1399 1600 1435 νέος
1618 1399 1664 1434 ὢν
1681 1403 1820 1444 μουσῶν
1838 1397 1958 1444 ἀμελεῖ

1391 1455 1450 1489 τόν
1467 1469 1505 1489 τε
1522 1452 1723 1500 παρελθόντ’
1743 1453 1904 1488 ἀπόλωλε
1920 1453 2046 1500 χρόνον

1392 1508 1446 1543 καὶ
1463 1506 1524 1543 τὸν
1541 1507 1717 1550 μέλλοντα
1734 1507 1882 1552 τέθνηκε.

1334 1557 1567 1595 Gaisfordius
1586 1560 1804 1605 Σοφοκλέους
1821 1560 2001 1606 Καμικίων.

1687 1651 1938 1682 ΚΗΔΑΛΙΩΝ.

1339 1715 1428 1751 305.
1459 1713 1697 1751 Herodianus
1714 1715 1793 1763 περὶ
1811 1715 1977 1763 μονήρους
1994 1715 2119 1761 λέξεως
2136 1727 2174 1763 Ρ.
2198 1716 2260 1757 30,
2277 1715 2340 1752 27.

1284 1770 1463 1816 Σοφοκλῆς
1481 1770 1517 1805 ἐν
1536 1769 1726 1815 Κηδαλίωνι
1744 1772 1914 1818 σατυρικῷ
1932 1770 2023 1816 φησι

1397 1826 1462 1860 Καὶ
1480 1823 1521 1869 δή
1540 1839 1573 1859 τι
1592 1824 1645 1859 καὶ
1663 1826 1804 1872 παρεῖκα
1821 1828 1888 1860 τῶν
1906 1823 2104 1871 ἀρτυμάτων

1389 1880 1455 1915 ὑπὸ
1473 1881 1534 1914 τοῦ
1553 1877 1683 1915 δέατος.

1283 1934 1359 1970 ἀντὶ
1384 1936 1445 1970 τοῦ
1473 1933 1581 1970 δέους.
1597 1929 1647 1967 V.
1668 1932 1702 1967 1.
1723 1935 1790 1967 τῶν
1814 1929 2042 1979 ἀρτυμάτων]
2075 1928 2185 1966 Conf.
2204 1928 2340 1979 fragm.

1286 1985 1376 2024 608.
1434 1983 1658 2034 Hesychius,
1679 1986 1855 2023 Δέατοςε
1885 1986 1993 2023 δέους.
2050 1991 2087 2021 Σ.
2111 1985 2314 2031 Κηδαλίωνι.

1313 2040 1403 2077 306.
1421 2037 1924 2087 HesychiUS,A1'1rot<rc'rovs·
1936 2038 2074 2088 (codex
2084 2035 2341 2087 αὖτοκτίστους)

1285 2096 1437 2142 δόμους
1453 2106 1462 2129 :
1505 2094 1545 2128 οὔ
1577 2094 1918 2140 κατεσκευασμένους,
1951 2093 2029 2129 ἀλλ’
2062 2094 2099 2128 ἐκ
2133 2094 2342 2139 ταύτομάτου

1284 2148 1538 2197 γεγενημένους,
1556 2145 1577 2191 ἢ
1596 2148 1675 2185 τοὺς
1693 2148 1753 2183 οὐκ
1772 2148 1995 2195 οἰκουμένους.
2023 2153 2061 2183 Σ.
2083 2147 2286 2193 Κηδαλίωνι.

1340 2201 1429 2238 307.
1459 2198 1620 2236 Photius
1646 2213 1684 2249 p.
1712 2201 1803 2243 217,
1830 2202 1867 2237 9.
1889 2205 1928 2236 et
1954 2198 2151 2236 scholiasta
2178 2198 2342 2236 Platonis

1285 2267 1323 2303 p.
1346 2255 1434 2291 323.
1456 2258 1495 2289 et
1520 2252 1668 2295 suidas,
1689 2256 1816 2301 Λευκὴ
1845 2255 2030 2301 στάθμηε
2060 2254 2116 2290 ἐπὶ
2143 2258 2210 2290 τῶν
2233 2255 2342 2300 ἄδηλα

192 2314 302 2359 μόνως
327 2314 380 2349 καὶ
405 2315 488 2349 κατὰ
515 2315 702 2351 συνουσίαν
726 2315 780 2351 καὶ
805 2313 950 2362 ὄρχησιν
974 2314 1167 2360 κάμπτοντα
1189 2312 1250 2358 τὴν
1283 2309 1424 2355 ἀδήλοις
1442 2308 1704 2354 σημειουμένων,
1725 2309 1744 2356 ἢ
1765 2309 1820 2345 ἐπὶ
1838 2313 1905 2346 τῶν
1922 2310 2026 2355 μηδὲν
2044 2308 2236 2346 συνιέντων.
2277 2314 2341 2345 Σο-

193 2366 322 2414 ὄσφῦν.
378 2373 414 2403 Σ.
442 2367 635 2416 Ἰχνευταῖς.

672 2461 764 2492 ΙΩΝ.

246 2522 303 2560 De
321 2523 533 2574 fragmento
559 2524 608 2561 ad
624 2524 721 2561 hanc
738 2523 902 2560 fabulam
919 2535 994 2560 non
1012 2526 1113 2560 recte
1130 2521 1247 2559 relato

1285 2365 1417 2411 φοκλῆς
1435 2363 1626 2408 Κηδαλίωνι

1391 2419 1470 2454 Τοῖς
1487 2417 1549 2463 μὲν
1565 2418 1685 2464 λόγοις
1702 2419 1773 2455 τοῖς
1791 2419 1909 2454 σοῖσιν
1927 2417 1967 2453 οὔ
1985 2417 2216 2465 τεκμαίρομαι,

1391 2472 1431 2506 οὗ
1449 2470 1619 2518 μᾶλλον-ἢ
1638 2474 1748 2520 λευκῷ
1767 2472 1853 2521 λίθῳ
1870 2471 1973 2518 λευκὴ
1993 2472 2142 2518 στάθμη.

1336 2524 1426 2560 308.
1457 2523 1619 2560 Photius
1636 2536 1674 2572 p.
1689 2525 1778 2566 338,
1794 2526 1856 2561 15.
1870 2529 1908 2560 et
1921 2523 2199 2567 suidas‚*ov0u
2222 2526 2339 2562 σκιάς

195 2575 273 2613 dixi
289 2576 384 2614 infra
402 2577 450 2614 ad
469 2578 634 2614 OEneum
651 2577 786 2626 fragm.
809 2578 900 2615 417.
939 2578 1117 2626 Superest
1133 2575 1250 2625 igitur
1283 2580 1348 2621 καὶ,
1367 2580 1446 2626 περὶ
1464 2578 1543 2614 ὄνου
1562 2580 1672 2616 σκιᾶς.
1703 2580 1883 2626 Σοφοκλῆς
1900 2580 2091 2625 Κηδαλίωνι

196 2629 317 2666 solum
337 2629 481 2667 Stobaei
504 2630 781 2668 testimonium:
812 2631 919 2679 cujus
943 2630 982 2667 in
998 2629 1101 2666 libris
1118 2629 1247 2666 viden-

196 2682 287 2720 dum
306 2689 364 2720 est
380 2696 428 2720 ne
437 2685 557 2723 Ἴωνος
572 2697 620 2721 ex
634 2687 776 2723 Σίμωνος
795 2684 843 2721 sit
861 2688 1090 2732 corruptum.

248 2739 337 2775 298.
368 2738 543 2775 Stobaeus
564 2737 669 2780 CIII,
695 2740 755 2775 10.
800 2739 1015 2786 Σοφοκλέους
1024 2738 1143 2775 Ἴωνος

246 2791 306 2828 Ἐν
325 2794 405 2830 Διὸς
423 2793 540 2839 κήποις
558 2793 726 2841 ἀροῦσθαι
743 2795 847 2839 μόνον
865 2794 1061 2839 εὐδαίμονας
1078 2792 1216 2835 ὅλβους.

493 2888 704 2917 ΚΑΜῙΚῙΟῙ
733 2887 766 2916 H
795 2882 955 2918 MINQE.

242 2956 266 2970 “
276 2949 467 2999 Oppidum
480 2950 612 2987 Siciliae
631 2955 688 2986 est
700 2949 873 2986 Camicus
888 2961 896 2982 ε
920 2949 1004 2986 vide
1017 2949 1248 2998 Stephanum

196 3005 234 3042 in
252 3007 410 3051 Κάμικος.
464 3003 740 3052 Argumentum
755 3008 835 3039 erat
852 3015 954 3040 mors
974 3002 1114 3039 Minois
1129 3013 1152 3038 a
1172 3002 1247 3038 Co-

197 3058 267 3094 cali
285 3057 430 3094 filiabus
447 3055 672 3104 interempti.
711 3055 873 3092 Videndi
890 3061 1025 3104 praeter
1043 3055 1248 3091 Diodorum
1281 3061 1346 3103 βης
1364 3058 1613 3105 ὑπονοούμενον
1630 3059 1738 3096 αἴτιον
1756 3060 1900 3096 ἔσεσθαι
1924 3061 2113 3108 ἄνθρωπον.
2156 3061 2270 3097 ἀνταῖο
2307 3060 2337 3097 δ’
2395 3058 2399 3062 ”

1383 2632 1462 2669 ‘'O-n
1480 2633 1522 2669 ἄν
1539 2648 1571 2668 τι
1588 2633 1755 2681 γίγνηται,
1775 2635 1817 2669 τὰ
1835 2633 1930 2669 πάντ’
1951 2634 2029 2670 ὄνου
2048 2634 2141 2671 σκιά.

1283 2684 1440 2722 Photius
1458 2687 1601 2734 γίνηται.
1659 2685 1796 2723 Suidas
1813 2688 1961 2735 γένηται.

1338 2740 1426 2776 309.
1456 2739 1664 2776 Athenaeus
1695 2738 1765 2775 IV.
1794 2752 1832 2788 p.
1865 2741 1939 2776 164
1971 2753 2004 2777 a.
2060 2742 2154 2778 Κατὰ
2183 2742 2251 2790 γὰρ
2281 2742 2340 2778 τὸν

1284 2794 1502 2841 Σοφοκλέους
1520 2795 1721 2839 Κηδαλίωνα
1739 2794 1818 2830 ἐστὲ

1390 2849 1590 2896 Μαστιγίαι,
1611 2849 1800 2897 κέντρωνες,
1820 2849 2104 2898 ἀλλοτριοφάγοι.

1550 2940 1930 2972 ΚΛΥΤΑΙΜΝΗΣΤΡΑ
1950 2934 2016 2982 (Ρ).

1337 3005 1426 3040 310.
1456 3002 1658 3041 Erotianus
1677 3017 1715 3053 Ρ.
1730 3006 1794 3041 62.
1826 3005 2012 3043 Ἀνταῖον
2030 3007 2146 3043 bedu:
2175 3008 2234 3043 τὸν
2250 3007 2339 3050 βλά·

198 3111 313 3149 Sicul.
343 3109 382 3146 in
414 3108 560 3146 Daedali
590 3108 744 3145 historia
775 3109 991 3145 scholiastes
1024 3107 1173 3145 Pindari
1202 3108 1250 3145 ud
1284 3113 1424 3148 ἐκάλουν
1449 3113 1481 3147 οἱ
1504 3115 1644 3149 παλαιοὶ
1668 3115 1727 3149 τὸν
1752 3115 1929 3161 σώφρονα,
1950 3115 1995 3152 ὡς
2018 3116 2072 3150 καὶ
2097 3116 2276 3162 Σοφοκλῆς
2302 3115 2339 3151 ἐν

196 3164 310 3201 Nem.
331 3162 401 3205 IV,
422 3164 483 3200 95.
504 3167 542 3197 et
560 3161 718 3199 Pausan.
739 3161 789 3203 X,
813 3163 874 3204 17,
894 3162 956 3198 4.'’
987 3162 1171 3199 Bmmcx.

1285 3166 1569 3214 Κλυταιμνήστρᾳ
1598 3168 1711 3215 λέγων
1744 3169 1766 3186 “
1779 3169 1845 3203 Τὸν
1876 3169 1913 3203 δὲ
1945 3169 2081 3205 ἇνταῖον
2109 3169 2338 3216 περιδινέοντα

251 3218 339 3255 299.
369 3215 571 3252 Athenaeus
600 3214 672 3255 III,
701 3228 739 3263 p.
771 3216 818 3251 86
852 3215 890 3251 d.
944 3220 1018 3253 Τῶν
1046 3211 1269 3267 στραβήλωνΙ
1285 3221 1348 3267 οὐχ
1367 3222 1479 3267 ὁρᾶτε,
1499 3222 1553 3256 καὶ
1573 3222 1669 3268 δεῖμα
1687 3221 1926 3270 προσπνέοντα
1945 3220 2083 3267 (codex
2103 3219 2336 3270 cantabrigi-

196 3270 392 3321 μνημονεύει
411 3271 464 3306 καὶ
483 3271 571 3316 Σοφ.
591 3271 626 3305 έν
646 3270 820 3315 Καμικίοις
838 3268 944 3307 οὕτως

301 3326 419 3362 “Αλίας
437 3322 636 3369 στραβήλου
653 3324 759 3369 τῆσδε
777 3323 892 3359 τέκνον
911 3323 943 3359 εἵ
958 3339 1032 3360 τινα

302 3378 470 3424 δυναίμεθ’
490 3378 610 3422 εὑρεῖν.

252 3435 339 3470 300.
371 3430 579 3468 Athenaeus
597 3428 667 3466 IX.
690 3441 726 3477 p.
748 3430 824 3465 388
842 3428 869 3466 f.
926 3431 1068 3479 Πέρδιξ·
1096 3435 1156 3468 τοῦ
1175 3432 1249 3468 ὀνό-

1284 3271 1383 3309 enSiS
1400 3275 1653 3321 προσπαίοντα)
1673 3275 1807 3313 ἀνταίας
1825 3273 1943 3311 θεοῦ.”

1690 3369 1928 3400 ΚΟΛΧῙΔΕΣ.

1337 3430 1481 3468 Auctor
1505 3432 1718 3480 argumenti
1746 3431 1959 3469 Promethei
1982 3430 2197 3480 AEschylei:
2225 3435 2331 3471 Κεῖτα

199 3502 302 3532 ματος
319 3489 401 3523 ἔνιοι
426 3485 667 3522 συστέλλουσι
690 3483 751 3530 τὴν
767 3483 876 3530 μέσην
895 3486 1085 3529 συλλαβὴν,
1107 3487 1151 3523 ὣς
1168 3485 1249 3535 ’Ap-
1265 3518 1270 3538 Ι
1286 3487 1322 3524 δὲ
1337 3485 1357 3533 ἡ
1371 3486 1553 3533 μυθοποιία
1567 3487 1602 3523 ἐν
1615 3488 1827 3535 παρεκβάσει
1840 3488 1933 3535 παρὰ
1944 3488 2118 3535 Σοφοκλεῖ
2129 3486 2166 3522 ἐν
2178 3487 2334 3532 Κόλχοις.
