2488 3860
478 924 1182 975 ΑΡΙΣΤΟΦΑΝΟΎΣ
1247 921 2087 974 ΕΚΚΑΗΣΙΑΖΟΤΣΑΙ.

585 1327 852 1360 ΠΡΑΞΑΓΟΡΑ.
1266 1352 1269 1359 ,
1290 1324 1359 1354 ΠΡ.
1389 1320 1507 1354 οὔκουν
1525 1317 1695 1364 ἐπείξεσθ’
1711 1333 1719 1360 ;
1750 1320 1793 1356 ὡς
1811 1319 1919 1366 Γλύκη
1939 1323 2131 1367 κατώμοσεν

302 1372 348 1409 Ὠ
365 1374 520 1419 λαμπρὸν
538 1371 626 1418 ὄμμα
644 1375 704 1407 τοῦ
722 1372 934 1419 τροχηλάτου
951 1369 1080 1417 λύχνου
1266 1371 1270 1397 ¹
1393 1371 1452 1416 τὴν
1469 1371 1616 1416 ὑστάτην
1632 1372 1779 1417 ἥκουσαν
1797 1371 1888 1410 οἴνου
1905 1375 1994 1420 τρεῖς
2010 1374 2095 1422 χόας

312 1424 467 1461 κάλλιστ’
487 1425 522 1461 ἐν
540 1425 759 1460 εὖσκόποισιν
777 1422 1007 1471 ἐξηρτημένον,
1393 1423 1485 1469 ἡμῶν
1502 1424 1676 1460 ἀποτίσειν
1693 1425 1897 1471 κάρεβίνθων
1913 1426 2056 1473 χοίνικα.
2283 1439 2322 1471 45

309 1479 410 1526 γονάς
427 1493 464 1513 τε
480 1478 546 1525 γὰρ
566 1477 629 1514 σὰς
647 1478 700 1512 καὶ
718 1475 822 1523 τύχας
840 1477 1049 1522 δηλώσομεν·
1291 1481 1356 1510 ΓΥ.
1376 1481 1415 1510 A.
1444 1476 1503 1520 τὴν
1521 1476 1741 1521 Σμικυθίωνος
1759 1476 1788 1512 δ’
1807 1478 1870 1526 οὐχ
1889 1480 1968 1530 ὁρᾷς
1986 1479 2200 1525 Μελιστίχην

310 1532 422 1578 τροχῷ
439 1531 505 1577 γὰρ
524 1529 659 1566 ἐλαθεὶς
678 1530 852 1575 κεραμικῆς
869 1527 974 1576 ῥύμης
991 1528 1057 1564 ἄπο
1394 1527 1609 1564 σπεύδουσαν
1627 1530 1662 1564 ἐν
1679 1532 1750 1566 ταῖς
1768 1530 1933 1575 ἐμβάσιν;
1963 1531 2017 1566 καί
2033 1546 2090 1576 μοι
2108 1532 2200 1567 δοκεῖ
2483 1538 2488 1575 1

310 1585 475 1629 μυκτῆρσι
492 1583 649 1629 λαμπρὰς
666 1581 764 1626 ἡλίου
781 1582 877 1626 τιμὰς
895 1582 996 1627 ἔχεις·
1199 1589 1216 1623 5
1395 1581 1475 1615 κατὰ
1495 1582 1628 1627 σχολὴν
1644 1582 1735 1629 παρὰ
1751 1583 1891 1630 τάνδρὸς
1909 1583 2058 1628 ἐξελθεῖν
2074 1586 2170 1629 μόνη.
2483 1578 2488 1624 ί

311 1635 397 1682 ὅρμα
414 1636 548 1682 φλογὸς
567 1636 688 1679 σημεῖα
705 1635 746 1669 τὰ
765 1634 973 1681 ξυγκείμενα.
1293 1637 1356 1667 ΓΥ.
1377 1638 1416 1667 Β.
1445 1633 1504 1678 τὴν
1521 1636 1581 1668 τοῦ
1599 1634 1750 1679 καπήλου
1768 1634 1796 1670 δ’
1815 1636 1879 1681 οὐχ
1897 1637 1975 1682 ὁρᾷς
1993 1638 2255 1684 Γευσιστράτην,
2483 1626 2488 1669 Ι

311 1688 368 1723 σοὶ
386 1688 452 1735 γὰρ
470 1689 559 1735 μόνῳ
578 1688 754 1732 δηλοῦμεν,
775 1687 920 1725 εἰκότως,
941 1686 1013 1721 ἐπεὶ
1393 1686 1541 1731 ἔχουσαν
1558 1687 1593 1721 ἐν
1610 1688 1651 1732 τῇ
1668 1687 1761 1734 δεξιᾷ
1778 1687 1838 1733 τὴν
1854 1689 2025 1734 λαμπάδα,
2286 1703 2327 1735 50
2480 1669 2488 1752 ἒ

311 1740 371 1775 κάν
388 1742 479 1775 τοῖσι
498 1739 713 1784 δωματίοισιν
730 1737 933 1785 Ἀφροδίτης
950 1740 1083 1785 τρόπων
1395 1738 1448 1772 καὶ
1465 1738 1524 1783 τὴν
1542 1738 1778 1786 Φιλοδωρήτου
1795 1755 1832 1775 τε
1849 1742 1903 1776 καὶ
1921 1742 2128 1787 Χαιρητάδου
2143 1755 2153 1783 ;
2484 1757 2488 1774 ι

310 1792 549 1839 πειρωμέναισι
566 1792 715 1836 πλησίον
732 1793 968 1839 παραστατεῖς,
1291 1794 1360 1824 ΠΡ.
1391 1792 1457 1836 ὁρῶ
1475 1791 1686 1837 προσιούσας
1702 1792 1845 1840 χάτέρας
1861 1794 1994 1830 πολλὰς
2010 1795 2096 1829 πάνυ
2483 1778 2488 1859 l

309 1846 542 1892 λορδουμένων
559 1860 596 1879 τε
615 1846 778 1889 σωμάτων
796 1845 976 1888 ἐπιστάτην
1208 1854 1248 1882 10
1395 1845 1562 1889 γυναῖκας,
1582 1843 1602 1878 ὅ
1618 1858 1650 1878 τι
1667 1845 1731 1891 πέρ
1749 1845 1819 1880 ἐστ’
1839 1845 1968 1891 ὄφελος
1986 1847 2021 1881 ἐν
2037 1850 2077 1892 τῇ
2095 1849 2206 1882 πόλει.
2460 1868 2462 1874 ·
2477 1861 2488 1918 ⁴

310 1897 492 1944 ὀφθαλμὸν
509 1898 617 1933 οὐδεὶς
634 1898 693 1932 τὸν
712 1898 775 1932 σὸν
793 1897 934 1944 ἐξείργει
952 1897 1073 1941 δόμων.
1293 1897 1354 1928 [Ὺ.
1374 1898 1410 1929 Γ.
1439 1895 1492 1929 καὶ
1509 1897 1595 1931 πάνυ
1613 1898 1831 1944 ταλαιπώρως
1849 1897 1960 1945 ἔγωγ’,
1979 1898 2006 1933 ὦ
2024 1900 2184 1945 φιλτάτη,
2480 1923 2488 1964 1

311 1951 411 1996 μόνος
430 1950 466 1985 δὲ
483 1953 596 1996 μηρῶν
614 1949 660 1985 εἰς
678 1949 887 1997 ἀπορρήτους
904 1948 1031 1995 μυχοὺς
1394 1946 1542 1993 ε’κδρᾶσα
1558 1948 1716 1995 παρέδυν.
1744 1951 1764 1984 ὁ
1780 1950 1846 1997 γὰρ
1863 1950 1945 1997 ἀνὴρ
1962 1950 2022 1995 τὴν
2039 1950 2137 1997 νύχθ’
2156 1951 2239 1998 ὅλην
2259 1990 2262 1993 ,
2286 1965 2324 1998 55
2482 1966 2488 2013 ¹

310 2003 467 2048 λάμπεις,
487 2000 623 2048 ἀφεύων
643 2002 703 2047 τὴν
721 2002 933 2038 ἐπανθοῦσαν
950 2001 1061 2048 τρίχα·
1396 1997 1527 2041 ἔβηττε,
1547 1999 1706 2045 τριχίδων
1723 2001 1869 2047 ἑσπέρας
1886 2000 2105 2046 ἐμπλήμενος.

312 2057 416 2091 στοάς
433 2069 470 2090 τε
488 2057 615 2100 καρποῦ
632 2055 777 2100 βακχίου
795 2069 832 2089 τε
849 2055 992 2099 νάματος
1296 2053 1360 2085 ΠΡ·
1394 2049 1542 2095 Κάθησθε
1559 2051 1680 2092 Τθῖνννι
1700 2052 1744 2088 ὡς
1761 2052 1802 2087 ἂν
1818 2053 1980 2100 ἀνέρωμαι
1998 2055 2076 2090 Τάδε
2483 2026 2488 2085 Ι

310 2105 452 2154 πλήρεις
469 2106 709 2154 ὑποιγνύσαισι
729 2108 1034 2154 συμπαραστατεῖς·
1207 2118 1244 2152 15
1397 2102 1491 2147 ὑμᾶς,
1513 2103 1625 2149 ἐπειδὴ
1645 2105 1916 2151 συλλελεγμένας
1934 2108 2013 2152 ὁρῶ,
2481 2097 2488 2160 1:

312 2161 365 2195 καὶ
383 2162 486 2194 ταῦτα
505 2161 656 2206 συνδρῶν
673 2160 712 2194 οὗ
729 2161 847 2196 λαλεῖς
864 2162 933 2195 τοῖς
950 2158 1111 2204 πλησίον.
1398 2153 1465 2190 ὅσα
1483 2156 1613 2202 Σκίροις
1629 2156 1747 2201 ἔδοξεν
1765 2156 1794 2192 εἶ
1813 2157 2001 2205 δεδράκατε.
2482 2162 2488 2228 ἱ

313 2212 388 2247 ἀνθ’
409 2212 454 2247 ὧν
473 2213 624 2247 συνείσει
643 2213 695 2246 καὶ
713 2213 754 2246 τὰ
773 2215 830 2246 νῦν
846 2211 1072 2256 βουλεύματα,
1295 2212 1355 2242 ΓΥ·
1381 2212 1420 2243 Δ·
1449 2208 1566 2254 ἔγωγε.
1596 2213 1728 2255 πρῶτον
1744 2210 1804 2255 μέν
1820 2210 1852 2257 γ’
1871 2212 1938 2257 ἔχω
1956 2213 2016 2250 τὰς
2032 2213 2213 2260 μασχάλας
2288 2217 2328 2252 60

312 2264 380 2300 ὅσα
397 2265 526 2311 Σκίροις
544 2265 639 2308 ἔδοξε
657 2266 728 2300 ταῖς
747 2265 838 2309 ἐμαῖς
856 2265 987 2310 φίλαις.
1396 2260 1527 2304 λόχμης
1545 2261 1740 2308 δασυτέρας,
1761 2263 1907 2310 καθάπερ
1925 2262 1965 2308 ἦν
1982 2265 2207 2311 ξυγκείμενον·

312 2316 391 2352 ἀλλ’
410 2317 547 2362 οὐδεμία
564 2318 727 2363 πάρεστιν
745 2316 784 2353 ἂς
802 2317 891 2362 ἥκειν
910 2317 1021 2363 ἐχρῆν.
1397 2311 1504 2346 ἔπειθ’
1523 2312 1622 2347 ὁπόθ’
1641 2314 1722 2360 ἁνὴρ
1740 2314 1787 2351 εἷς
1804 2315 1930 2362 ἇγορὰν
1947 2315 2075 2363 οἴχοιτό
2092 2333 2169 2363 μου,

314 2370 419 2404 καίτοι
437 2371 521 2416 πρὸς
540 2368 662 2415 ὄρθρον
679 2369 710 2416 γ’
731 2370 835 2404 ἐστίν·
866 2369 885 2413 ἡ
905 2369 932 2404 δ’
953 2370 1114 2415 ἐκκλησία
1203 2382 1244 2405 20
1398 2363 1606 2411 ἀλειψαμένη
1625 2367 1663 2400 τὸ
1683 2366 1768 2411 σῶμ’
1787 2366 1868 2402 ὅλον
1886 2368 1927 2403 δι’
1947 2368 2069 2416 ἡμέρας

312 2422 429 2457 αὐτίκα
445 2421 523 2466 μάλ’
543 2423 651 2456 ἔσται·
682 2423 884 2464 καταλαβεῖν
901 2421 929 2456 δ’
948 2421 1032 2466 ἡμᾶς
1051 2422 1157 2469 ἕδρας,
1396 2416 1608 2461 ἐχλιαῑνόμην
1627 2419 1763 2454 ἑστῶσα
1779 2420 1863 2465 πρὸς
1880 2422 1938 2456 τὸν
1954 2422 2061 2466 ἥλιον.
2480 2403 2488 2479 ἒ

312 2474 352 2510 ἃς
369 2476 565 2521 Φυρόμαχός
582 2473 656 2509 ποτ’
676 2471 777 2514 εἶπεν,
798 2473 827 2508 εἶ
845 2473 1010 2519 μέμνησθ’
1030 2476 1090 2514 ἔτι,
1295 2473 1358 2502 ῘὛ·
1379 2473 1419 2502 Ε·
1450 2468 1592 2516 Κᾶγωγε’
1621 2471 1658 2505 Τὸ
1677 2471 1778 2517 ξυρὸν
1796 2472 1834 2506 δέ
1849 2471 1880 2519 γ’
1900 2472 1936 2507 ἐκ
1953 2475 2012 2519 τῆς
2029 2474 2133 2511 οἰκίας
2287 2481 2326 2522 ⁶5
2478 2500 2488 2515 ι

1396 2521 1522 2567 ἔρριψα
1538 2525 1680 2568 πρῶτον,
1700 2521 1752 2558 ἵνα
1770 2524 1966 2570 δασυνθείην
1983 2526 2045 2571 ὅλη

313 2527 365 2562 δεῖ
380 2528 439 2562 τὰς
456 2527 569 2573 ἑτέρας
585 2541 657 2562 πως
674 2526 954 2573 κάγκαθεζομένας
970 2527 1097 2569 λαθεῖν.

1397 2572 1450 2606 καὶ
1466 2574 1568 2617 μηδὲν
1585 2573 1654 2619 εἵην
1671 2576 1718 2610 ἔτι
1735 2578 1865 2622 γυναικὶ
1882 2578 2094 2626 προσφερής.

313 2580 346 2614 τί
363 2579 432 2623 δῆτ’
452 2579 491 2613 ἂν
508 2577 557 2623 ε’ίη
573 2592 581 2619 ;
611 2581 752 2625 πότερον
770 2579 829 2613 οὐκ
848 2578 1068 2626 ἐρραμμένους

1268 2558 1272 2605 1

313 2632 432 2677 ἔχουσι
450 2631 527 2667 τοὺς
544 2633 715 2678 πώγωνας,
735 2630 792 2667 οὓς
810 2629 909 2678 εἴρητ’
929 2633 1038 2677 ἕχειν;
1207 2646 1245 2677 25
1295 2629 1363 2658 ΠΡ.
1392 2625 1487 2670 ἔχετε
1505 2626 1541 2660 δέ
1559 2626 1636 2663 τοὺς
1652 2629 1823 2675 πώγωνας,
1843 2628 1901 2665 οὓς
1918 2629 2018 2677 εἴρητ’
2036 2633 2126 2678 ἔχειν

312 2680 330 2723 ἢ
351 2679 505 2724 θαίμάτια
522 2682 675 2727 τάνδρεῖα
692 2682 885 2726 κλεψάσαις
900 2683 1021 2723 λαβεῖν
1395 2677 1559 2713 πάσαισιν
1577 2678 1664 2724 ἡμῖν,
1684 2682 1785 2715 ὁπότε
1804 2683 2074 2730 συλλεγοίμεθα;

311 2730 351 2774 ἦν
367 2734 518 2777 χαλεπὸν
535 2733 648 2769 αὐταῖς
663 2746 672 2773 ;
701 2732 778 2768 ἀλλ’
798 2735 864 2780 ὁρῶ
882 2734 974 2768 τονδὶ
990 2732 1116 2778 λύχνον
1294 2734 1318 2762 Γ
1320 2733 1357 2762 Υ·
1377 2734 1419 2765 Δ·
1449 2729 1486 2774 νὴ
1505 2730 1564 2775 τὴν
1579 2729 1730 2777 Ἑκάτην,
1750 2734 1853 2768 καλόν
1869 2734 1900 2781 γ’
1920 2736 2026 2783 ἔγωγε
2043 2738 2197 2773 τουτονί.’
2289 2750 2327 2783 7ο

312 2786 507 2830 προσιόντα.
538 2785 622 2831 φέρε
641 2799 697 2820 νυν
715 2784 964 2832 ἐπαναχωρήσω
981 2786 1094 2824 πάλιν,
1294 2786 1357 2818 ΓΥ-
1379 2786 1419 2816 Ε·
1448 2781 1569 2829 «ἔγωγ’
1588 2782 1807 2831 Ἐπικράτους
1825 2786 1886 2821 οὐκ
1903 2787 2010 2836 ὀλίγῳ
2028 2789 2200 2825 καλλίονα.

314 2836 358 2880 μὴ
377 2837 431 2870 καί
447 2851 497 2872 τις
515 2837 559 2871 ὢν
576 2838 657 2883 ἀνὴρ
676 2840 694 2872 ὁ
711 2839 862 2884 προσιὼν
880 2839 1038 2885 τυγχάνῃ.
1294 2838 1363 2870 ΠΡ·
1393 2833 1483 2877 ὑμεῖς
1501 2834 1536 2869 δέ
1551 2835 1584 2870 Ti
1596 2836 1686 2882 φατέ
1699 2850 1707 2877 3
1737 2842 1802 2872 ῙῪ·
1824 2844 1863 2873 Δ·
1884 2841 1986 2885 φασί·
2017 2840 2233 2878 κατανεύουσι
2245 2843 2324 2890 γάρ.

213 2893 277 2923 ΓΥ.
299 2893 339 2923 Α.
371 2889 439 2934 ὥρα
456 2890 615 2932 βαδίζειν,
636 2891 679 2925 ὡς
697 2891 716 2924 ὁ
734 2889 837 2936 κῆρυξ
855 2890 974 2936 ἀρτίως
1204 2900 1246 2931 30
1294 2889 1363 2921 ΠΡ.
1394 2886 1447 2921 καὶ
1463 2885 1528 2931 μὴν
1545 2888 1586 2922 τά
1602 2887 1634 2935 γ’
1653 2888 1730 2923 ἄλλ’
1751 2890 1826 2934 ὑμῖν
1843 2893 1910 2937 ὁρῶ
1928 2894 2152 2940 πεπραγμένα.

316 2939 406 2985 ἡμῶν
423 2944 632 2986 προσιόντων
649 2940 803 2988 δεύτερον
819 2944 1019 2977 κεκόκκυκεν.
1397 2939 1583 2976 Λακωνικὰς
1599 2940 1665 2987 ’γὰρ
1683 2941 1777 2987 ἔχετε
1795 2943 1848 2977 Καὶ
1864 2945 2044 2990 βακτηρίας

217 2997 285 3027 ΠΡ,
316 2992 380 3039 ἐγὼ
399 2992 437 3027 δέ
451 2992 482 3039 γ’
502 2993 585 3037 ὑμᾶς
601 2993 816 3040 προσδοκῶσ’
837 2995 999 3041 ἐγρηγόρη
1396 2990 1449 3024 καὶ
1468 2989 1622 3036 θαίμάτια
1638 2993 1802 3040 τάνδρεῖα,
1816 2995 1962 3043 καθάπερ
1980 2995 2125 3042 εἴπομεν.
2287 3012 2322 3044 75

318 3044 377 3088 τὴν
395 3043 493 3079 νύκτα
511 3046 634 3080 πᾶσαν.
663 3046 754 3081 ἀλλὰ
771 3046 867 3093 φέρε,
887 3047 946 3091 τὴν
962 3046 1095 3093 γείτονα
1295 3045 1357 3079 ,ΓΥ-
1380 3046 1415 3077 Ζ.
1445 3041 1552 3089 ἔγωγέ
1567 3058 1619 3079 τοι
1636 3046 1675 3085 Τὸ
1693 3045 1863 3081 σκύταλον
1880 3048 2101 3095 ἐξηνεγκάμην

318 3095 405 3141 τήνδ’
426 3097 665 3141 ἐκκαλέσωμαι,
684 3102 882 3144 τρυγονῶσα
898 3099 957 3143 τὴν
975 3097 1090 3145 θύραν.
1395 3094 1433 3128 Τὸ
1451 3096 1510 3127 Τῠῧ
1529 3096 1655 3141 Λαμίου
1673 3098 1764 3137 τουτὶ
1783 3099 1997 3137 καθεύδοντος
2013 3102 2133 3148 λάθρα.

319 3149 370 3183 &et
386 3149 450 3196 γὰρ
468 3150 525 3183 τὸν
542 3149 631 3195 ἄνδρ’
651 3150 750 3194 αὐτῆς
768 3150 895 3185 λαθεῖν,
1206 3161 1225 3192 3
1230 3160 1246 3193 5
1293 3149 1362 3178 ΠΡ.
1393 3144 1481 3179 τοῦτ’
1501 3147 1571 3181 ἔστ’
1591 3148 1720 3184 ἐκείνων
1737 3152 1802 3184 τῶν
1820 3151 1996 3186 σκυτάλων
2014 3151 2059 3186 ὧν
2074 3153 2240 3198 πέρδεται.

220 3205 283 3237 [Ὺ.
307 3206 345 3236 Β,
924 3204 1054 3248 ἤκουσά
1070 3217 1122 3237 ‘rot
1293 3200 1357 3230 ΓΥ.
1380 3201 1416 3230 Ζ.
1446 3197 1484 3241 νὴ
1502 3200 1560 3233 τὸν
1578 3201 1642 3235 Δία
1659 3202 1717 3235 τὸν
1734 3203 1856 3249 σωτῆρ’
1877 3204 2058 3250 ἐπιτήδειός
2074 3207 2106 3254 γ’
2125 3207 2165 3243 ἂν
2182 3207 2221 3253 ἦν

322 3253 525 3298 ὑποδουμένη
543 3255 581 3288 τὸ
601 3255 703 3298 κνῦμά
723 3268 786 3289 σου
804 3258 869 3290 τῶν
887 3254 1069 3296 δακτύλων,
1396 3248 1455 3292 Τὴν
1472 3253 1531 3284 Τοῦ
1549 3254 1726 3287 Πανόπτου
1744 3255 1907 3302 διφθέραν
1924 3257 2100 3303 ἐνημμένος
2283 3265 2323 3297 80

321 3305 371 3340 ἅτ’
390 3306 430 3340 οὐ
448 3305 699 3352 καταδαρθοῦσ’.
729 3308 747 3340 ὁ
765 3307 829 3352 γὰρ
847 3307 940 3352 ἀνὴρ,
960 3307 985 3341 ὦ
1004 3308 1163 3353 φιλτάτη,
1269 3319 1274 3354 1
1396 3297 1487 3346 εἴπερ
1505 3316 1554 3338 Τίς
1571 3303 1678 3340 ἶῖλλος
1694 3307 1872 3348 βουκολεῖν
1889 3309 1927 3343 τὸ
1942 3309 2068 3354 δήμιον.

322 3359 518 3403 Σαλαμίνιος
534 3359 599 3404 γάρ
617 3357 710 3392 ἐστιν
727 3355 753 3405 ᾦ
771 3358 892 3403 ξύνειμ’
912 3359 989 3406 ἐγὼ,
1293 3355 1362 3384 ΠΡ.
1391 3351 1468 3385 ἀλλ’
1489 3353 1584 3399 ἄγεθ’
1603 3355 1692 3392 ὅπως
1710 3359 1763 3392 καὶ
1780 3359 1860 3394 τάπὶ
1877 3359 2007 3398 τούτοις
2024 3363 2203 3408 δράσομεν,

323 3410 382 3454 τὴν
399 3408 495 3456 νύχθ’
515 3409 598 3454 ὅλην
614 3411 740 3454 ἤλαυνέ
753 3410 786 3454 μ’
807 3411 841 3445 ἐν
858 3412 928 3446 τοῖς
946 3413 1152 3458 στρώμασιν,
1395 3402 1455 3439 ἕως
1473 3404 1518 3438 ἔτ’
1537 3406 1630 3442 ἐστὶν
1646 3408 1755 3455 ἄστρα
1773 3411 1854 3446 κατὰ
1871 3413 1929 3447 τὸν
1946 3413 2095 3460 οὐρανόν·

323 3461 404 3496 ὥστ’
422 3462 497 3505 ἄρτι
514 3462 606 3497 τουτὶ
624 3461 794 3507 θοίμάτιον
811 3463 912 3498 αὐτοῦ
929 3465 1059 3506 λαβεῖν.
1210 3475 1251 3504 40
1394 3454 1559 3516 ἡκκλησία
1577 3458 1619 3498 δ’»
1639 3460 1686 3496 εἷς·
1703 3459 1743 3505 ἦν
1759 3465 2057 3510 παρεσκευάσμεθα

222 3521 285 3553 ΓΥ.
304 3518 345 3550 A‘.
374 3514 427 3549 καὶ
442 3514 507 3559 μὴν
524 3516 591 3561 ὁρῶ
609 3515 662 3549 καὶ
680 3515 899 3560 Κλειναρέτην
916 3517 969 3550 καὶ
987 3517 1185 3564 Σωστράτην
1394 3510 1485 3551 ημεῗς
1501 3510 1660 3553 βαδίζειν»
1681 3513 1718 3556 ἐξ
1736 3513 1779 3548 ἕω
1796 3514 1984 3561 γενήσεται.
2281 3526 2319 3568 85

324 3569 510 3614 παριοῦσαν
527 3567 588 3612 ἤδη
606 3565 701 3612 τήνδε
720 3567 772 3602 καὶ
790 3567 993 3611 Φιλαινέτην.
1293 3562 1358 3594 ῙὛ·
1378 3563 1419 3594 Α·
1449 3559 1486 3605 ν’)
1505 3561 1563 3597 Τὸν
1580 3562 1649 3605 Δί’»
1669 3565 1758 3600 ὦπε
1775 3566 1828 3603 δεῖ
1843 3581 1885 3603 σε
1902 3570 2103 3614 Κᾱῗαλαβεῖν
2118 3571 2216 3623 ἕδρας
