2488 3860
968 313 1470 356 ΑΠΟΣΠΑΣΜΑΤΙΑ.

194 418 326 470 (822.)
349 436 397 458 12·
416 421 555 458 Athen.
577 420 649 464 vs,
669 434 706 470 p.
729 420 804 458 264
825 421 867 465 B,
887 433 942 470 sq.
969 412 1061 458 οὔτ’...
1079 422 1138 458 οὖν
1155 424 1188 458 οε

2187 319 2267 363 701

1281 421 1408 471 (830.)
1429 437 1460 458 2.
1483 420 1584 457 Plut.
1611 421 1656 457 de
1674 420 1758 458 virt.
1783 433 1874 457 mor.
1897 419 1941 465 ‘6,
1964 421 2017 471 (p.
2044 423 2121 459 446
2148 420 2214 472 A,)
2240 428 2276 463 αἱ

144 477 225 512 κατὰ
235 476 295 512 τὰς
312 476 496 524 ὁμολογίας
509 477 759 522 καταμείναντες
770 477 823 512 καὶ
839 477 1044 523 παραδόντες
1057 477 1194 513 ἑαυτοὺς
1226 476 1264 512 δὲ
1282 478 1342 519 τῆς
1359 475 1522 523 ἀκρασίας
1541 475 1685 523 (φωναὶ)
1706 476 1816 523 ἕτεραι
1834 477 1888 511 καὶ
1905 477 2144 525 διαφέρουσαι·

143 528 332 575 ἐκλήθησαν
366 531 444 566 τότε
471 530 532 575 μὲν
565 530 736 576 μενέσται,
768 533 826 566 νῦν
856 531 892 565 δὲ
927 530 1098 566 πενέσται·
1139 531 1192 565 καὶ

1329 530 1465 576 Γνώμην
1483 530 1604 576 ἔχοντά
1620 529 1654 576 μ’
1673 530 1693 574 ἡ
1712 529 1820 576 φύσις
1835 531 1997 574 βιάζεται.

143 583 266 620 πολλοὶ
291 585 358 618 τῶν
385 583 504 630 κυρίων
528 584 652 619 ἑαυτῶν
669 583 757 619 elohe
780 584 1015 631 εὐπορώτεροι.
1044 584 1098 619 καὶ
1125 584 1190 618 Εὐ·
1224 583 1278 618 καὶ

141 636 274 684 ριπίδης
292 635 320 671 δ’
341 636 378 671 ἐν
396 637 508 685 Φρίξῳ
525 638 664 684 λάτριας
681 637 800 674 αὐτοὺς
817 637 970 683 ὀνομάζει
987 637 1043 673 διὰ
1063 635 1191 674 τούτων

248 690 371 736 Λάτρις
387 690 552 734 πενέστης
570 692 653 736 ἁμὸς
670 691 817 737 ἀρχαίων
835 691 958 737 δόμων.

194 739 325 791 (823.)
349 756 399 787 ¹3-
421 741 593 778 Stobaeus
611 741 734 786 LXII,
756 744 818 780 39.

247 798 419 832 Πολλοῖσι
437 795 573 833 δούλοις
589 796 722 843 τοῦνομ’
741 796 896 844 αἰσχρὸν,
916 797 936 842 ἡ
955 798 992 833 δὲ
1009 797 1101 845 φρὴν

247 853 315 886 τῶν
332 850 409 896 οὐχὶ
428 850 558 885 δούλων
577 850 646 885 ἐστ’
667 850 928 898 ἐλευθερωτέρα.

194 898 323 951 (824.)
352 917 400 947 ¹4·
431 901 567 938 Justin.
605 902 718 939 Mart.
749 902 794 938 de
821 902 928 939 Mon.
958 915 995 951 p.
1029 904 1100 940 109
1130 902 1189 949 ed.

143 953 225 993 col.
249 954 302 1002 (p.
323 956 371 991 41
396 955 439 992 F.
460 954 519 992 ed.
542 954 644 1003 Hag.
667 954 803 991 Comit.
828 956 959 1002 1742.)

247 1009 290 1045 Εἰ
303 1009 332 1045 δ’
352 1010 497 1055 εὐσεβὴς
514 1010 560 1044 ὣν
576 1012 667 1045 τοῖσι
685 1010 976 1052 δυσσεβεστάτοις

246 1063 294 1100 εἷς
310 1063 403 1099 ταῦτ’
422 1065 609 1111 ἔπρασσον,
627 1066 699 1100 πῶς
717 1063 786 1098 τάδ’
806 1063 847 1099 ἂν
864 1067 972 1100 καλῶς
989 1065 1074 1111 ἔχοι,

247 1117 277 1152 εἷ
294 1117 376 1154 Ζεὺς
392 1119 412 1153 ὁ
428 1119 563 1165 λῷστος
580 1117 683 1162 μηδὲν
700 1117 828 1152 ἔνδικον
845 1119 976 1164 φρονεῖ.

194 1166 322 1218 (825.)
345 1185 396 1215 15.
417 1167 523 1205 Sext.
553 1168 727 1216 Empiric.
753 1168 838 1204 adv.
870 1169 992 1206 Math.
1019 1169 1050 1211 I,
1075 1171 1132 1212 13,
1151 1182 1188 1218 p.

142 1221 220 1260 274
238 1226 277 1258 et
294 1222 383 1266 287,
404 1222 457 1271 (Ρ.
485 1223 557 1259 661
587 1226 624 1257 et
649 1222 724 1258 665
751 1221 810 1257 ed.
843 1219 982 1269 Bekk.)
1011 1222 1092 1260 οἷόν
1116 1225 1191 1260 ἐστι

142 1277 197 1314 καὶ
213 1277 253 1313 τὸ
270 1278 362 1324 παρὰ
378 1277 542 1323 Εὐριπίδῃ
559 1275 683 1322 λεχθὲν
700 1276 736 1311 ἐν
753 1276 864 1324 Φρίξῳ

248 1329 345 1368 ὅστις
362 1331 400 1365 δὲ
418 1330 544 1375 θνητῶν
561 1327 666 1365 οἴεται
683 1329 758 1364 καθ’
774 1329 899 1377 ἡμέραν

246 1385 346 1420 κακόν
361 1398 396 1420 τι
411 1384 581 1431 πράσσων
597 1383 676 1419 τοὺς
693 1383 790 1420 θεοὺς
806 1383 994 1429 λεληθέναι,

247 1439 340 1474 δοκεῖ
353 1438 483 1484 πονηρὰ
501 1438 554 1472 καὶ
572 1438 678 1472 δοκῶν
696 1437 881 1479 ἁλίσκεται,

247 1490 328 1527 ὅταν
346 1491 480 1537 σχολὴν
496 1490 630 1538 ἄγουσα
646 1491 795 1537 τυγχάνῃ
814 1491 910 1536 Δίκη,

247 1545 407 1592 τιμωρίαν
425 1545 537 1580 ἔτισεν
554 1545 599 1580 ὧν
615 1542 716 1591 ἦρξεν
734 1547 850 1578 κακῶν.

121 1603 129 1608 ”
142 1594 254 1645 Apud
270 1595 407 1633 Justin.
422 1595 484 1632 hic
501 1607 630 1632 versus
647 1594 886 1643 praemittitur
903 1594 1082 1633 vitiosus:

249 1651 400 1698 ἄφθονον
416 1650 495 1694 βίου
512 1652 614 1696 μῆκος
631 1650 752 1686 δίδωσι
769 1651 855 1696 πρὸς
873 1650 996 1697 κρίσιν,

143 1701 241 1752 apud
258 1701 377 1739 Clem.
396 1714 486 1738 vero
502 1702 586 1739 hic:

249 1756 287 1794 ὃς
303 1759 374 1794 τοῖς
390 1757 620 1804 ἁμαρτάνουσι
636 1757 722 1804 πρὸς
738 1758 842 1803 μῆκος
858 1758 937 1800 βίου

248 1811 399 1856 δίδωσιν·
428 1809 460 1846 εἶ
475 1825 526 1848 τις
543 1810 646 1846 οἴεται
664 1809 739 1846 καθ’
759 1810 884 1858 ἡμέραν
902 1811 1006 1846 κ.τ.λ.

142 1863 233 1900 Post
277 1868 450 1911 quartum
483 1874 631 1899 versum
667 1861 824 1910 quinque
860 1862 951 1899 alios
997 1861 1194 1910 subjiciunt

144 1915 280 1954 Justin.
300 1920 338 1952 et
356 1914 475 1952 Clem.

247 1969 344 2017 ὁρᾶθ’
364 1969 443 2006 ὅσοι
461 1971 587 2006 δοκεῖτε
605 1971 664 2005 οὐκ
682 1967 765 2006 εἶναι
783 1970 872 2005 θεόν.

247 2020 318 2070 (δὶς
334 2023 614 2071 ἐξαμαρτάνοντες
632 2025 691 2059 οὐκ
708 2019 955 2071 εὐγνωμόνως.)

246 2077 342 2113 ἔστιν
358 2078 435 2125 γὰρ,
455 2079 562 2114 ἔστιν·
591 2078 621 2112 εἶ
639 2077 678 2113 δέ
694 2093 744 2114 τις
761 2078 899 2124 πράττει
917 2079 1034 2116 κακῶς,

249 2132 347 2167 κακὸς
363 2132 534 2178 πεφυκὼς,
553 2131 612 2166 τὸν
628 2133 752 2178 χρόνον
770 2130 978 2178 κερδαινέτω·

249 2186 361 2232 χρόνῳ
379 2186 445 2231 γὰρ
463 2184 559 2221 οὗτος
576 2183 720 2231 ὕστερον
737 2186 840 2220 δώσει
858 2184 958 2228 δίκην.

197 2234 325 2285 (826.)
348 2241 397 2273 16.
418 2234 588 2273 Stobaeus
609 2235 773 2279 CXXII,
794 2238 831 2273 9.

250 2291 315 2326 Καὶ
332 2291 398 2338 γὰρ
415 2291 546 2338 πέφυκε
563 2290 652 2326 τοῦτ’
671 2291 707 2326 ἐν
724 2291 907 2337 ἀνθρώπων
924 2289 1044 2337 φύσει·

249 2343 290 2389 ἢν
307 2345 361 2379 καὶ
379 2344 452 2389 δίκῃ
471 2343 598 2390 θνήσκῃ
617 2359 678 2384 τις,
698 2345 762 2391 οὐχ
780 2344 892 2390 ἧσσον
908 2344 1008 2379 ποθεῖ

248 2399 314 2434 πᾶς
330 2412 382 2435 τις
399 2397 552 2444 δακρύειν
567 2398 646 2435 τοὺς
662 2397 894 2444 προσήκοντας
911 2398 1048 2444 φίλοῠς.

197 2446 325 2499 (827.)
349 2461 399 2496 ¹7·
421 2448 590 2486 Stobaeus
608 2449 750 2491 XCIV,
770 2453 807 2486 2.

250 2504 430 2551 Κρείσσων
447 2505 484 2539 δὲ
501 2506 599 2547 βαιὸς
616 2504 722 2547 ὄλβος
739 2504 894 2549 ἀβλαβὴς
910 2504 1058 2551 βροτοῖς,

247 2557 267 2603 ἢ
286 2558 380 2604 δῶμα
397 2556 532 2606 πλούτῳ
551 2559 732 2600 δυσσεβῶς
749 2558 956 2605 ὦγκωμένον.

197 2607 327 2659 (828.)
358 2616 408 2647 18.
438 2609 548 2645 Phot.
575 2613 743 2658 πώγωνα
767 2612 904 2658 πυρὸς,
932 2610 993 2654 τὴν
1019 2608 1192 2655 ἀναφορὰν

146 2665 204 2699 τοῦ
220 2666 338 2712 πυρός.
385 2665 568 2712 Εὐριπίδης
602 2665 725 2713 Φρίξῳ.
785 2662 873 2699 Huc
916 2660 1046 2709 procul
1081 2659 1192 2696 dubio

108 2732 113 2739 *
145 2715 306 2763 respexit
331 2715 424 2752 Poll.
456 2714 528 2751 On.
555 2715 610 2758 II,
640 2718 703 2757 88,
732 2717 767 2752 ἐν
789 2720 830 2762 τῇ
857 2715 1026 2764 τραγῳδίᾳ
1051 2716 1193 2762 πώγων

145 2768 280 2817 πυρὸς,
299 2769 319 2815 ἡ
338 2770 387 2807 εἷς
404 2770 466 2815 ὀξὺ
483 2769 652 2818 ἄναδρομὴ
670 2772 728 2816 τῆς
745 2772 885 2818 φλογός.

535 2881 784 2912 ΧΡΥΣῙΠΠΟΣ
790 2903 798 2910 .

1327 636 1415 677 Αἷαῒ,
1434 636 1505 673 τόδ’
1521 638 1581 682 ἤδη
1601 637 1691 673 θεῖον
1708 637 1896 684 ἀνθρώποις
1914 640 2024 681 κακὸν,

1329 689 1409 725 ὅταν
1425 705 1476 727 τις
1494 691 1564 735 εἰδῇ
1582 691 1739 738 τάγαθὸν,
1759 688 1880 738 χρῆταῖ
1898 692 1935 726 δὲ
1953 691 2011 737 μή.

1225 741 1392 778 Alterum
1416 741 1510 791 fgm.
1540 747 1597 779 est
1623 742 1733 779 etiam
1759 743 1857 791 apud
1883 742 2074 780 Stobaeum
2091 742 2140 788 V,
2163 743 2186 779 6
2208 742 2274 779 sed

1224 795 1302 831 sine
1318 794 1506 831 lemmate.

1277 846 1400 896 (831.)
1423 863 1457 892 3.
1479 847 1649 884 Stobaeus
1668 847 1807 892 LXVI,
1829 851 1865 886 2.

1327 904 1444 948 Γνώμῃ
1462 904 1576 950 σοφός
1592 918 1662 948 μοι,
1681 904 1735 938 καὶ
1752 903 1825 950 χέρ’
1844 904 1997 951 ἀνδρείαν
2014 906 2099 951 ἔχοι·

1327 955 1529 1004 δύσμορφος
1546 955 1616 1002 εἵην
1632 958 1766 1002 μᾶλλον
1782 959 1806 1002 ἤ
1822 959 1924 995 καλὸς
1942 957 2050 994 κακὸς.

1279 1006 1404 1055 (832.)
1424 1025 1456 1052 4,
1483 1023 1515 1054 5.
1545 1008 1641 1045 Plut.
1671 1007 1813 1045 Erotio.
1846 1011 1881 1052 3,
1910 1012 1963 1058 (Ρ.
1994 1010 2070 1047 750
2096 1007 2164 1058 Α,)
2190 1013 2209 1046 6
2236 1011 2273 1046 δὲ

1226 1063 1409 1108 Δαφναῖος,
1422 1063 1449 1098 ὦ
1461 1062 1652 1110 ἹΙράκλεις,
1665 1064 1745 1110 ἔφη,
1760 1064 1794 1098 τί
1806 1064 1866 1099 οὐκ
1877 1063 1917 1099 ἅν
1929 1080 1980 1101 τις
1992 1064 2271 1112 προσδοκήσειεν,

1223 1116 1252 1150 εἷ
1279 1117 1333 1150 καὶ
1359 1117 1579 1164 Πρωτογένης
1602 1117 1699 1164 ἔρωτι
1725 1116 1930 1163 πολεμήσων
1955 1119 2141 1165 πάρεστινς
2170 1115 2197 1166 ᾧ
2221 1119 2273 1152 καὶ

1223 1169 1338 1204 παιδιὰ
1355 1172 1451 1205 πᾶσα
1469 1171 1522 1206 καὶ
1541 1170 1672 1215 σπουδὴ
1690 1171 1768 1218 περὶ
1778 1169 1916 1218 ’Ἔρωτα
1934 1173 1987 1207 καὶ
2005 1172 2047 1207 δι’
2057 1170 2211 1219 Ἔρωτος

1329 1223 1422 1269 Λήθῃ
1441 1225 1478 1259 δὲ
1495 1225 1620 1271 λόγων,
1638 1223 1725 1270 λήθῃ
1744 1225 1781 1259 δὲ
1798 1225 1936 1272 πάτρας,

1225 1276 1288 1322 οὐχ
1324 1277 1369 1313 ὡς
1403 1280 1449 1325 τῷ
1485 1275 1577 1326 Λαΐῳ
1605 1277 1704 1313 πέντε
1733 1278 1837 1323 μόνον
1864 1278 1995 1326 ἡμερῶν
2029 1278 2188 1325 ἀπέχοντι
2215 1280 2273 1322 τῆς

1223 1330 1395 1376 πατρίδος.
1422 1332 1551 1377 βραδὺς
1567 1331 1633 1378 γὰρ
1652 1333 1671 1366 6
1689 1331 1813 1366 ἐκείνου
1831 1332 1885 1367 καὶ
1894 1334 2057 1380 χερσαῖος
2064 1330 2190 1379 Ἐρως.
2203 1333 2222 1366 ὁ
2236 1332 2271 1366 δὲ

1224 1384 1288 1420 σὸς
1306 1383 1341 1418 ἐκ
1359 1384 1510 1422 Κιλικίας
1525 1384 1685 1430 Ἀθήναζε

1329 1438 1486 1485 λαιψηρὰ
1503 1439 1678 1475 κυκλώσας
1694 1440 1801 1486 πτερὰ

1330 1491 1520 1529 διαπόντιος
1535 1491 1687 1532 πέταται,

1224 1544 1302 1580 τοὺς
1319 1545 1442 1581 καλοὺς
1459 1545 1596 1592 ἐφορῶν
1613 1546 1666 1580 καὶ
1685 1547 1982 1592 συμπλανώμενος.

1278 1595 1405 1643 (833.)
1428 1601 1460 1633 6.
1487 1596 1591 1633 Sext.
1618 1596 1728 1645 Emp.
1748 1596 1831 1633 adv.
1858 1597 2042 1634 Mathem.
2062 1597 2131 1642 VI,
2155 1599 2214 1641 17,
2233 1610 2270 1646 p.

1227 1649 1314 1691 360,
1334 1646 1388 1697 (Ρ.
1411 1650 1482 1686 751
1508 1649 1566 1686 ed.
1587 1648 1727 1697 Bekk.)
1779 1651 1955 1689 Ὡσαύτως
1977 1653 2015 1688 δὲ
2039 1653 2093 1688 καὶ
2115 1653 2158 1688 τὰ
2182 1654 2274 1700 παρὰ

1225 1705 1296 1739 τοῖς
1313 1706 1481 1751 τραγικοῖς
1498 1704 1589 1750 μέλη
1607 1705 1649 1740 τὰ
1673 1705 1835 1749 στάσιμα,
1855 1707 2004 1753 φυσικόν
2020 1721 2094 1743 τινα
2110 1706 2274 1753 ἐπέχοντα

1225 1758 1342 1804 λόγον,
1362 1759 1461 1793 ὁποῖά
1480 1758 1554 1793 ἐστι
1572 1759 1613 1794 τὰ
1628 1756 1715 1793 οὕτω
1729 1760 1909 1806 λεγόμενα·

1331 1813 1414 1846 Γαῖα
1431 1812 1573 1858 μεγίστη
1593 1812 1645 1847 καὶ
1664 1813 1744 1848 Διὸς
1761 1813 1870 1860 αἰθὴρ,

1332 1866 1350 1899 ὁ
1368 1865 1428 1910 μὲν
1446 1865 1629 1912 ἀνθρώπων
1646 1866 1700 1900 καὶ
1714 1866 1799 1901 θεῶν
1814 1866 1972 1913 γενέτωρ,

1332 1917 1351 1962 ἡ
1371 1918 1398 1953 δ’
1418 1919 1629 1965 ὑγροβόλους
1647 1919 1815 1966 στάγονας
1833 1921 1961 1956 νοτίους

1331 1972 1584 2018 παραδεξαμένη
1602 1973 1704 2008 τίκτει
1723 1972 1872 2013 θνατοὺς,

1330 2026 1433 2061 τίκτει
1452 2026 1487 2060 δὲ
1509 2027 1628 2073 βορὰν,
1648 2026 1744 2071 φῦλά
1760 2042 1797 2061 τε
1815 2027 1935 2074 θηρῶν,

1488 2079 1565 2114 ὅθεν
1578 2080 1637 2114 οὐκ
1655 2079 1775 2116 ἀδίκως

1436 2131 1543 2179 μήτηρ
1561 2134 1692 2168 πάντων
1710 2134 1913 2178 νενόμισται.

1227 2182 1297 2219 His
1332 2182 1440 2219 Grot.
1474 2184 1581 2233 (Exc.
1615 2196 1653 2232 p.
1688 2185 1793 2230 417.)
1821 2183 2058 2232 probabiliter
2086 2183 2274 2232 subjuhxit

1225 2247 1353 2272 versus
1365 2241 1403 2272 et
1414 2236 1445 2272 si
1458 2236 1678 2272 sententiam
1692 2242 1730 2272 et
1744 2236 1775 2272 si
1788 2241 1948 2272 metrum
1961 2236 2112 2284 respicis
2126 2249 2273 2285 prorsus

1226 2300 1310 2324 cum
1322 2288 1393 2324 illis
1407 2289 1676 2333 convenientes,
1689 2289 1751 2337 qui
1761 2289 1935 2338 leguntur
1948 2289 2045 2337 apud
2066 2289 2163 2326 Phil.
2183 2291 2205 2326 J
2208 2290 2272 2327 ud.

1224 2344 1302 2390 περὶ
1333 2343 1487 2390 ἀφθαρσ.
1517 2345 1619 2390 κόσμ.
1649 2344 1667 2387 §
1700 2344 1760 2384 11,
1788 2355 1826 2390 Ρ.
1856 2343 1932 2378 498
1966 2341 2024 2378 ed.
2053 2342 2187 2392 Mang.
2218 2343 2272 2391 (Ρ.

1227 2396 1301 2431 948
1321 2395 1379 2430 ed.
1399 2394 1538 2441 Pfeiff.)
1557 2400 1595 2431 et
1617 2394 1663 2431 de
1690 2394 1848 2432 Mundo.
1869 2397 1887 2440 §
1912 2396 1972 2437 11,
1990 2407 2026 2444 p.
2048 2396 2122 2431 612
2142 2395 2199 2432 ed.
2215 2394 2272 2431 M.

1228 2448 1280 2496 (p.
1306 2449 1399 2484 1161
1426 2447 1484 2484 ed.
1505 2447 1581 2494 Pf.)

1330 2505 1441 2548 Χωρεῒ
1457 2502 1486 2538 δ’
1505 2503 1628 2545 ὀπίσω,
1648 2504 1691 2539 τὰ
1707 2503 1768 2549 μὲν
1786 2503 1824 2539 ἐκ
1839 2517 1936 2551 γαιας

1328 2554 1426 2602 φύντ’
1446 2556 1492 2592 εἷς
1509 2558 1616 2603 γαῖαν,
1636 2558 1678 2592 τὰ
1696 2557 1725 2591 δ’
1743 2557 1799 2592 ἀπ’
1818 2558 1966 2604 αῖθεριου

1329 2610 1528 2651 βλαστόντα
1544 2611 1644 2657 γονῆς
1662 2611 1708 2647 εἷς
1726 2611 1880 2657 οὐράνιον

1330 2664 1438 2698 πόλον
1455 2662 1536 2707 ἦλθε
1553 2664 1668 2699 πάλιν·
1699 2662 1834 2708 θνήσκει
1852 2664 1882 2700 δ’
1901 2664 1999 2700 οὐδὲν

1331 2719 1397 2751 τῶν
1413 2716 1631 2763 γιγνομένων,
1652 2717 1898 2763 διακρινόμενον
1915 2717 1945 2752 δ’

1488 2770 1576 2804 ἄλλο
1593 2771 1678 2817 πρὸς
1695 2770 1803 2806 ἄλλου

1436 2824 1572 2870 μορφὴν
1586 2824 1671 2858 ἰδίαν
1689 2823 1853 2869 ἀπέδειξε.

1278 2871 1405 2923 (834.)
1427 2889 1457 2920 7.
1483 2873 1653 2910 Stobaeus
1681 2873 1762 2917 CV,
1786 2877 1845 2912 13.
1865 2875 1998 2912 Arsen.
2018 2875 2121 2914 Viol.
2138 2889 2175 2925 p.
2196 2879 2271 2915 486

2236 2625 2274 2648 10

197 2941 324 2991 (829.)
354 2958 382 2980 ι.
409 2942 528 2979 clem.
557 2943 664 2979 Alex.
692 2942 830 2980 strom.
858 2942 911 2984 Π,
942 2945 985 2979 15
1014 2944 1102 2988 §63
1132 2940 1190 2990 (p.
1226 2927 1282 2963 ed·
1303 2926 1423 2962 Walz-

145 2997 223 3032 462
243 2994 311 3044 Ρ,)
333 2999 352 3032 ὁ
369 2998 431 3042 μὲν
454 2998 519 3044 γὰρ
545 2998 645 3034 Λάϊος
669 2998 790 3034 ἐκεῖνος
815 2998 896 3032 κατὰ
919 2998 979 3042 τὴν
1005 2998 1193 3046 τραγῳδίαν

198 3059 266 3087 σιν·

145 3051 195 3097 φη
250 3103 380 3148 λέληθε
397 3103 427 3138 δ’
447 3104 544 3139 οὐδὲν
561 3103 665 3139 τῶνδέ
681 3103 714 3149 μ’
735 3103 779 3138 ὧν
797 3104 842 3139 σὺ
861 3104 1033 3146 νουθετεῖς,

249 3158 383 3204 γνώμην
400 3156 429 3192 δ’
449 3157 569 3203 ἔχοντά
585 3156 618 3202 μ’
638 3156 658 3202 ἡ
677 3156 785 3204 φύσις
800 3158 960 3201 βιάζεται.

1326 2979 1371 3015 Ὠ
1390 2981 1540 3024 δέσποτ’,
1556 2982 1664 3018 οὐδεὶς
1681 2979 1770 3018 οἶδεν
1787 2982 1962 3030 ἅνθρωπος
1978 2986 2087 3031 γεγὼς

1331 3034 1399 3068 οὔτ’
1419 3035 1578 3080 εὐτυχοῦς
1595 3035 1736 3083 ἀριθμὸν
1753 3038 1830 3072 οὔτε
1847 3037 2049 3084 δυστυχοῦς.

1279 3082 1404 3134 (835.)
1432 3092 1464 3123 8.
1496 3085 1659 3134 Hesych.
1698 3089 1858 3133 Εἷάζων,
1887 3087 1939 3125 εἶα
1964 3090 2174 3127 ἐπικελεύων.
2203 3092 2269 3127 Εὖ·

1223 3141 1356 3187 ριπίδης
1373 3140 1575 3189 Χρυσίππῳ.
1596 3138 1641 3176 cf.
1662 3139 1793 3178 Valck.
1814 3140 1934 3179 Diatr.
1953 3154 1990 3190 p.
2013 3144 2073 3180 21.

663 3282 1011 3320 INCERTARUM
1043 3282 1372 3319 FABULARUM
1400 3281 1746 3322 FRAGMENTA.

202 3348 327 3399 (836.)
357 3367 386 3388 ι.
414 3350 587 3388 Stobaeus
612 3351 691 3389 Ecl.
712 3351 823 3401 Phys.
844 3353 876 3394 Ι,
897 3354 933 3395 3,
955 3355 989 3396 2,
1009 3365 1047 3400 p.
1067 3354 1116 3388 26
1136 3352 1193 3389 ed.
1225 3352 1409 3401 Athenag.
1422 3353 1518 3401 Leg.
1531 3366 1569 3402 p.
1584 3355 1620 3396 5,
1631 3354 1683 3402 (p.
1697 3355 1881 3392 283Ced.
1894 3355 1993 3404 Hag.
2011 3354 2118 3392 Com.
2136 3353 2262 3404 1742.)

149 3405 265 3443 Heer.
292 3403 443 3440 Lucian.
463 3403 549 3451 Jup.
569 3409 666 3452 trag.
687 3406 750 3446 41,
770 3404 830 3453 (Τ.
851 3404 901 3448 ΙΙ,
920 3417 955 3453 Ρ.
978 3407 1051 3442 689
1076 3405 1121 3443 R.
1142 3404 1192 3447 II,

147 3469 185 3506 p.
214 3458 290 3493 504
316 3455 414 3502 Jac.)
470 3455 588 3494 Clem.
615 3456 724 3494 Alex.
755 3458 891 3494 Strom.
911 3457 960 3499 V,
984 3460 1042 3502 14,
1063 3463 1082 3506 ᾗ
1107 3459 1192 3498 115,

148 3506 202 3559 (Ρ.
224 3509 296 3547 717
314 3506 375 3557 Ρ,)
394 3514 431 3545 et
443 3508 529 3546 hinc
546 3508 682 3546 Euseb.
702 3509 819 3557 Praep.
835 3509 905 3546 Ev.
919 3510 1035 3553 XIII,
1050 3525 1085 3560 p.
1104 3512 1192 3553 681,

1327 3405 1428 3454 Ὀρᾷς
1444 3408 1504 3443 τὸν
1519 3408 1614 3455 ὑψοῦ
1631 3409 1720 3444 τόνδ’
1738 3410 1876 3456 ἄπειρον
1892 3410 2018 3456 αἰθέρα,

1330 3460 1382 3495 καὶ
1400 3462 1463 3508 γῆν
1479 3460 1579 3508 πέριξ
1596 3462 1712 3508 ἔχονθ’
1731 3463 1847 3509 ὑγραῖς
1864 3463 1900 3498 ἐν
1916 3462 2088 3510 ἀγκάλαις.

1329 3515 1446 3549 τοῦτον
1463 3515 1575 3560 νόμιζε
1593 3516 1690 3560 Ζῆνα,
1709 3515 1797 3551 τόνδ’
1817 3515 1900 3563 ἡγοῦ
1918 3515 2007 3552 θεόν.
