2488 3860
216 317 297 357 532
1031 311 1490 353 ΑΡΙΣΤΟΦΑΝΟὙΣ

213 421 275 448 ΓΥ.
313 414 372 458 τὴν
387 415 518 459 λόχμην
535 413 667 458 πολλὴν
683 414 800 460 φορεῖς
1183 418 1242 449 800
1264 408 1268 474 1
1388 417 1492 461 λόγος
1509 428 1569 456 τις,
1589 412 1688 460 εἴρηκ’
1708 413 1829 450 εὐθέως
1846 413 1866 459 ἧ
1885 414 1929 459 σὴ
1947 415 2028 461 γυνὴ

212 472 277 501 ΓΕ.
315 466 368 500 καὶ
386 466 581 512 Μυρωνίδης
597 466 662 512 γὰρ
679 463 719 509 ἦν
1266 480 1268 508 3
1389 466 1440 501 ὅτι
1457 468 1561 512 λῆρός
1578 466 1653 500 ἐστι
1670 466 1779 501 τᾶλλα
1795 467 1879 513 πρὸς
1896 467 2067 511 Κινησίαν.
2257 470 2319 503 860

313 517 437 563 τραχὺς
455 516 604 552 ε’ντεύθεν
620 518 792 562 μελάμπυ-
1266 510 1269 562 ί
1288 525 1345 554 ΚΙ.
1390 517 1438 553 ἰ’θι
1456 533 1523 559 νυν,
1543 519 1689 553 κάλεσον
1706 517 1818 563 αὐτήν.

314 571 371 615 γός
389 584 426 603 τε
443 571 512 605 τοῖς
530 569 663 615 ἐχθροῖς
680 570 816 609 ἅπασιν,
1267 567 1268 572 ’
1286 577 1353 606 AY.
1886 571 1920 605 τί
1937 569 1994 606 οὖν
2009 584 2018 611 ;
2048 571 2167 607 δώσεις
2186 571 2219 606 τί
2234 583 2316 616 μοις

313 622 356 656 ὣς
375 621 411 656 δὲ
429 622 481 656 καὶ
499 621 662 668 Φορμίων.
1287 628 1344 657 ΚΙ.
1391 622 1499 669 ἔγωγέ
1515 636 1571 656 σοι
1590 621 1627 666 νὴ
1646 623 1703 657 τὸν
1721 621 1791 662 Δί’,
1810 621 1850 667 ἢν
1866 622 1977 666 βούλῃ
1994 637 2035 669 γε
2053 622 2112 658 σύ·

211 678 281 708 XO.
302 678 366 708 ΓΥ.
396 673 485 720 κάγὼ
1055 674 1125 708 ἀντ.
1180 677 1239 716 805
1387 675 1455 719 ἔχω
1474 675 1510 709 δέ
1527 673 1635 708 τοῦθ’·
1665 673 1747 720 ὅπερ
1765 673 1823 709 οὖν
1840 675 1919 720 ἔχω,
1939 674 2058 720 δίδωμί
2074 690 2144 710 σοι.

310 723 478 770 βούλομαι
495 725 601 772 μῦθόν
617 725 677 761 τιν’
696 725 772 772 ἱμῖν
788 725 953 769 ἀντιλέξαι
1287 732 1353 761 ΛΥ.
1389 726 1474 773 φέρε
1491 741 1549 761 νυν
1566 725 1700 761 καλέσω
1719 727 1895 768 καταβᾶσά
1912 740 1981 762 σοι.

312 779 358 824 τῷ
377 777 578 813 Μελανίωνι.
1286 784 1343 812 ΚΙ.
2045 778 2130 825 ταχύ
2148 794 2204 815 νυν
2221 779 2318 815 πάνυ.

317 829 419 873 Γίμων
1389 831 1432 866 ὣς
1450 829 1605 875 οὐδεμίαν
1622 830 1690 875 ἔχω
1707 845 1747 876 γε
1765 832 1811 878 τῷ
1827 830 1893 878 βίῳ
1911 832 2021 877 χάριν,
2258 835 2319 876 865

312 880 351 924 ῆν
369 895 418 917 τις
436 878 589 927 ἄΐδρυτος
607 882 786 923 ἀβάτοισιν
803 883 838 917 ἐν
1389 883 1426 925 ἐξ
1444 881 1547 928 οὗπερ
1565 882 1647 926 αὐτὴ
1664 882 1799 927 ’ξῆλθεν
1817 883 1852 917 ἐκ
1869 884 1928 927 τῆς
1945 883 2059 920 οἰκίας·

311 931 475 965 σκώλοισι
491 930 533 964 τὰ
548 932 716 977 πρόσωπα
731 929 988 979 περιειργμένος,
1180 936 1241 966 810
1390 933 1470 968 ἀλλ’
1492 933 1637 979 ἄχθομαι
1653 934 1714 979 μὲν
1731 934 1856 974 εἰσιὼν,
1875 935 1978 981 ἔρημα
1995 936 2032 970 δὲ

309 981 458 1029 Ἐρινύος
474 981 643 1029 ἀπορρώξ.
1388 983 1469 1020 εἶναι
1488 987 1579 1021 δοκεῖ
1593 1000 1650 1031 μοι
1667 987 1784 1026 πάντα,
1804 989 1874 1022 τοῖς
1891 987 1927 1022 δὲ
1945 987 2066 1024 σιτίοις

311 1034 407 1072 οὗτος
424 1034 475 1081 ἄρ’
494 1036 513 1069 ὁ
530 1036 640 1081 Τίμων
1262 1026 1266 1099 ι
1386 1038 1486 1084 χάριν
1503 1038 1658 1083 οὐδεμίαν
1675 1035 1736 1073 οἷδ’
1755 1038 1888 1073 ἐσθίων·
1918 1040 2041 1074 ἔστυκα
2057 1040 2134 1086 γάρ.

311 1085 417 1134 ᾤχεθ’
436 1087 500 1123 ὑπὸ
517 1088 638 1133 μίσους
1261 1111 1266 1122 ι
1286 1095 1358 1124 ΜΥ.
1389 1091 1483 1135 φιλῶ
1500 1091 1594 1136 φιλῶ
1610 1089 1670 1136 ’γὼ
1688 1093 1817 1125 τοῦτον·
1847 1090 1925 1125 ἀλλ’
1944 1091 1983 1125 οὐ
1999 1091 2160 1134 βούλεται
2252 1097 2315 1135 870

311 1139 426 1174 πολλὰ
443 1141 711 1186 καταρασάμενος
728 1141 869 1188 ἀνδράσι
886 1142 1053 1185 πονηροῖς.
1177 1143 1237 1183 815
1387 1138 1543 1187 ὗπίἐμοῦ
1561 1142 1749 1188 φιλεῖσθαι.
1780 1142 1824 1177 σὺ
1842 1142 1870 1177 δ’
1890 1143 1946 1188 ε’μὲ
1963 1142 2070 1191 τούτῳ
2087 1144 2131 1188 μὴ
2151 1144 2256 1178 κάλει.

310 1189 397 1226 οὕτω
1288 1200 1345 1229 ΚΙ.
1392 1193 1419 1228 ὦ
1435 1193 1643 1241 γλυκύτατον
1661 1195 1886 1241 Μυρρινίδιον,
1906 1196 1939 1230 τί
1955 1198 2058 1230 ταῦτα
2075 1196 2155 1242 δρᾷς
2171 1208 2181 1236 ;

312 1245 416 1279 κεῖνος
434 1243 524 1288 ὑμῶν
541 1244 710 1290 ἀντεμίσει
1389 1246 1551 1290 κατάβηθι
1570 1247 1680 1293 δεῦρο.
1735 1252 1811 1282 ΜΥ.
1840 1247 1886 1291 μὰ
1904 1246 1960 1282 Δί’
1975 1247 2040 1294 ἐγὼ
2057 1248 2117 1292 μὲν
2134 1245 2249 1282 αῦτόσ’
2268 1248 2320 1282 οὔ.

310 1295 388 1331 τοὺς
404 1297 568 1342 πονηροὺς
585 1296 704 1343 ἄνδρας
722 1297 783 1336 ἀεὶ,
1286 1304 1344 1333 ΚΙ.
1391 1299 1471 1343 ἐμοῦ
1490 1300 1670 1335 καλοῦντος
1687 1299 1727 1333 οὐ
1744 1298 1939 1343 καταβήσει,
1956 1300 2130 1346 -Μυρρίνη;

310 1349 402 1382 ταῖσι
420 1348 456 1382 δὲ
473 1349 622 1394 γυναιξὶν
639 1348 678 1392 ἢν
696 1349 872 1395 φίλτατος.
1179 1353 1241 1383 820
1285 1356 1359 1385 MY.
1388 1350 1427 1384 οὗ
1443 1351 1509 1397 γὰρ
1528 1351 1681 1396 δεόμενος
1698 1351 1794 1386 οὐδὲν
1813 1351 1960 1387 ἐκκαλεῖς
1978 1351 2046 1397 ε’μέ.
2259 1356 2318 1396 875

209 1404 273 1434 ΓΥ.
309 1399 368 1444 τὴν
383 1399 508 1445 γνάθον
525 1399 644 1443 βούλει
662 1401 766 1441 θένω;
1287 1408 1344 1437 KI.
1390 1403 1456 1448 ἐγὼ
1474 1403 1512 1437 οὐ
1531 1403 1684 1449 δεόμενος
1699 1416 1708 1444 ;
1738 1403 2003 1450 ἐπιτετριμμένος
2019 1403 2080 1449 μὲν
2097 1402 2168 1439 οὖν.

208 1456 273 1486 ΓΕ.
310 1452 476 1496 μηδαμῶς·
505 1453 620 1487 ἔδεισά
635 1467 686 1499 γε.
1285 1460 1361 1489 ΜΥ.
1389 1454 1515 1500 ἄπειμι.

208 1508 272 1539 ΓΥ.
310 1504 399 1538 ἀλλὰ
418 1503 551 1550 κρούσω
569 1506 615 1552 τῷ
635 1505 776 1546 σκέλει;
1285 1512 1344 1542 ΚΙ.
1569 1508 1613 1553 μὴ
1632 1507 1715 1552 δῆτ’,
1734 1508 1825 1543 ἀλλὰ
1842 1511 1889 1556 τῷ
1904 1510 1987 1554 γοῦν
2002 1508 2134 1555 παιδίῳ,

208 1561 273 1590 ΓΕ.
302 1556 359 1590 τὸν
378 1557 563 1603 σάκανδρον
581 1557 746 1602 ἐκφανεῖς.
1389 1559 1593 1595 ὑπάκουσον·
1623 1560 1731 1600 οὗτος,
1751 1560 1790 1597 οὗ
1808 1562 1919 1596 καλεῖς
1937 1560 1995 1604 τὴν
2011 1561 2179 1605 μαμμίαν;

209 1612 273 1642 ΙῪ.
309 1607 386 1642 ἀλλ’
406 1607 492 1653 ὅμως
512 1608 551 1643 ἂν
569 1608 628 1643 οὐκ
645 1606 729 1645 ἴδοις
1177 1612 1238 1653 825
1285 1617 1359 1647 HA.
1388 1612 1529 1657 μαμμία,
1547 1613 1687 1657 μαμμία,
1706 1612 1845 1657 μαμμία.

310 1660 425 1706 καίπερ
444 1662 547 1704 οὔσης
563 1662 667 1707 γραὸς
684 1660 750 1696 ὅντ’
769 1659 827 1696 αὗ·
1286 1669 1344 1698 ΚΙ.
1390 1662 1484 1708 αὕτη,
1504 1664 1538 1699 τί
1553 1666 1718 1710 πάσχεις;
1748 1664 1815 1699 οὐδ’
1836 1665 1944 1700 ἐλεεῖς
1960 1665 1999 1699 τὸ
2017 1664 2148 1700 παιδίον
2257 1668 2320 1699 880

309 1713 367 1747 τὸν
385 1711 540 1757 κομήτην,
560 1712 638 1747 ἀλλ’
657 1713 783 1760 ἀπεψι-
1386 1717 1531 1751 ἄλουτον
1549 1716 1586 1751 ὂν
1604 1716 1749 1761 κᾶθηλον
1767 1716 1862 1761 ἕκτην
1879 1715 2025 1763 ἡμέραν;

307 1765 458 1809 λωμένον
473 1768 520 1812 τῷ
537 1763 664 1812 λύχνῳ.
1285 1773 1362 1802 ΜΥ.
1384 1767 1483 1815 ἔγωγ’
1501 1769 1589 1803 ε’λεῶ
1607 1768 1690 1813 δῆτ’·
1719 1769 1797 1803 ἀλλ’
1816 1768 1940 1813 ἀμελὴς
1957 1769 2044 1817 αὐτῷ
2061 1768 2170 1816 πατὴρ

208 1822 274 1852 AY.
308 1815 359 1851 ἰοὺ
378 1816 440 1856 ἶοὺ,
459 1819 620 1863 γυναῖκες,
639 1815 689 1852 ἵτε
707 1816 793 1864 δεῦρ’
814 1818 857 1854 ὡς
875 1817 931 1862 ἐμὲ
1386 1820 1492 1855 ἔστιν.
1547 1826 1605 1855 ΚΙ.
1635 1820 1810 1865 κατάβηθ’,
1830 1821 1856 1855 ὦ
1874 1821 2035 1865 δαιμονία,
2055 1824 2102 1869 τῷ
2119 1821 2252 1869 παιδίῳ.

308 1868 444 1914 ταχέως.
1176 1874 1238 1912 830
1284 1876 1360 1907 ΜΥ.
1388 1868 1460 1907 οἷον
1477 1873 1515 1906 τὸ
1533 1874 1648 1907 τεκεῖν·
1677 1873 1892 1911 καταβατέον.
1920 1873 1954 1907 τί
1969 1873 2035 1919 γὰρ
2052 1874 2148 1908 πάθω
2164 1886 2173 1914 ;

208 1927 271 1956 ΓΥ.
292 1927 332 1955 A.
542 1922 576 1956 τί
593 1920 620 1956 δ’
639 1923 753 1962 ἕστιν;
782 1921 854 1957 εἶπέ
869 1935 938 1966 μοι,
957 1921 1007 1957 τίς
1023 1918 1044 1965 ἡ
1061 1919 1127 1965 βοή
1143 1933 1152 1961 ;
1284 1929 1343 1958 ΚΙ.
1389 1924 1462 1969 ε’μοὶ
1478 1925 1544 1971 γὰρ
1561 1923 1643 1969 αὕτη
1662 1926 1714 1959 καὶ
1733 1925 1874 1972 νεωτέρα
1892 1925 1984 1960 δοκεῖ
2256 1929 2314 1969 885

208 1979 274 2008 AY.
308 1972 398 2019 ἄνδρ’
417 1973 520 2018 ἄνδρ’,
540 1977 607 2019 ὁρῶ
624 1976 810 2020 προσιόντα
827 1973 1158 2020 παραπεπληγμένον,
1385 1978 1506 2023 πολλῷ
1522 1977 1723 2023 γεγενῆσθαι
1742 1977 1969 2024 κάγανώτερον
1985 1977 2133 2019 βλέπειν·

306 2031 376 2065 τοῖς
393 2031 452 2073 τῆς
469 2027 672 2073 Ἀφροδίτης
690 2029 815 2074 ὀργίοις
833 2025 1040 2071 εἷλημμένον·
1389 2027 1436 2072 χᾶ
1454 2027 1665 2062 δυσκολαίνει
1682 2024 1766 2072 πρὸς
1784 2028 1839 2071 ἐμὲ
1858 2028 1911 2061 καὶ
1927 2027 2133 2074 βρενθύεται,
2478 2066 2486 2083 ι

310 2081 335 2115 ὧ
351 2081 480 2120 πότνια,
500 2079 636 2123 Κύπρου
655 2080 708 2115 καὶ
726 2077 886 2125 Κυθήρων
903 2078 956 2112 καὶ
974 2076 1098 2121 Πάφου
1389 2079 1479 2114 ταῦτ’
1499 2079 1581 2114 αὐτὰ
1599 2077 1638 2122 δή
1656 2077 1728 2112 ’σθ’
1746 2078 1768 2112 ἃ
1785 2078 1858 2123 κᾶμ’
1878 2079 2040 2125 ἐπιτρίβει
2057 2082 2103 2126 τῷ
2121 2078 2227 2125 πόθῳ.

310 2132 477 2178 μεδέουσ’,
495 2131 544 2167 ἴθ’
564 2131 666 2178 ὀρθὴν
682 2131 785 2177 ἤνπερ
803 2131 894 2176 ἔρχει
911 2128 970 2173 τὴν
988 2127 1077 2176 (336⁹-
1288 2136 1364 2167 MY.
1392 2129 1418 2165 ὦ
1433 2130 1640 2178 γλυκύτατον
1658 2130 1703 2165 σὺ
1720 2130 1881 2165 τεκνίδιον
1898 2133 1997 2165 κακοῦ
2014 2132 2150 2176 πατρὸς,

208 2192 272 2222 ΓΥ.
292 2192 333 2221 Α.
362 2188 427 2221 ποῦ
445 2184 473 2220 δ’
493 2185 597 2225 ἐστὶν,
616 2183 712 2220 ὅστις
730 2182 805 2218 ἐστι’
818 2194 828 2223 ;
1177 2181 1236 2220 835
1390 2183 1475 2230 φέρε
1493 2197 1535 2218 σε
1552 2181 1692 2228 φιλήσω
1709 2181 1916 2227 γλυκύτατον
1932 2186 1973 2227 τῇ
1989 2183 2128 2228 μαμμίᾳ.
2252 2187 2317 2227 890

208 2244 275 2274 ΛΥ.
826 2233 917 2280 παρὰ
933 2233 971 2268 τὸ
989 2232 1046 2276 τῆς
1063 2230 1185 2274 Χλόης·
1288 2241 1348 2271 ΚΙ.
1392 2235 1436 2276 τί,
1457 2235 1482 2269 ὦ
1499 2235 1638 2280 πονηρὰ,
1657 2237 1760 2269 ταῦτα
1775 2237 1881 2270 ποιεῖς
1896 2233 2052 2280 χάτέραις
2294 2259 2297 2261 -

208 2297 272 2327 ΓΥ.
294 2297 336 2326 Α.
365 2291 390 2325 ὢ
409 2291 446 2336 νὴ
466 2289 520 2325 Δί’
540 2289 614 2325 ε’στὶ
632 2289 726 2334 δῆτα.
754 2287 805 2323 τίς
818 2285 936 2322 κάστίν
952 2299 1034 2320 ποτε
1049 2296 1058 2324 ;
1391 2287 1499 2323 πείθει
1515 2287 1657 2334 γυναιξὶ,
1677 2286 1759 2331 κάμέ
1775 2285 1803 2320 τ’
1822 2286 1986 2331 ἄχθεσθαι
2004 2289 2109 2323 ποιεῖς

209 2350 276 2379 ΛΥ.
312 2345 421 2391 ὁρᾶτε·
449 2343 629 2390 γιγνώσκει
642 2355 692 2377 τις
709 2340 800 2386 ὑμῶν
814 2352 824 2380 ;
1390 2338 1471 2384 αὐτή
1489 2353 1526 2374 τε
1540 2340 1642 2374 λυπεῖ
1652 2350 1662 2379 3
1727 2343 1802 2373 MY.
1830 2338 1874 2383 μὴ
1892 2340 2043 2384 πρόσαγε
2060 2339 2119 2383 τὴν
2135 2339 2230 2385 χεῖρά
2246 2353 2315 2383 μοι.

210 2402 285 2431 ΜΥ.
853 2390 890 2435 νὴ
911 2390 984 2429 Δία,
1293 2397 1351 2428 ΚΙ.
1396 2392 1438 2426 τὰ
1455 2391 1483 2426 δ’
1502 2391 1597 2426 ἔνδον
1613 2390 1693 2425 ὄντα
1709 2390 1796 2435 τάμὰ
1809 2391 1862 2425 καὶ
1881 2391 1927 2424 σὰ
1943 2390 2096 2436 χρήματα

292 2448 429 2498 Δὲγωγε·
460 2447 578 2482 κάστὶν
595 2446 696 2491 οὑμὸς
713 2444 794 2490 ἀνὴρ
813 2442 985 2487 Κινησίας.
1392 2446 1507 2490 χεῖρον
1523 2442 1682 2487 διατίθης.
1772 2447 1847 2477 ΜΥ.
1877 2442 1994 2488 ὀλίγον
2010 2443 2117 2478 αὐτῶν
2132 2457 2190 2488 μοι
2206 2443 2316 2489 μέλει.

212 2523 221 2536 .
238 2506 278 2536 Υ.
312 2501 375 2535 σὸν
392 2500 491 2546 ἔργον
507 2500 569 2544 ἤδη
588 2501 708 2534 τοῦτον
724 2497 829 2532 ὀπτᾶν
846 2495 900 2530 καὶ
918 2492 1090 2539 στρέφειν,
1290 2503 1348 2533 ΚΙ.
1394 2497 1510 2542 ὀλίγον
1526 2495 1628 2540 μέλει
1646 2508 1703 2530 σοι
1720 2495 1779 2539 τῆς
1796 2496 1913 2541 κρόκης
1930 2495 2138 2541 φορουμένης
2256 2501 2319 2541 890

315 2549 604 2598 κάξηπεροπεύειν,
625 2549 678 2583 καὶ
695 2549 811 2594 φιλεῖν
828 2547 881 2581 καὶ
898 2546 941 2592 μὴ
961 2547 1086 2592 φιλεῖν,
1182 2547 1244 2586 840
1392 2549 1456 2584 ὑπὸ
1473 2551 1538 2583 τῶν
1555 2547 1802 2593 ἀλεκτρυόνωνς
1857 2551 1932 2581 ΜΥ.
1961 2548 2072 2593 ἔμοιγε
2090 2548 2127 2592 νὴ
2146 2548 2222 2583 Δία.

313 2605 365 2639 καὶ
382 2603 481 2639 πάνθ’
500 2603 636 2648 ὑπέχειν
652 2601 741 2645 πλὴν
759 2600 804 2635 ὧν
822 2599 975 2635 σύνοιδεν
991 2597 1011 2642 ἡ
1030 2595 1140 2640 κύλιξ.
1291 2607 1349 2636 KI,
1394 2602 1436 2635 τὰ
1453 2602 1511 2645 τῆς
1527 2599 1731 2646 Ἀφροδίτης
1749 2598 1806 2645 ἱέρ’
1825 2598 2028 2645 ἀνοργίαστά
2046 2614 2103 2633 σοι

214 2662 286 2692 ΜΥ.
313 2656 443 2701 ἀμέλει,
462 2653 593 2697 ποιήσω
611 2653 700 2688 ταῦτ’
721 2653 797 2699 ε’γώ.
1391 2654 1514 2699 χρόνον
1531 2654 1694 2686 τοσοῦτόν
1711 2652 1816 2685 ἐστιν.
1845 2651 1884 2684 οὗ
1901 2652 2012 2692 βαδιεῖ
2027 2652 2150 2691 πόλιν;

214 2714 281 2744 ΛΥ,
847 2704 900 2738 καὶ
917 2703 980 2748 μὴν
998 2703 1063 2749 ἐγὼ
1291 2711 1367 2741 ΜΥ.
1392 2706 1438 2750 μὰ
1456 2705 1512 2739 Δί’
1530 2704 1589 2738 οὐκ
1606 2702 1718 2750 ἔγωγ’,
1736 2701 1776 2747 ἢν
1792 2702 1836 2747 μὴ
1855 2702 2080 2748 διαλλαχθῆτέ
2096 2718 2137 2750 γε
2256 2717 2319 2749 900

316 2757 598 2805 συνηπεροπεύσω
615 2757 853 2804 παραμένουσά
869 2755 901 2802 γ’
920 2755 1043 2794 ἐνθαδὶ,
1394 2758 1447 2792 καὶ
1464 2759 1523 2791 τοῦ
1540 2755 1690 2800 πολέμου
1707 2753 1897 2798 παύσησθε.

319 2813 370 2846 καὶ
389 2810 608 2855 ξυσταθεύσω
626 2812 755 2845 τοῦτον.
783 2807 861 2843 ἀλλ’
881 2807 1061 2843 ἀπέλθετε.
1293 2816 1349 2846 ΚΙ.
1969 2807 2096 2853 τοιγὰρ,
2115 2806 2155 2852 ἣν
2172 2807 2262 2852 δοκῇ,

218 2870 274 2900 KI.
316 2862 404 2907 οἴμοι
422 2863 637 2907 κακοδαίμων,
657 2859 727 2897 οἶος
745 2863 763 2896 ὁ
782 2861 942 2905 σπασμός
958 2857 992 2904 μ’
1010 2860 1080 2904 ἔχει
1187 2861 1246 2899 845
1393 2859 1576 2906 ποιήσομεν
1593 2860 1646 2895 καὶ
1663 2861 1777 2894 ταῦτα.

317 2916 367 2961 χῶ
385 2915 518 2950 τέτανος
536 2915 651 2959 ὥσπερ
670 2914 725 2949 ε’πὶ
741 2915 867 2959 τροχοῦ
886 2909 1169 2958 στρεβλούμενον.
1293 2919 1368 2949 ΜΥ,
1835 2911 1962 2957 τοιγὰρ,
1980 2910 2020 2955 ἢν
2037 2911 2127 2955 δοκῇ,

220 2974 285 3003 ΛΥ.
315 2968 364 3003 Τίς
382 2966 478 3003 Οὗτος
495 2966 610 3002 οὑντὸς
628 2969 693 3000 Τὣν
710 2966 872 3010 φυλάκων
890 2965 1018 3004 ἑστῶς;
1082 2967 1140 2996 ΚῙ.
1170 2961 1247 3007 ἐγώ.
1394 2964 1514 3012 κᾶγωγ’
1533 2963 1641 3009 ἄπειμ’
1661 2964 1780 2999 ἐκεῖσε·
1811 2965 1868 2998 νῦν
1885 2961 1915 2997 δ’
1935 2963 2150 3007 ἀπομώμοκα,

220 3026 284 3055 ΑΥ.
318 3018 398 3066 ἀνήρ
413 3032 422 3059 ;
529 3023 587 3052 ΚΙ.
615 3017 696 3063 ἀνὴρ
714 3016 799 3061 δῆτ’.
1102 3052 1107 3059 ,
1293 3024 1350 3053 ΚΙ.
1398 3017 1443 3052 σὺ
1461 3017 1488 3051 δ’
1507 3017 1598 3052 ἀλλὰ
1616 3015 1827 3059 κατακλίνηθι
1844 3014 1914 3059 μετ’
1932 3015 2012 3060 ε’μοῦ
2030 3015 2084 3049 διὰ
2100 3017 2235 3061 χρόνου.

219 3078 287 3107 AY.
820 3069 879 3102 οὐκ
897 3068 972 3103 ἅπει
991 3066 1059 3111 δῆτ’
1080 3065 1248 3103 ἕκποδῶνῐ
1293 3075 1366 3104 ΜΥ.
1392 3070 1431 3104 οὐ
1449 3070 1542 3113 δῆτα·
1572 3069 1677 3103 καίτοι
1696 3067 1729 3102 σ’
1748 3068 1807 3102 οὐκ
1825 3067 1888 3113 ε’ρῶ
1904 3066 1936 3113 γ’
1956 3067 1999 3102 ὡς
2016 3067 2055 3101 οὐ
2073 3068 2179 3112 φιλῶ.
2208 3076 2212 3081 “
2258 3080 2318 3111 905

219 3129 276 3159 ΚΙ.
317 3122 361 3158 σὺ
379 3122 407 3158 δ’
427 3119 460 3156 εἷ
473 3122 522 3157 τίς
540 3120 559 3164 ἡ
576 3120 790 3163 ’κβάλλουσά
806 3120 839 3164 μ’
854 3133 862 3160 ;
918 3125 985 3154 ΛΥ.
1006 3118 1250 3165 ἡμεροσκόπος.
1293 3127 1350 3156 ΚΙ.
1397 3122 1510 3166 φιλεῖς
1525 3134 1534 3161 ;
1563 3120 1596 3155 τί
1613 3119 1671 3155 οὖν
1689 3120 1728 3154 οὗ
1746 3119 1947 3162 κατεκλίνης,
1967 3118 1993 3152 ὦ
2011 3117 2183 3165 Μύρριονς

186 3170 190 3174 ”
224 3181 277 3210 KI.
315 3176 399 3220 πρὸς
416 3177 481 3208 τῶν
499 3173 582 3207 θεῶν
600 3186 656 3207 νυν
674 3172 857 3207 ἐκκάλεσόν
873 3186 930 3217 μοι
950 3171 1129 3217 Μυρρίνην·
1190 3174 1252 3214 850
1293 3179 1367 3208 ΜΥ.
1394 3172 1421 3207 ὦ
1439 3172 1675 3219 καταγέλαστ’,
1696 3171 1846 3206 ἐναντίον
1863 3173 1922 3205 τοῦ
1939 3170 2095 3210 παιδίου,

222 3232 290 3263 ΛΥ.
324 3226 407 3266 ἰδοὺ,
427 3225 561 3260 καλέσω
578 3224 638 3268 τὴν
655 3223 826 3269 Μυρρίνην
845 3238 902 3258 σοι
916 3236 925 3264 ;
955 3223 1000 3258 σὺ
1018 3223 1055 3257 δὲ
1072 3223 1122 3258 τίς
1139 3217 1192 3262 εἷ;
1293 3231 1350 3260 ΚΙ.
1395 3225 1442 3269 μὰ
1459 3223 1528 3264 Δί’,
1548 3224 1638 3258 ἀλλὰ
1654 3225 1754 3258 τοῦτό
1769 3222 1802 3266 γ’
1821 3221 1936 3262 οἴκαδ’,
1956 3222 1982 3256 ὦ
2000 3223 2108 3266 Μανῆ,
2126 3222 2223 3269 φέρε.

223 3285 281 3314 ΚΙ.
327 3278 408 3325 ἀνὴρ
427 3277 560 3320 ἐκείνης,
581 3276 758 3318 Παιονίδης
776 3276 947 3319 Κινησίας.
1394 3275 1478 3316 ἰδοὺ,
1497 3277 1536 3310 τὸ
1553 3276 1613 3320 μέν
1631 3290 1688 3310 σοι
1704 3275 1837 3310 παιδίον
1854 3275 1906 3309 καὶ
1924 3275 1963 3319 δὴ
1981 3273 2134 3310 ’κποδών·

221 3336 289 3366 ΛΥ.
326 3329 352 3365 ὦ
369 3332 466 3376 χαῖρε
482 3326 632 3374 φίλτατ’·
660 3327 699 3361 οὐ
717 3327 782 3372 γὰρ
801 3326 917 3362 ἀκλεὲς
935 3329 1078 3372 τοῦνομα
1395 3327 1439 3362 σὺ
1457 3327 1486 3362 δ’
1505 3327 1544 3362 οὗ
1562 3327 1747 3362 κατακλίνει
1761 3339 1771 3368 3
2257 3339 2321 3372 910

330 3383 364 3417 τὸ
383 3383 446 3417 σὸν
463 3379 539 3426 παρ’
558 3378 634 3423 ἡμῖν
652 3379 746 3413 ἐστιν
763 3376 832 3413 οὐδ’
850 3378 1030 3423 ἀνώνυμον.
1293 3385 1367 3415 MY.
1833 3381 1899 3414 ποῦ
1915 3379 1980 3426 γὰρ
1997 3378 2038 3413 ἅν
2053 3391 2103 3414 τις
2119 3378 2184 3418 καὶ,
2203 3379 2318 3422 τάλαν,

325 3434 376 3468 ἀεὶ
392 3434 458 3480 γὰρ
475 3431 495 3476 ἡ
512 3430 594 3479 γυνή
613 3429 647 3466 σ’
666 3431 736 3475 ἔχει
754 3430 808 3464 διὰ
826 3432 946 3474 στόμα.
1191 3434 1249 3472 855
1394 3432 1529 3477 δράσειε
1546 3430 1641 3465 τοῦθ’
1657 3443 1667 3471 ;
1739 3436 1796 3466 ΚΙ.
1826 3430 1911 3465 ὅπου
1929 3431 1967 3464 τὸ
1985 3431 2045 3464 τοῦ
2061 3430 2183 3470 Πανὸς,
2202 3431 2316 3466 καλόν.

326 3486 386 3520 κᾶν
403 3484 468 3532 ᾠὸν
484 3483 504 3528 ἢ
522 3485 630 3528 μῆλον
645 3483 751 3527 λάβῃ,
770 3482 913 3526 Κινησίᾳ
1293 3489 1368 3519 ΜΥ.
1394 3483 1447 3517 καὶ
1463 3485 1533 3518 πῶς
1550 3482 1601 3517 ἔθ’
1619 3482 1701 3529 ἁγνὴ
1717 3482 1786 3527 δῆτ’
1805 3482 1845 3517 ἂν
1861 3480 1993 3526 ἔλθοιμ’
2011 3482 2046 3517 εἷς
2061 3482 2184 3521 πόλιν;

327 3537 419 3571 τουτὶ
435 3535 577 3583 γένοιτο,
596 3533 717 3580 φησίν.
800 3538 859 3567 ΚΙ.
888 3533 914 3567 ὣ
931 3535 1014 3579 πρὸς
1032 3537 1097 3569 τῶν
1115 3533 1208 3568 θεῶν.
1293 3541 1350 3571 ΚΙ.
1395 3535 1563 3569 κάλλιστα
1580 3533 1697 3578 δήπου,
1715 3534 1907 3578 λουσαμένη
1925 3534 1965 3578 τῇ
1983 3531 2179 3579 Κλεψύδρᾳ.

227 3594 296 3625 ΛΥ.
329 3588 367 3634 νὴ
385 3588 444 3633 τὴν
460 3586 676 3634 Ἀφροδίτην·
705 3585 765 3620 κᾶν
781 3585 857 3631 περὶ
875 3585 1002 3631 ἀνδρῶν
1018 3583 1050 3631 γ’
1069 3585 1197 3631 ἐμπέσῃ
1271 3608 1276 3615 ·
1293 3592 1369 3623 MY.
1394 3584 1493 3621 ἔπειτ’
1511 3585 1669 3629 ὀμόσασα
1686 3585 1754 3629 δῆτ’
1774 3584 1974 3631 ἐπιορκήσω,
1993 3585 2121 3625 τάλαν;
