2488 3860
0 126 10 171 1*ae
0 3 10 103 v--uz-

880 261 1211 302 ΕΤΡῙΠῙΔΟΎ
1258 258 1554 300 ΙΚΕΤΙΔΕΣ.

258 368 292 403 τί
308 368 420 408 ταῦτα,
437 368 561 413 μῆτερ,·
589 367 652 402 σὸν
669 367 708 401 τὸ
724 366 857 411 μηνύειν
875 367 958 412 ἐμοὶ,

259 419 350 465 ἡμῶν
367 418 397 454 δ’
416 417 556 453 ἀκούειν·
583 419 762 465 προσδοκῶ
779 434 812 454 τι
829 420 894 465 γὰρ
913 419 996 454 νέον.

260 471 286 506 ὦ
302 474 374 511 παῖ,
391 473 544 518 γυναῖκες
560 469 632 506 αἵδε
649 473 787 517 μητέρες
807 471 938 511 τέκνων,

257 527 324 558 τῶν
340 523 566 558 κατθανόντων
582 524 671 568 ἀμφὶ
689 524 854 567 Καδμείας
869 522 978 558 πύλας

259 577 343 612 ἔπτὰ
360 578 564 622 στρατηγῶν.
603 576 741 611 ἱκεσίοις
758 576 794 610 δὲ
813 575 878 610 σὺν
895 576 1029 611 κλάδοις

258 628 450 674 φρουροῦσί
465 624 511 671 μ’,
531 627 575 663 ὦς
593 627 758 674 δέδορκας,
779 627 814 662 ἐν
831 627 955 675 κύκλῳ,
974 628 1097 663 τέκνον.

157 686 231 716 ΘΗ.
258 680 309 716 τίς
326 680 355 715 δ’
374 682 393 714 ὁ
412 681 577 722 στενάζων
594 680 726 726 οἰκτρὸν
743 680 779 714 ἐν
795 679 917 715 πύλαις
934 679 1012 720 ὅδε,·

155 739 211 768 ΑΙ.
250 731 451 779 ΙἌδραστος,
470 733 514 768 ὡς
530 731 702 779 λέγουσιν,
720 728 882 778 Ἀργείων
898 731 990 775 ἅναξ.

156 791 231 820 ΘΗ.
259 786 293 820 οἱ
308 784 339 820 δ’
357 785 447 830 ἀμφὶ
463 784 559 818 τόνδε
575 785 690 820 παῖδες
707 782 727 828 ἦ
745 783 864 819 τούτου
881 783 998 824 τέκνα,-

155 843 214 872 ΑῙ.
259 837 328 878 οὒκ,
347 838 438 872 ἀλλὰ
456 840 579 882 νεκρῶν
595 841 661 871 τῶν
677 836 860 871 ὀλωλότων
876 838 981 882 κόροι.

156 895 230 925 ΘΗ.
258 891 292 924 τί
307 890 372 936 γὰρ
389 891 474 935 πρὸς
491 889 575 933 ἡμᾶς
591 887 700 932 ἦλθον
718 889 828 934 ἱκεσίᾳ
844 888 922 934 χερί
933 903 943 928 ,-

155 948 213 977 AI.
260 939 333 977 οἷδ’·
360 943 451 976 ἀλλὰ
467 942 571 976 τῶνδε
587 940 691 986 μῦθος
708 940 891 982 οὑντεῦθεν,
910 940 1031 975 τέκνον.

156 999 230 1029 ΘΗ.
259 994 301 1029 σὲ
318 994 376 1028 τὸν
393 993 514 1039 κατήρη
532 994 718 1038 χλανιδίοις
735 993 912 1039 ἀνιστορῶ.

257 1044 334 1092 λέγ’
354 1045 547 1091 ἐκκαλύψας
565 1047 669 1091 κρᾶτα
686 1047 739 1080 καὶ
756 1045 859 1091 πάρες
875 1046 966 1091 γόον·

257 1098 359 1144 πέρας
375 1099 441 1144 γὰρ
459 1098 556 1132 οὐδὲν
571 1097 616 1141 μὴ
635 1098 690 1132 διὰ
706 1098 871 1143 γλώσσης
889 1097 948 1132 ἷόν.

256 1150 282 1185 ὦ
300 1147 469 1184 καλλίνικε
485 1151 547 1196 γῆς
566 1148 748 1194 Ἀθηναίων
765 1149 859 1192 ἅναξ,

259 1205 383 1247 Θησεῦ,
403 1204 466 1238 σὸς
484 1203 590 1246 ἱκέτης
608 1203 661 1236 καὶ
679 1203 809 1240 πόλεως
826 1201 895 1246 ἥκω
914 1200 1023 1236 σέθεν.

257 1255 291 1290 τί
307 1256 421 1301 χρῆμα
438 1254 557 1300 θηρῶν,
577 1255 630 1288 καὶ
647 1254 736 1289 τίνος
752 1253 870 1299 χρείαν
886 1254 995 1299 ἔχωνς

255 1303 344 1342 οἷσθ’
365 1305 405 1350 ἣν
422 1306 600 1352 στρατείαν
618 1306 814 1352 ἐστράτευσ’
833 1305 991 1352 ὀλεθρίαν

258 1360 298 1393 οὗ
314 1360 380 1405 γάρ
397 1373 430 1393 τι
448 1361 528 1404 σιγῇ
548 1358 747 1404 διεπέρασας
763 1357 924 1393 Ἐλλάδα.

255 1409 384 1446 ἐνταῦθ’
404 1409 556 1446 ἀπώλεσ’
575 1411 696 1456 ἄνδρας
713 1410 875 1456 Ἀργείων
891 1411 1019 1456 ἄκρους.

261 1461 388 1498 τοιαῦθ’
408 1465 427 1497 ὁ
444 1462 580 1507 τλήμων
595 1463 743 1507 πόλεμος
760 1463 980 1509 ἐξεργάζεται.

259 1515 396 1551 τούτους
413 1515 570 1551 θανόντας
587 1513 693 1558 ἦλθον
710 1514 848 1557 ἐξαιτῶν
864 1516 973 1551 πόλιν.

259 1567 394 1614 κήρυξιν
410 1567 535 1613 Ἑρμοῦ
551 1568 702 1609 πίσυνος,
723 1567 767 1603 ὣς
785 1567 900 1613 θάψῃς
918 1565 1051 1614 νεκρούς
1061 1581 1072 1608 ;

257 1620 394 1655 κᾶπειτά
410 1619 443 1665 γ’
462 1621 494 1654 οἱ
512 1621 682 1655 κτανόντες
699 1620 759 1654 οὐκ
777 1619 860 1654 ε’ὣσί
875 1634 926 1665 με.

258 1672 292 1706 τί
308 1672 374 1718 γὰρ
391 1671 563 1717 λέγουσιν,
583 1670 663 1706 ὅσια
679 1671 860 1718 χρῄζοντος
878 1671 1000 1712 σέθεν,·

256 1725 289 1758 τί
307 1723 362 1763 δ’,·
389 1724 604 1768 εὐτυχοῦντες
622 1724 681 1758 οὐκ
699 1724 892 1759 ἐπίστανται
910 1723 1037 1770 φέρειν.

260 1775 454 1821 ξύμβουλον
471 1774 529 1810 οὖν
545 1775 579 1820 μ’
598 1775 742 1820 ἐπῆλθες
752 1791 764 1816 ‚·
789 1774 809 1820 ἢ
827 1776 916 1812 τίνος
931 1777 1052 1822 χάρινς

256 1828 393 1872 κομίσαι
411 1842 464 1867 σε,
485 1830 609 1871 Θησεῦ,
629 1828 749 1864 παῖδας
767 1826 929 1875 Ἀργείων
947 1828 1072 1863 θέλων.

255 1882 294 1915 τὸ
312 1880 341 1914 δ’
355 1879 480 1926 Ἀργος
497 1880 573 1924 ὑμῖν
588 1883 654 1915 ποῦ
674 1877 763 1915 ’στιν
773 1896 784 1920 ,·
811 1879 830 1924 ἢ
850 1882 969 1926 κόμποι
986 1882 1112 1926 μάτην,·

258 1932 447 1977 σφαλέντες
465 1931 659 1977 οἰχόμεσθα.
695 1934 779 1979 πρὸς
798 1933 838 1967 σέ
857 1933 884 1967 δ’
904 1933 1033 1978 ἥκομεν.

265 1984 332 2030 ἰδίᾳ
350 1984 495 2028 δοκῆσάν
513 1998 570 2019 σοι
587 1984 655 2019 τόδ’
673 1983 693 2028 ἢ
710 1986 804 2029 πάσῃ
821 1987 943 2025 πόλεις

254 2038 375 2072 πάντες
392 2035 427 2071 σ’
447 2037 609 2070 ἱκνοῦνται
628 2033 786 2071 Δαναΐδαι
804 2037 915 2083 θάψαι
933 2036 1076 2084 νεκρούς.

260 2089 296 2123 ἐκ
313 2092 372 2124 τοῦ
390 2089 419 2123 δ’
439 2088 588 2126 ἐλαύνεις
606 2090 688 2124 ἔπτὰ
705 2091 789 2135 πρὸς
808 2088 923 2133 Θήβας
939 2091 1086 2135 λόχους;

255 2142 410 2177 δισσοῖσι
426 2143 591 2188 γαμβροῖς
608 2140 705 2185 τήνδε
721 2140 899 2188 πορσύνων
914 2144 1022 2188 χάριν.

261 2194 309 2241 τῴ
326 2193 357 2228 δ’
377 2193 539 2236 ἐξέδωκας
555 2195 675 2229 παῖδας
690 2193 851 2239 Ἀργείων
868 2194 988 2235 σέθενς

256 2247 315 2280 οὐκ
333 2246 450 2292 ἐγγενῆ
469 2245 605 2291 ξυνῆψα
623 2246 754 2289 κηδείαν
771 2246 894 2291 δόμοις.

260 2298 351 2332 ἀλλὰ
369 2298 475 2341 ξένοις
492 2298 615 2333 ἔδωκας
632 2299 783 2344 Ἀργείας
801 2301 919 2345 κόρας,-

255 2350 355 2394 Τυδῆι
373 2350 567 2391 Πολυνείκει
584 2365 622 2384 τε
638 2354 684 2397 τῷ
703 2351 899 2397 Θηβαγενεῖ.

264 2401 324 2437 τίν’
344 2402 391 2439 είς
408 2403 514 2448 ἔρωτα
530 2403 635 2446 τῆσδε
652 2402 782 2446 κηδείας
797 2404 932 2447 μολών,-

256 2454 384 2496 Φοίβου
400 2453 436 2499 μ’
455 2454 584 2499 ὑπῆλθε
602 2452 810 2490 δυστόπαστ’
830 2455 1016 2501 αἰνίγματα.

330 2504 450 2519 “9‘’

158 477 214 508 Al.

155 1156 226 1186 ΑΔ.

156 1261 230 1291 GH.

155 1313 226 1342 ΑΔ.

155 1365 230 1394 ΘΗ.

156 1417 225 1446 ΑΔ.

158 1469 234 1498 ΘΗ.

156 1522 228 1551 ΑΔ.

156 1573 231 1603 ΘΗ.

154 1627 227 1656 ΑΔ.

156 1678 231 1707 ΘΗ.

155 1731 228 1761 ΑΔ.

156 1783 232 1812 ΘΗ.

157 1834 227 1863 ΑΔ.

156 1886 230 1916 ΘΗ.

158 1939 233 1968 ΑΔ.

162 1990 236 2020 ΘΗ.

157 2043 228 2073 ΑΔ.

157 2095 231 2124 ΘΗ.

157 2147 227 2176 ΑΔ.

157 2200 235 2229 ΘΗ.

157 2252 228 2282 ΑΔ.

157 2304 232 2333 ΘΗ.

158 2357 227 2386 ΑΔ.

159 2408 236 2438 GH.

156 2461 226 2491 ΑΔ.

156 2513 232 2542 ΘΗ.
259 2506 293 2541 τί

155 2565 226 2594 ΑΔ.
255 2559 368 2605 κάπρῳ
385 2573 427 2603 με
445 2559 556 2593 δοῦναι
574 2559 627 2593 καὶ
644 2560 755 2593 λέοντι
771 2558 863 2594 παῖδ’
883 2559 959 2604 ἐμώ.

156 2617 232 2646 ΘΗ.
262 2610 307 2645 σὺ
324 2610 352 2644 δ’
372 2610 560 2653 ἐξελίσσεις
577 2614 648 2646 πῶς
666 2610 743 2645 θεοῦ
761 2611 998 2655 θεσπίσματα,·

155 2669 228 2698 ΑΔ.
258 2662 394 2697 ἐλθόντε
411 2663 543 2708 φυγάδε
560 2663 674 2698 νυκτὸς
692 2663 739 2698 εἷς
756 2664 836 2707 ε’μὰς
852 2662 970 2705 πύλας,

156 2721 231 2750 ΘΗ.
258 2714 308 2750 τίς
326 2715 379 2748 καὶ
397 2716 447 2750 τίς
465 2715 546 2750 εἶπέ·
575 2712 634 2749 δύο
651 2715 716 2761 γὰρ
737 2715 878 2760 ἐξαυδᾷς
895 2715 971 2759 ἅμα.

156 2773 228 2803 ΑΔ.
256 2766 379 2802 Τυδεὺς
394 2768 504 2811 μάχην
522 2767 654 2812 ξυνῆψε
671 2767 874 2811 Πολυνείκης
892 2765 924 2801 θ’
944 2767 1022 2812 ἅμα.

156 2825 234 2855 ΘΗ.
262 2817 282 2863 ἦ
299 2818 407 2853 τοῖσδ’
427 2820 550 2854 ἔδωκας
568 2818 688 2864 θηρσὶν
705 2819 748 2854 ὣς
766 2820 865 2864 κόρας
882 2818 981 2854 σέθεν
991 2835 1002 2859 ;

156 2877 226 2906 ΑΔ.
253 2872 344 2915 μάχῃ
362 2885 403 2916 γε
421 2871 556 2906 δισσοῖν
573 2871 756 2905 κνωδάλοιν
773 2870 966 2906 ἀπεικάσας.

155 2928 230 2958 ΘΗ.
257 2922 363 2966 ἦλθον
379 2922 415 2957 δέ
433 2923 473 2967 δὴ
490 2926 562 2958 πῶς
577 2923 735 2968 πατρίδος
753 2922 919 2956 ἐκλιπόνθ’
938 2924 1056 2968 ὅρους;

155 2982 227 3010 ΑΔ.
255 2973 376 3010 Τυδεὺς
392 2975 453 3019 μὲν
469 2971 551 3018 αἷμα
569 2975 729 3020 συγγενὲς
746 2973 883 3019 φεύγων
897 2973 1029 3019 χθονός.

155 3033 230 3062 ΘΗ.
258 3028 277 3061 ὁ
295 3026 323 3061 δ’
344 3027 483 3062 Οἰδίπου
499 3029 577 3062 παῖς
594 3026 658 3060 τίνι
675 3028 787 3073 τρόπῳ
807 3025 922 3069 Θήβας
938 3028 1047 3061 λιπών
1057 3042 1068 3067 ;

154 3085 224 3114 ΑΔ.
253 3078 347 3125 ἀραῖς
362 3078 540 3126 πατρῴαις,
559 3078 604 3122 μὴ
622 3078 822 3125 κασίγνητον
838 3078 961 3112 κτάνοι.

155 3136 230 3166 ΘΗ.
259 3129 374 3176 σοφήν
389 3130 422 3176 γ’
440 3130 563 3173 ἔλεξας
580 3129 640 3173 τήν
655 3127 690 3176 γ’
711 3129 865 3164 ἑκούσιον
881 3130 1004 3176 φυγήν.

153 3188 226 3218 ΑΔ.
255 3182 334 3217 ἀλλ’
353 3183 385 3216 οἱ
402 3182 554 3227 μένοντες
571 3182 648 3217 τοὺς
665 3183 807 3217 ἀπόντας
823 3179 965 3226 ἠδίκουν.

154 3240 230 3270 ΘΗ.
257 3233 278 3278 ἢ
295 3233 361 3270 πού
380 3232 446 3279 σφ’
465 3234 615 3278 ἀδελφὸς
630 3235 809 3280 χρημάτων
826 3231 1044 3278 νοσφίζεται,·

153 3292 223 3321 ΑΔ.
250 3285 340 3321 ταῦτ’
359 3286 534 3329 ἐκδικάζων
550 3284 666 3328 ἦλθον,
685 3283 745 3320 εἶτ’
763 3285 956 3330 ἀπωλόμην.

153 3343 228 3373 ΘΗ.
255 3339 387 3383 μάντεις
404 3336 435 3372 δ’
455 3337 598 3383 ἐπῆλθες
615 3337 768 3383 ἐμπύρων
784 3335 815 3371 τ’
834 3334 918 3374 εἶδες
935 3338 1074 3384 φλόγα,-

153 3394 227 3425 ΔΔ.
255 3388 354 3435 οἶμοι·
381 3390 508 3426 διώκεις
523 3387 559 3434 μ’
579 3386 602 3433 ᾗ
617 3389 755 3434 μάλιστ’
775 3388 840 3434 ε’γῶ
856 3389 1020 3436 ’σφάλην.

155 3447 231 3477 θΗ.
258 3442 317 3477 οὐκ
333 3439 445 3486 ἦλθες,
465 3443 509 3478 ὣς
526 3443 640 3483 ἔοικεν,
660 3440 769 3486 εὐνοίᾳ
787 3440 882 3477 θεῶν.

154 3499 226 3529 ΛΔ.
254 3494 294 3528 τὸ
311 3494 348 3529 δὲ
364 3493 480 3534 πλέον,
499 3492 604 3537 ἦλθον
622 3493 816 3538 Ἀμφιάρεώ
833 3507 875 3539 γε
890 3494 975 3541 πρὸς
991 3494 1079 3536 βίαν.

156 3549 231 3581 ΘΗ.
258 3543 344 3581 οὕτω
360 3547 400 3582 τὸ
418 3545 508 3581 θεῖον
522 3544 644 3591 ῥᾳδίως
660 3545 891 3591 ἀπεστράφης·

358 2521 412 2541 ειπ
452 2507 630 2547 Απόλλων,
647 2506 823 2553 παρθένοις
841 2507 979 2553 κραίνων
995 2509 1120 2555 γάμον,·

1136 485 1193 506 ΙΟΟ

1135 743 1190 774 105

1135 1005 1193 1026 110

1135 1267 1191 1298 ¹¹5

1135 1529 1193 1550 120

1138 1789 1218 1838 125¹

1135 2053 1191 2082 ¹30

1137 2312 1191 2343 135

1136 2574 1194 2604 ¹40

1136 2834 1189 2864 ¹⁴5

1133 3093 1190 3124 150

1132 3351 1186 3383 Ι55

1238 370 1308 400 ΑΔ.
1339 364 1418 399 νέων
1434 365 1501 410 γὰρ
1518 363 1645 409 ἀνδρῶν
1664 363 1808 409 θόρυβος
1826 365 2020 409 ἐξέπλησσε
2037 379 2089 411 με.

1238 423 1311 452 ΘΗ.
1341 416 1510 462 εὐψυχίαν
1525 415 1558 462 γ’
1577 416 1749 452 ἔσπευσας
1766 413 1836 450 ἀντ’
1857 411 2045 459 εὐβουλίας.

1342 463 1380 515 [ὃ
1399 467 1438 512 δή
1455 482 1497 514 γε
1513 467 1665 503 πολλοὺς
1682 466 1792 502 ὤλεσε
1811 468 2073 518 στρατηλάτας.]

1238 527 1309 556 ΛΔ.
1338 518 1418 554 ἀλλ’
1439 519 1465 553 ὦ
1483 518 1558 554 καθ’
1575 519 1714 554 Ἑλλάδ’
1733 520 1962 564 ἀλκιμώτατον
1980 524 2073 568 κάρα,

1340 571 1424 615 ἅναξ
1443 570 1591 615 Ἀθηνῶν
1607 571 1644 606 ε’ν
1659 571 1721 616 μὲν
1737 572 1912 617 αἰσχύναις
1930 574 1996 618 ἔχω

1338 624 1462 658 πίτνων
1478 625 1562 670 πρὸς
1580 622 1679 659 οὖδας
1694 625 1776 671 γόνυ
1794 626 1857 659 σὸν
1874 625 2056 671 ἀμπίσχειν
2072 627 2158 672 χερὶ,

1343 674 1479 720 [πολιὸς
1497 676 1578 721 ἀνὴρ
1595 675 1752 722 τύραννος
1770 676 1932 721 εὐδαίμων
1947 675 2084 725 milvos]

1340 728 1428 772 ὅμως
1446 726 1476 762 δ’
1495 727 1619 774 ἀνάγκη
1639 728 1832 775 συμφοραῖς
1850 727 1948 763 εἴκειν
1965 730 2071 774 ἐμαῖς.

1340 782 1457 814 σῶσον
1474 779 1607 825 νεκρούς
1624 794 1691 824 μοι,
1710 780 1798 825 τάμά
1814 781 1842 815 τ’
1862 781 2023 828 οἰκτείρας
2041 784 2121 816 κακὰ

1340 833 1393 866 καὶ
1411 835 1477 866 τῶν
1495 831 1659 867 θανόντων
1675 833 1780 868 τάσδε
1797 835 1939 880 μητέρας
1955 834 2085 874 τέκνων,

1340 881 1392 919 αἷς
1410 885 1515 930 γῆρας
1533 885 1603 928 ἥκει
1619 885 1740 919 πολιὸν
1758 885 1805 920 εἷς
1821 885 1987 926 ἀπαιδίαν,

1340 936 1452 971 ἐλθεῖν
1469 933 1500 971 δ’
1521 937 1671 980 ἔτλησαν
1688 936 1786 983 δεῦρο
1803 939 1856 972 καὶ
1874 938 1969 981 ξένον
1985 939 2071 972 πόδα

1341 989 1457 1027 θεῖναι,
1476 989 1575 1032 μόλις
1591 989 1709 1034 γεραιὰ
1727 992 1878 1024 κινοῦσαι
1896 991 1993 1035 μέλη,

1340 1040 1572 1088 πρεσβεύματ’
1592 1041 1631 1074 οὗ
1651 1040 1824 1087 Δήμητρος
1843 1043 1876 1077 ἐς
1891 1041 2070 1088 μυστήρια,

1341 1092 1421 1128 ἀλλ’
1441 1093 1486 1128 ὧς
1503 1094 1638 1138 νεκροὺς
1655 1092 1827 1139 θάψωσιν,
1847 1094 1893 1128 ὣν
1909 1095 2010 1130 αὐτὸς
2027 1095 2128 1141 ἐχρῆν

1341 1146 1456 1180 κείνων
1472 1145 1639 1190 ταφείσας
1654 1147 1778 1191 χερσὶν
1795 1146 1924 1192 ὡραίων
1940 1149 2066 1192 τυχεῖν.

1343 1199 1456 1243 σοφὸν
1473 1197 1510 1232 δὲ
1527 1199 1643 1232 πενίαν
1659 1197 1688 1231 τ’
1707 1197 1846 1245 εἷσορᾶν
1862 1199 1921 1233 τὸν
1938 1198 2069 1242 ὄλβιον,

1340 1250 1464 1294 πένητά
1480 1248 1511 1283 τ’
1531 1251 1566 1285 ε’ς
1582 1250 1659 1285 τοὺς
1675 1250 1864 1287 πλουσίους
1881 1251 2090 1293 ἀποβλέπειν

1343 1301 1508 1346 ζηλοῦνθ’,
1526 1300 1566 1337 ἶν’
1585 1302 1685 1337 αὐτὸν
1701 1304 1881 1348 χρημάτων
1898 1304 1981 1350 ἔρως
1998 1304 2071 1349 ἔχῃ,

1341 1355 1383 1389 τά
1399 1352 1430 1389 τ’
1451 1355 1566 1401 οἰκτρὰ
1583 1354 1660 1391 τοὺς
1676 1354 1721 1399 μὴ
1740 1355 1919 1401 δυστυχεῖς
1937 1355 2133 1402 δεδορκέναι.

1346 1406 1422 1452 [τόν
1440 1406 1469 1441 θ’
1489 1406 1668 1451 ὑμνοποιὸν
1684 1407 1782 1443 αὐτὸς
1799 1407 1840 1442 ἂν
1856 1408 1949 1452 τίκτῃ
1968 1408 2057 1452 μέλη

1341 1460 1501 1505 χαίροντα
1518 1460 1650 1494 τίκτειν·
1677 1458 1717 1503 ἢν
1735 1459 1771 1493 δέ
1789 1460 1834 1505 μὴ
1853 1461 1971 1505 πάσχῃ
1989 1462 2078 1504 τόδε,

1341 1513 1432 1546 οὔτοι
1451 1510 1573 1545 δύναιτ’
1593 1511 1633 1546 ἂν
1650 1510 1781 1546 οἴκοθέν
1796 1511 1830 1558 γ’
1849 1513 2015 1557 ἀτώμενος

1340 1565 1473 1610 τέρπειν
1491 1563 1532 1598 ἂν
1548 1565 1685 1599 ἄλλους·
1713 1563 1790 1598 οὐδὲ
1807 1565 1873 1611 γὰρ
1892 1565 1984 1609 δίκην
2002 1565 2082 1610 ἔχει.

1339 1616 1415 1661 τάχ’
1434 1613 1492 1650 οὖν
1510 1616 1550 1650 ἂν
1567 1614 1683 1655 ε’ίποις,
1703 1617 1876 1651 Πελοπίαν
1891 1618 2008 1663 παρεὶς
2024 1617 2130 1662 χθόνα

1339 1672 1411 1704 πῶς
1427 1670 1499 1704 ταῖς
1515 1667 1668 1711 Ἀθήναις
1685 1669 1779 1703 τόνδε
1797 1671 2030 1715 προστάσσεις
2047 1672 2170 1710 πόνον,·

1341 1721 1407 1766 ἐγὼ
1425 1721 1548 1756 δίκαιός
1565 1718 1631 1764 εἶμ’
1651 1720 1857 1767 ἀφηγεῖσθαι
1875 1722 1963 1756 τάδε.

1341 1774 1474 1819 Σπάρτη
1491 1771 1552 1818 μὲν
1569 1771 1640 1817 ὦμὴ
1658 1774 1713 1807 καὶ
1729 1773 1940 1808 πεποίκιλται
1958 1776 2110 1819 τρόπους·

1340 1825 1382 1859 τὰ
1400 1824 1430 1861 δ’
1450 1826 1542 1859 ἅλλα
1558 1826 1658 1871 μικρὰ
1676 1825 1833 1869 κάσθενῆ.
1862 1827 1962 1862 πόλις
1980 1826 2015 1860 δέ
2035 1827 2079 1870 σὴ

1340 1880 1423 1922 μόνη
1443 1875 1564 1913 δύναιτ’
1583 1877 1623 1911 ἂν
1640 1875 1730 1914 τόνδ’
1750 1878 1934 1922 ὑποστῆναι
1951 1879 2063 1913 πόνον·

1340 1931 1382 1964 τά
1399 1930 1429 1964 τ’
1449 1930 1564 1977 οἰκτρὰ
1580 1930 1646 1976 γὰρ
1665 1930 1800 1976 δέδορκε
1818 1931 1871 1965 καὶ
1889 1930 2018 1966 νεανίαν

1341 1982 1412 2028 ἔχει
1430 1984 1471 2017 σε’
1489 1981 1617 2027 ποιμέν’
1638 1982 1776 2017 ἐσθλόν·
1804 1981 1844 2017 οὗ
1859 1986 1957 2029 χρείᾳ
1973 1984 2090 2018 πόλεις

1340 2036 1471 2070 πολλαὶ
1489 2035 1640 2069 διώλοντ’
1661 2036 1780 2070 ἐνδεεῖς
1799 2033 2062 2080 στρατηλάτου]

1345 2088 1435 2133 κάγὼ
1452 2088 1511 2122 τὸν
1528 2088 1628 2121 αὐτὸν
1643 2087 1731 2135 τῷδέ
1747 2101 1804 2121 σοι
1821 2088 1926 2132 λόγον
1942 2087 2045 2133 λέγω,

1342 2142 1466 2183 Θησεῦ,
1486 2137 1529 2174 δι’
1549 2138 1660 2174 οἴκτου
1678 2140 1736 2175 τὰς
1755 2140 1834 2184 ἐμὰς
1852 2140 1973 2180 λαβεῖν
1989 2137 2106 2184 τύχας.

1343 2193 1485 2227 ἄλλοισι
1503 2192 1542 2235 δὴ
1560 2190 1690 2235 ’πόνησ’
1711 2190 1908 2236 ἁμιλληθεὶς
1925 2192 2018 2238 λόγῳ

1340 2243 1464 2292 τοιῷδ’.
1494 2244 1595 2287 ἔλεξε
1612 2245 1677 2290 γάρ
1695 2258 1744 2280 τις
1763 2244 1807 2279 ὡς
1824 2245 1863 2278 τὰ
1882 2244 2017 2289 χείρονα

1339 2297 1447 2332 πλείω
1466 2296 1644 2342 βροτοῖσίν
1663 2296 1737 2331 ἐστι
1755 2299 1821 2330 τῶν
1838 2297 2027 2341 ἀμεινόνων.

1341 2350 1407 2395 ἐγὼ
1426 2349 1462 2383 δὲ
1480 2347 1609 2384 τούτοις
1626 2348 1739 2383 ἀντίαν
1755 2349 1888 2394 γνώμην
1906 2349 1984 2393 ἔχω,

1339 2402 1446 2437 πλείω
1464 2402 1505 2435 τὰ
1521 2401 1656 2446 χρηστὰ
1672 2404 1738 2435 τῶν
1754 2404 1860 2435 κακῶν
1878 2397 1959 2435 εἶναι
1972 2400 2121 2445 βροτοῖς.

1341 2454 1371 2488 εἷ
1387 2454 1431 2498 μὴ
1450 2455 1515 2499 γὰρ
1533 2452 1573 2496 ἦν
1589 2451 1673 2493 τόδ’,
1695 2453 1754 2487 οὐκ
1772 2453 1812 2487 ἂν
1829 2451 1910 2497 ἦμεν
1929 2453 1964 2487 ἐν
1980 2452 2071 2497 φάει.

1340 2507 1419 2540 αἰνῶ
1438 2504 1467 2540 δ’
1490 2505 1526 2541 ὃς
1543 2504 1620 2549 ἡμῖν
1636 2506 1753 2547 βίοτον
1771 2506 1807 2539 ἐκ
1823 2504 2038 2551 πεφυρμένου

1341 2560 1394 2593 καὶ
1413 2558 1594 2604 θηριώδους
1613 2557 1697 2592 θεῶν
1714 2556 1994 2602 διεσταθμήσατο,

1337 2614 1470 2657 πρῶτον
1486 2611 1547 2654 μὲν
1564 2610 1669 2645 ε’νθεὶς
1686 2609 1836 2651 σύνεσιν,
1855 2606 1926 2644 εἶτα
1943 2607 1972 2644 δ’
1991 2608 2137 2654 ἄγγελον

1338 2664 1504 2709 γλῶσσαν
1520 2663 1633 2709 λόγων
1651 2661 1738 2703 δοὺς,
1760 2662 1849 2696 ὥστε
1867 2661 2066 2708 γιγνώσκειν
2084 2660 2161 2700 ὅπα,

1343 2713 1474 2761 τροφήν
1491 2728 1527 2748 τε
1546 2716 1683 2760 καρποῦ,
1701 2716 1740 2759 τῇ
1759 2714 1869 2759 τροφῇ
1888 2711 1919 2748 τ’
1938 2712 1994 2748 ἀπ’
2013 2713 2153 2759 ούρανοῦ

1339 2768 1504 2812 σταγόνας
1521 2766 1676 2812 ὑδρηλὰς,
1696 2766 1740 2802 ὧς
1757 2766 1798 2800 τά
1815 2764 1846 2800 τ’
1866 2766 1902 2800 ἐκ
1918 2766 2015 2811 γαίας
2033 2764 2142 2811 τρέφῃ

1338 2818 1421 2865 ἄρδῃ
1439 2833 1475 2853 τε
1495 2817 1602 2862 νηδύν·
1629 2819 1712 2864 πρὸς
1731 2818 1767 2852 δὲ
1784 2819 1900 2853 τοῖσδε
1916 2817 2075 2862 χείματος

1338 2869 1561 2916 προβλήματ’,
1581 2867 1676 2905 αἷθόν
1692 2870 1722 2905 τ’
1743 2869 1969 2915 ἐξαμύνασθαι
1988 2868 2076 2910 θεοῦ,

1336 2924 1458 2957 πόντου
1476 2936 1513 2956 τε
1530 2921 1788 2967 ναυστολήμαθ’,
1804 2923 1847 2958 ὡς
1865 2922 2051 2966 διαλλαγὰς

1337 2975 1470 3019 ἔχοιμεν
1487 2973 1692 3018 ἀλλήλοισιν
1709 2974 1754 3008 ὧν
1770 2975 1903 3009 πένοιτο
1921 2975 1975 3020 γῆ.

1337 3025 1358 3059 ἃ
1376 3025 1404 3060 δ’
1423 3025 1494 3060 ἔστ’
1512 3026 1626 3071 ἄσημα
1643 3028 1701 3061 κού
1721 3027 1844 3071 σαφῶς
1859 3027 2101 3073 γιγνώσκομεν,

1338 3077 1371 3113 ἐς
1387 3080 1454 3123 πῦρ
1471 3079 1656 3119 βλέποντες
1674 3079 1727 3113 καὶ
1745 3079 1826 3112 κατὰ
1844 3078 2052 3124 σπλάγχνων
2067 3075 2196 3122 πτύχας

1335 3130 1468 3174 μάντεις
1484 3130 1772 3177 προσημαίνουσιν
1789 3130 1912 3164 οἷωνῶν
1929 3130 1957 3164 τ’
1977 3129 2054 3163 ὅπα.

1337 3179 1389 3226 ἆρ’
1409 3182 1448 3216 οὗ
1465 3183 1656 3229 τρυφῶμεν,
1676 3182 1754 3217 θεοῦ
1773 3181 1978 3226 κατασκευὴν
1994 3181 2061 3228 βίῳ

1334 3233 1449 3270 δόντος
1465 3233 1628 3278 τοιαύτην,
1646 3232 1737 3269 οἷσιν
1754 3235 1813 3269 οὐκ
1830 3235 1924 3281 ἀρκεῖ
1940 3234 2040 3272 τάδε,·

1406 3285 1414 3299 ’
1433 3285 1453 3329 ἦ
1472 3287 1638 3332 φρόνησις
1655 3289 1714 3321 τοῦ
1733 3286 1817 3321 θεοῦ·
1827 3287 1940 3331 μεῖζον
1957 3284 2089 3320 σθένειν

1335 3337 1433 3380 ζητεῖ,
1452 3340 1490 3372 τὸ
1507 3340 1633 3384 γαῦρον
1650 3338 1681 3373 δ’
1701 3339 1736 3372 ἐν
1753 3339 1880 3385 φρεσὶν
1897 3337 2098 3381 κεκτημένοι,

1335 3389 1495 3434 δοκοῦμεν
1511 3387 1594 3424 εἶναι
1612 3391 1774 3435 δαιμόνων
1791 3391 1992 3436 σοφώτεροι.

1333 3438 1373 3483 ἧς
1390 3441 1443 3475 καὶ
1460 3441 1506 3475 σὺ
1523 3442 1636 3487 φαίνει
1654 3443 1800 3483 δεκάδος,
1820 3443 1860 3478 οὐ
1878 3439 2124 3488 σοφὸς’γε”γῶ9»

1335 3491 1431 3527 ὅστις
1447 3494 1546 3538 κόρας
1561 3495 1623 3538 μὲν
1640 3493 1824 3540 θεσφάτοις
1842 3494 1968 3535 Φοίβου
1986 3491 2095 3538 ζυγεὶς

1335 3543 1482 3588 ξένοισιν
1499 3544 1556 3579 ὧδ’
1575 3545 1709 3589 ἔδωκας,
1728 3546 1772 3582 ὧς
1790 3547 1920 3589 ζώντων
1938 3545 2033 3585 θεῶν,

1239 2093 1307 2122 XO.

1240 2199 1315 2228 ΘΗ.

2218 372 2275 403 160

2219 630 2273 671 165

2221 1414 2272 1445 183

2221 1944 2278 1974 190

2220 2204 2275 2236 ¹95

2218 2467 2277 2488 ΖΕΘ

2218 2727 2273 2756 ²⁶5
