<?xml version="1.0" encoding="UTF-8"?>
<!DOCTYPE html PUBLIC "-//W3C//DTD XHTML 1.0 Transitional//EN"
    "http://www.w3.org/TR/xhtml1/DTD/xhtml1-transitional.dtd">
<html xmlns="http://www.w3.org/1999/xhtml" xml:lang="en" lang="en">
 <head>
  <title>
</title>
<meta http-equiv="Content-Type" content="text/html;charset=utf-8" />
  <meta name='ocr-system' content='tesseract 3.04.00' />
  <meta name='ocr-capabilities' content='ocr_page ocr_carea ocr_par ocr_line ocrx_word'/>
</head>
<body>
  <div class='ocr_page' id='page_1' title='image "./poetarumscenicor00dinduoft_0471.png"; bbox 0 0 2488 3860; ppageno 0'>
   <div class='ocr_carea' id='block_1_1' title="bbox 1039 290 1326 337">
    <p class='ocr_par' dir='ltr' id='par_1_1' title="bbox 1039 290 1326 337">
     <span class='ocr_line' id='line_1_1' title="bbox 1039 290 1326 337; baseline 0.01 -4"><span class='ocrx_word' id='word_1_1' title='bbox 1039 290 1326 337; x_wconf 83' lang='grc' dir='ltr'>ΝΕΦΕΛΑῘ.</span> 
     </span>
    </p>
   </div>
   <div class='ocr_carea' id='block_1_2' title="bbox 197 399 1155 826">
    <p class='ocr_par' dir='ltr' id='par_1_2' title="bbox 197 399 1155 826">
     <span class='ocr_line' id='line_1_2' title="bbox 204 399 1155 453; baseline -0.001 -11"><span class='ocrx_word' id='word_1_2' title='bbox 204 399 368 452; x_wconf 74' lang='grc' dir='ltr'>προσθεὶς</span> <span class='ocrx_word' id='word_1_3' title='bbox 393 401 482 453; x_wconf 68' lang='grc' dir='ltr'>αιἰτῷ</span> <span class='ocrx_word' id='word_1_4' title='bbox 509 403 618 453; x_wconf 75' lang='grc' dir='ltr'>γραῦν</span> <span class='ocrx_word' id='word_1_5' title='bbox 645 400 798 451; x_wconf 75' lang='grc' dir='ltr'><strong><em>μεθύσην</em></strong></span> <span class='ocrx_word' id='word_1_6' title='bbox 821 405 884 442; x_wconf 83' lang='grc' dir='ltr'>τοῦ</span> <span class='ocrx_word' id='word_1_7' title='bbox 911 404 1072 451; x_wconf 74' lang='grc' dir='ltr'>κόρδακος</span> <span class='ocrx_word' id='word_1_8' title='bbox 1097 402 1155 441; x_wconf 79' lang='grc' dir='ltr'>οὔ·</span> 
     </span>
     <span class='ocr_line' id='line_1_3' title="bbox 255 454 1152 507; baseline 0.001 -2"><span class='ocrx_word' id='word_1_9' title='bbox 255 457 339 505; x_wconf 63' lang='grc' dir='ltr'>νηί,</span> <span class='ocrx_word' id='word_1_10' title='bbox 361 454 401 502; x_wconf 81' lang='grc' dir='ltr'>ἣν</span> <span class='ocrx_word' id='word_1_11' title='bbox 1091 471 1152 507; x_wconf 90' lang='grc'>555</span> 
     </span>
     <span class='ocr_line' id='line_1_4' title="bbox 202 509 1065 558; baseline -0.002 -9"><span class='ocrx_word' id='word_1_12' title='bbox 202 509 369 557; x_wconf 79' lang='grc' dir='ltr'>Φρύνιχος</span> <span class='ocrx_word' id='word_1_13' title='bbox 385 510 494 547; x_wconf 88' lang='grc' dir='ltr'>πάλαι</span> <span class='ocrx_word' id='word_1_14' title='bbox 509 509 681 556; x_wconf 89' lang='grc' dir='ltr'>πεποίηχ’,</span> <span class='ocrx_word' id='word_1_15' title='bbox 703 509 744 555; x_wconf 84' lang='grc' dir='ltr'>ἣν</span> <span class='ocrx_word' id='word_1_16' title='bbox 760 511 801 547; x_wconf 84' lang='grc' dir='ltr'>τὸ</span> <span class='ocrx_word' id='word_1_17' title='bbox 819 513 918 558; x_wconf 83' lang='grc' dir='ltr'>κῆτος</span> <span class='ocrx_word' id='word_1_18' title='bbox 934 511 1065 558; x_wconf 78' lang='grc' dir='ltr'>ἤσθιεν.</span> 
     </span>
     <span class='ocr_line' id='line_1_5' title="bbox 201 560 1069 612; baseline 0.001 -13"><span class='ocrx_word' id='word_1_19' title='bbox 201 560 263 599; x_wconf 86' lang='grc' dir='ltr'>εἶθ’</span> <span class='ocrx_word' id='word_1_20' title='bbox 277 562 471 611; x_wconf 81' lang='grc' dir='ltr'>Ἕρμιππος</span> <span class='ocrx_word' id='word_1_21' title='bbox 488 560 584 600; x_wconf 79' lang='grc' dir='ltr'>αὖθις</span> <span class='ocrx_word' id='word_1_22' title='bbox 602 563 763 608; x_wconf 82' lang='grc' dir='ltr'>ἐποίησεν</span> <span class='ocrx_word' id='word_1_23' title='bbox 781 565 827 602; x_wconf 84' lang='grc' dir='ltr'>είς</span> <span class='ocrx_word' id='word_1_24' title='bbox 843 564 1069 612; x_wconf 77' lang='grc' dir='ltr'>Ὑπέρβολον,</span> 
     </span>
     <span class='ocr_line' id='line_1_6' title="bbox 200 615 1085 665; baseline 0.002 -13"><span class='ocrx_word' id='word_1_25' title='bbox 200 617 305 654; x_wconf 80' lang='grc' dir='ltr'>ἄλλοι</span> <span class='ocrx_word' id='word_1_26' title='bbox 323 616 352 652; x_wconf 85' lang='grc' dir='ltr'>τ’</span> <span class='ocrx_word' id='word_1_27' title='bbox 371 617 432 663; x_wconf 79' lang='grc' dir='ltr'>ἤδη</span> <span class='ocrx_word' id='word_1_28' title='bbox 450 615 574 654; x_wconf 87' lang='grc' dir='ltr'>πάντες</span> <span class='ocrx_word' id='word_1_29' title='bbox 591 615 782 664; x_wconf 72' lang='grc' dir='ltr'>ἐρείδουσιν</span> <span class='ocrx_word' id='word_1_30' title='bbox 799 618 847 656; x_wconf 82' lang='grc' dir='ltr'>είς</span> <span class='ocrx_word' id='word_1_31' title='bbox 862 618 1085 665; x_wconf 83' lang='grc' dir='ltr'>Ὑπέρβολον,</span> 
     </span>
     <span class='ocr_line' id='line_1_7' title="bbox 199 668 1060 719; baseline 0.001 -13"><span class='ocrx_word' id='word_1_32' title='bbox 199 671 260 708; x_wconf 79' lang='grc' dir='ltr'>τὰς</span> <span class='ocrx_word' id='word_1_33' title='bbox 278 670 386 707; x_wconf 78' lang='grc' dir='ltr'>εἰκοὺς</span> <span class='ocrx_word' id='word_1_34' title='bbox 403 673 470 704; x_wconf 86' lang='grc' dir='ltr'>τῶν</span> <span class='ocrx_word' id='word_1_35' title='bbox 486 668 661 716; x_wconf 79' lang='grc' dir='ltr'>ἐγχέλεων</span> <span class='ocrx_word' id='word_1_36' title='bbox 677 671 738 707; x_wconf 91' lang='grc' dir='ltr'>τὰς</span> <span class='ocrx_word' id='word_1_37' title='bbox 754 671 836 718; x_wconf 80' lang='grc' dir='ltr'>ἐμὰς</span> <span class='ocrx_word' id='word_1_38' title='bbox 852 670 1060 719; x_wconf 74' lang='grc' dir='ltr'>μιμούμενοι.</span> 
     </span>
     <span class='ocr_line' id='line_1_8' title="bbox 199 722 1098 772; baseline -0.001 -12"><span class='ocrx_word' id='word_1_39' title='bbox 199 722 297 760; x_wconf 81' lang='grc' dir='ltr'>ὅστις</span> <span class='ocrx_word' id='word_1_40' title='bbox 314 722 373 760; x_wconf 77' lang='grc' dir='ltr'>οὖν</span> <span class='ocrx_word' id='word_1_41' title='bbox 390 722 543 759; x_wconf 80' lang='grc' dir='ltr'>τούτοισι</span> <span class='ocrx_word' id='word_1_42' title='bbox 560 725 660 772; x_wconf 72' lang='grc' dir='ltr'>γελᾷ,</span> <span class='ocrx_word' id='word_1_43' title='bbox 680 727 751 760; x_wconf 92' lang='grc' dir='ltr'>τοῖς</span> <span class='ocrx_word' id='word_1_44' title='bbox 768 723 862 771; x_wconf 85' lang='grc' dir='ltr'>ἐμοῖς</span> <span class='ocrx_word' id='word_1_45' title='bbox 877 725 923 771; x_wconf 84' lang='grc' dir='ltr'>μὴ</span> <span class='ocrx_word' id='word_1_46' title='bbox 941 726 1098 772; x_wconf 84' lang='grc' dir='ltr'>χαιρέτω·</span> 
     </span>
     <span class='ocr_line' id='line_1_9' title="bbox 197 774 1149 826; baseline 0.002 -14"><span class='ocrx_word' id='word_1_47' title='bbox 197 775 238 823; x_wconf 84' lang='grc' dir='ltr'>ἢν</span> <span class='ocrx_word' id='word_1_48' title='bbox 273 776 303 812; x_wconf 87' lang='grc' dir='ltr'>δ’</span> <span class='ocrx_word' id='word_1_49' title='bbox 334 776 410 824; x_wconf 80' lang='grc' dir='ltr'>ἐμοὶ</span> <span class='ocrx_word' id='word_1_50' title='bbox 440 776 494 815; x_wconf 79' lang='grc' dir='ltr'>καὶ</span> <span class='ocrx_word' id='word_1_51' title='bbox 525 778 636 812; x_wconf 91' lang='grc' dir='ltr'>τοῖσιν</span> <span class='ocrx_word' id='word_1_52' title='bbox 666 777 758 823; x_wconf 83' lang='grc' dir='ltr'>ἐμοῖς</span> <span class='ocrx_word' id='word_1_53' title='bbox 793 777 1016 826; x_wconf 79' lang='grc' dir='ltr'>εὐφραίνησθ’</span> <span class='ocrx_word' id='word_1_54' title='bbox 1050 774 1149 825; x_wconf 86' lang='grc' dir='ltr'>εὑρή-</span> 
     </span>
    </p>
   </div>
   <div class='ocr_carea' id='block_1_3' title="bbox 193 835 1148 1092">
    <p class='ocr_par' dir='ltr' id='par_1_3' title="bbox 193 835 1148 1092">
     <span class='ocr_line' id='line_1_10' title="bbox 249 835 1145 878; baseline 0.003 -13"><span class='ocrx_word' id='word_1_55' title='bbox 249 845 368 878; x_wconf 81' lang='grc' dir='ltr'>μασιν,</span> <span class='ocrx_word' id='word_1_56' title='bbox 1086 835 1145 878; x_wconf 81' lang='lat'>561</span> 
     </span>
     <span class='ocr_line' id='line_1_11' title="bbox 196 882 1030 932; baseline 0.002 -12"><span class='ocrx_word' id='word_1_57' title='bbox 196 884 232 921; x_wconf 84' lang='grc' dir='ltr'>ἐς</span> <span class='ocrx_word' id='word_1_58' title='bbox 248 884 308 921; x_wconf 88' lang='grc' dir='ltr'>τὰς</span> <span class='ocrx_word' id='word_1_59' title='bbox 326 883 415 931; x_wconf 83' lang='grc' dir='ltr'>ὥρας</span> <span class='ocrx_word' id='word_1_60' title='bbox 431 884 491 920; x_wconf 86' lang='grc' dir='ltr'>τὰς</span> <span class='ocrx_word' id='word_1_61' title='bbox 510 882 626 930; x_wconf 78' lang='grc' dir='ltr'>ἐτέρας</span> <span class='ocrx_word' id='word_1_62' title='bbox 643 882 682 922; x_wconf 80' lang='grc' dir='ltr'>εὖ</span> <span class='ocrx_word' id='word_1_63' title='bbox 698 883 840 931; x_wconf 77' lang='grc' dir='ltr'>φρονεῖν</span> <span class='ocrx_word' id='word_1_64' title='bbox 856 883 1030 932; x_wconf 84' lang='grc' dir='ltr'>δοκήσετε.</span> 
     </span>
     <span class='ocr_line' id='line_1_12' title="bbox 194 937 1148 986; baseline 0.003 -14"><span class='ocrx_word' id='word_1_65' title='bbox 194 937 407 984; x_wconf 77' lang='grc' dir='ltr'>ὑψιμέδοντα</span> <span class='ocrx_word' id='word_1_66' title='bbox 422 937 484 982; x_wconf 85' lang='grc' dir='ltr'>μὲν</span> <span class='ocrx_word' id='word_1_67' title='bbox 502 937 588 973; x_wconf 90' lang='grc' dir='ltr'>θεῶν</span> <span class='ocrx_word' id='word_1_68' title='bbox 1073 952 1148 986; x_wconf 86' lang='grc' dir='ltr'>στρ.</span> 
     </span>
     <span class='ocr_line' id='line_1_13' title="bbox 194 989 637 1038; baseline -0.005 -11"><span class='ocrx_word' id='word_1_69' title='bbox 194 992 283 1036; x_wconf 83' lang='grc' dir='ltr'>Ζῆνα</span> <span class='ocrx_word' id='word_1_70' title='bbox 301 990 462 1038; x_wconf 85' lang='grc' dir='ltr'>τύραννον</span> <span class='ocrx_word' id='word_1_71' title='bbox 479 990 514 1027; x_wconf 86' lang='grc' dir='ltr'>ἐς</span> <span class='ocrx_word' id='word_1_72' title='bbox 530 989 637 1037; x_wconf 86' lang='grc' dir='ltr'>χορὸν</span> 
     </span>
     <span class='ocr_line' id='line_1_14' title="bbox 193 1042 1148 1092; baseline -0.004 -11"><span class='ocrx_word' id='word_1_73' title='bbox 193 1048 312 1091; x_wconf 86' lang='grc' dir='ltr'>πρῶτα</span> <span class='ocrx_word' id='word_1_74' title='bbox 328 1045 434 1092; x_wconf 81' lang='grc' dir='ltr'>μέγαν</span> <span class='ocrx_word' id='word_1_75' title='bbox 451 1042 635 1089; x_wconf 81' lang='grc' dir='ltr'>κικλήσκω·</span> <span class='ocrx_word' id='word_1_76' title='bbox 1084 1049 1148 1092; x_wconf 79' lang='lat'>565</span> 
     </span>
    </p>
   </div>
   <div class='ocr_carea' id='block_1_4' title="bbox 184 1095 1143 3166">
    <p class='ocr_par' dir='ltr' id='par_1_4' title="bbox 193 1095 830 1147">
     <span class='ocr_line' id='line_1_15' title="bbox 193 1095 830 1147; baseline -0.002 -14"><span class='ocrx_word' id='word_1_77' title='bbox 193 1099 253 1133; x_wconf 91' lang='grc' dir='ltr'>τόν</span> <span class='ocrx_word' id='word_1_78' title='bbox 269 1113 306 1133; x_wconf 88' lang='grc' dir='ltr'>τε</span> <span class='ocrx_word' id='word_1_79' title='bbox 322 1096 515 1147; x_wconf 79' lang='grc' dir='ltr'>μεγασθενῆ</span> <span class='ocrx_word' id='word_1_80' title='bbox 533 1095 681 1145; x_wconf 89' lang='grc' dir='ltr'>τριαίνης</span> <span class='ocrx_word' id='word_1_81' title='bbox 697 1096 830 1142; x_wconf 81' lang='grc' dir='ltr'>ταμίαν,</span> 
     </span>
    </p>

    <p class='ocr_par' dir='ltr' id='par_1_5' title="bbox 192 1150 1114 1358">
     <span class='ocr_line' id='line_1_16' title="bbox 192 1150 1114 1199; baseline 0.001 -12"><span class='ocrx_word' id='word_1_82' title='bbox 192 1152 257 1199; x_wconf 88' lang='grc' dir='ltr'>γῆς</span> <span class='ocrx_word' id='word_1_83' title='bbox 275 1166 312 1186; x_wconf 91' lang='grc' dir='ltr'>τε</span> <span class='ocrx_word' id='word_1_84' title='bbox 331 1151 386 1186; x_wconf 86' lang='grc' dir='ltr'>καὶ</span> <span class='ocrx_word' id='word_1_85' title='bbox 403 1152 557 1198; x_wconf 80' lang='grc' dir='ltr'>ἁλμυρᾶς</span> <span class='ocrx_word' id='word_1_86' title='bbox 575 1151 757 1195; x_wconf 90' lang='grc' dir='ltr'>θαλάσσης</span> <span class='ocrx_word' id='word_1_87' title='bbox 774 1151 893 1197; x_wconf 80' lang='grc' dir='ltr'>ἄγριον</span> <span class='ocrx_word' id='word_1_88' title='bbox 910 1150 1114 1198; x_wconf 70' lang='grc' dir='ltr'>μοχλευτήν</span> 
     </span>
     <span class='ocr_line' id='line_1_17' title="bbox 194 1203 834 1252; baseline -0.003 -12"><span class='ocrx_word' id='word_1_89' title='bbox 194 1205 249 1240; x_wconf 80' lang='grc' dir='ltr'>καὶ</span> <span class='ocrx_word' id='word_1_90' title='bbox 265 1205 509 1252; x_wconf 82' lang='grc' dir='ltr'>μεγαλώνυμον</span> <span class='ocrx_word' id='word_1_91' title='bbox 527 1204 689 1251; x_wconf 85' lang='grc' dir='ltr'>ἡμέτερον</span> <span class='ocrx_word' id='word_1_92' title='bbox 706 1203 834 1250; x_wconf 88' lang='grc' dir='ltr'>πατέρ’,</span> 
     </span>
     <span class='ocr_line' id='line_1_18' title="bbox 193 1257 974 1304; baseline -0.001 -11"><span class='ocrx_word' id='word_1_93' title='bbox 193 1258 320 1304; x_wconf 78' lang='grc' dir='ltr'>Αἰθέρα</span> <span class='ocrx_word' id='word_1_94' title='bbox 338 1258 558 1303; x_wconf 81' lang='grc' dir='ltr'>σεμνότατον,</span> <span class='ocrx_word' id='word_1_95' title='bbox 577 1257 811 1303; x_wconf 86' lang='grc' dir='ltr'>βιοθρέμμονα</span> <span class='ocrx_word' id='word_1_96' title='bbox 829 1257 974 1294; x_wconf 86' lang='grc' dir='ltr'>πάντων·</span> 
     </span>
     <span class='ocr_line' id='line_1_19' title="bbox 192 1310 706 1358; baseline -0.006 -10"><span class='ocrx_word' id='word_1_97' title='bbox 192 1314 252 1348; x_wconf 89' lang='grc' dir='ltr'>τόν</span> <span class='ocrx_word' id='word_1_98' title='bbox 270 1310 301 1346; x_wconf 76' lang='grc' dir='ltr'>θ’</span> <span class='ocrx_word' id='word_1_99' title='bbox 322 1311 529 1357; x_wconf 82' lang='grc' dir='ltr'>ἱππονώμαν,</span> <span class='ocrx_word' id='word_1_100' title='bbox 549 1310 586 1348; x_wconf 84' lang='grc' dir='ltr'>ὃς</span> <span class='ocrx_word' id='word_1_101' title='bbox 604 1312 706 1358; x_wconf 84' lang='grc' dir='ltr'>ὑπερ-</span> 
     </span>
    </p>

    <p class='ocr_par' dir='ltr' id='par_1_6' title="bbox 192 1364 666 1411">
     <span class='ocr_line' id='line_1_20' title="bbox 192 1364 666 1411; baseline -0.002 -11"><span class='ocrx_word' id='word_1_102' title='bbox 192 1366 362 1411; x_wconf 88' lang='grc' dir='ltr'>λάμπροις</span> <span class='ocrx_word' id='word_1_103' title='bbox 380 1364 513 1401; x_wconf 76' lang='grc' dir='ltr'>ἀκτῖσιν</span> <span class='ocrx_word' id='word_1_104' title='bbox 531 1364 666 1410; x_wconf 76' lang='grc' dir='ltr'>κατέχει</span> 
     </span>
    </p>

    <p class='ocr_par' dir='ltr' id='par_1_7' title="bbox 192 1417 673 1468">
     <span class='ocr_line' id='line_1_21' title="bbox 192 1417 673 1468; baseline 0.002 -13"><span class='ocrx_word' id='word_1_105' title='bbox 192 1420 256 1468; x_wconf 84' lang='grc' dir='ltr'>γῆς</span> <span class='ocrx_word' id='word_1_106' title='bbox 272 1418 385 1460; x_wconf 83' lang='grc' dir='ltr'>πέδον,</span> <span class='ocrx_word' id='word_1_107' title='bbox 404 1418 510 1466; x_wconf 83' lang='grc' dir='ltr'>μέγας</span> <span class='ocrx_word' id='word_1_108' title='bbox 528 1417 565 1455; x_wconf 84' lang='grc' dir='ltr'>ἐν</span> <span class='ocrx_word' id='word_1_109' title='bbox 582 1418 673 1456; x_wconf 69' lang='grc' dir='ltr'>θεοῖς</span> 
     </span>
    </p>

    <p class='ocr_par' dir='ltr' id='par_1_8' title="bbox 192 1470 613 1518">
     <span class='ocr_line' id='line_1_22' title="bbox 192 1470 613 1518; baseline 0 -10"><span class='ocrx_word' id='word_1_110' title='bbox 192 1474 228 1508; x_wconf 88' lang='grc' dir='ltr'>ἐν</span> <span class='ocrx_word' id='word_1_111' title='bbox 247 1470 403 1516; x_wconf 87' lang='grc' dir='ltr'>θνητοῖσί</span> <span class='ocrx_word' id='word_1_112' title='bbox 420 1486 457 1506; x_wconf 94' lang='grc' dir='ltr'>τε</span> <span class='ocrx_word' id='word_1_113' title='bbox 476 1471 613 1518; x_wconf 86' lang='grc' dir='ltr'>δαίμων.</span> 
     </span>
    </p>

    <p class='ocr_par' dir='ltr' id='par_1_9' title="bbox 187 1524 1143 2051">
     <span class='ocr_line' id='line_1_23' title="bbox 190 1524 1142 1573; baseline -0.002 -12"><span class='ocrx_word' id='word_1_114' title='bbox 190 1525 217 1561; x_wconf 79' lang='grc' dir='ltr'><strong><em>ὦ</em></strong></span> <span class='ocrx_word' id='word_1_115' title='bbox 235 1525 433 1570; x_wconf 87' lang='grc' dir='ltr'>σοφώτατοι</span> <span class='ocrx_word' id='word_1_116' title='bbox 451 1524 578 1568; x_wconf 84' lang='grc' dir='ltr'>θεαταὶ,</span> <span class='ocrx_word' id='word_1_117' title='bbox 597 1526 697 1573; x_wconf 87' lang='grc' dir='ltr'>δεῦρο</span> <span class='ocrx_word' id='word_1_118' title='bbox 714 1525 774 1561; x_wconf 83' lang='grc' dir='ltr'>τὸν</span> <span class='ocrx_word' id='word_1_119' title='bbox 787 1526 864 1561; x_wconf 82' lang='grc' dir='ltr'>νοῦν</span> <span class='ocrx_word' id='word_1_120' title='bbox 876 1525 1060 1571; x_wconf 88' lang='grc' dir='ltr'>πρόσχετε.</span> <span class='ocrx_word' id='word_1_121' title='bbox 1080 1535 1142 1570; x_wconf 82' lang='lat'>575</span> 
     </span>
     <span class='ocr_line' id='line_1_24' title="bbox 191 1576 977 1626; baseline 0 -13"><span class='ocrx_word' id='word_1_122' title='bbox 191 1576 383 1624; x_wconf 82' lang='grc' dir='ltr'>ἠδικημέναι</span> <span class='ocrx_word' id='word_1_123' title='bbox 401 1579 468 1625; x_wconf 88' lang='grc' dir='ltr'>γὰρ</span> <span class='ocrx_word' id='word_1_124' title='bbox 486 1580 564 1625; x_wconf 81' lang='grc' dir='ltr'>ὑμῖν</span> <span class='ocrx_word' id='word_1_125' title='bbox 580 1576 799 1626; x_wconf 75' lang='grc' dir='ltr'>μεμφόμεσθ’</span> <span class='ocrx_word' id='word_1_126' title='bbox 818 1577 977 1614; x_wconf 83' lang='grc' dir='ltr'>ἐναντίον·</span> 
     </span>
     <span class='ocr_line' id='line_1_25' title="bbox 189 1630 1141 1679; baseline -0.001 -11"><span class='ocrx_word' id='word_1_127' title='bbox 189 1633 341 1668; x_wconf 87' lang='grc' dir='ltr'>πλεῖστα</span> <span class='ocrx_word' id='word_1_128' title='bbox 356 1632 424 1679; x_wconf 82' lang='grc' dir='ltr'>γὰρ</span> <span class='ocrx_word' id='word_1_129' title='bbox 443 1631 529 1667; x_wconf 88' lang='grc' dir='ltr'>θεῶν</span> <span class='ocrx_word' id='word_1_130' title='bbox 546 1633 702 1668; x_wconf 86' lang='grc' dir='ltr'>ἁπάντων</span> <span class='ocrx_word' id='word_1_131' title='bbox 716 1631 934 1679; x_wconf 78' lang='grc' dir='ltr'>ὠφελούσαις</span> <span class='ocrx_word' id='word_1_132' title='bbox 950 1630 1012 1676; x_wconf 83' lang='grc' dir='ltr'>τὴν</span> <span class='ocrx_word' id='word_1_133' title='bbox 1028 1633 1141 1674; x_wconf 90' lang='grc' dir='ltr'>πόλιν,</span> 
     </span>
     <span class='ocr_line' id='line_1_26' title="bbox 189 1684 1035 1731; baseline -0.002 -9"><span class='ocrx_word' id='word_1_134' title='bbox 189 1686 354 1731; x_wconf 83' lang='grc' dir='ltr'>δαιμόνων</span> <span class='ocrx_word' id='word_1_135' title='bbox 370 1684 450 1730; x_wconf 86' lang='grc' dir='ltr'>ἡμῖν</span> <span class='ocrx_word' id='word_1_136' title='bbox 465 1686 582 1730; x_wconf 87' lang='grc' dir='ltr'>μόναις</span> <span class='ocrx_word' id='word_1_137' title='bbox 599 1686 638 1722; x_wconf 84' lang='grc' dir='ltr'>οὐ</span> <span class='ocrx_word' id='word_1_138' title='bbox 657 1684 746 1721; x_wconf 87' lang='grc' dir='ltr'>θύετ’</span> <span class='ocrx_word' id='word_1_139' title='bbox 765 1686 843 1721; x_wconf 79' lang='grc' dir='ltr'>οὐδὲ</span> <span class='ocrx_word' id='word_1_140' title='bbox 861 1685 1035 1730; x_wconf 80' lang='grc' dir='ltr'>σπένδετε,</span> 
     </span>
     <span class='ocr_line' id='line_1_27' title="bbox 189 1735 1012 1787; baseline 0 -13"><span class='ocrx_word' id='word_1_141' title='bbox 189 1737 312 1775; x_wconf 81' lang='grc' dir='ltr'>αἵτινες</span> <span class='ocrx_word' id='word_1_142' title='bbox 327 1740 494 1784; x_wconf 83' lang='grc' dir='ltr'>τηροῦμεν</span> <span class='ocrx_word' id='word_1_143' title='bbox 511 1739 607 1784; x_wconf 82' lang='grc' dir='ltr'>ὑμᾶς.</span> <span class='ocrx_word' id='word_1_144' title='bbox 644 1737 685 1784; x_wconf 87' lang='grc' dir='ltr'>ἦν</span> <span class='ocrx_word' id='word_1_145' title='bbox 701 1739 768 1787; x_wconf 86' lang='grc' dir='ltr'>γὰρ</span> <span class='ocrx_word' id='word_1_146' title='bbox 785 1735 808 1785; x_wconf 82' lang='grc' dir='ltr'>ᾗ</span> <span class='ocrx_word' id='word_1_147' title='bbox 825 1753 875 1775; x_wconf 90' lang='grc' dir='ltr'>τις</span> <span class='ocrx_word' id='word_1_148' title='bbox 893 1738 1012 1783; x_wconf 80' lang='grc' dir='ltr'>ἔξοδος</span> 
     </span>
     <span class='ocr_line' id='line_1_28' title="bbox 189 1789 1143 1840; baseline 0 -11"><span class='ocrx_word' id='word_1_149' title='bbox 189 1791 307 1838; x_wconf 84' lang='grc' dir='ltr'>μηδενὶ</span> <span class='ocrx_word' id='word_1_150' title='bbox 323 1791 385 1837; x_wconf 79' lang='grc' dir='ltr'>ξὺν</span> <span class='ocrx_word' id='word_1_151' title='bbox 403 1794 460 1840; x_wconf 75' lang='grc' dir='ltr'>νῷ,</span> <span class='ocrx_word' id='word_1_152' title='bbox 478 1789 549 1827; x_wconf 80' lang='grc' dir='ltr'>τότ’</span> <span class='ocrx_word' id='word_1_153' title='bbox 568 1791 588 1837; x_wconf 87' lang='grc' dir='ltr'>ἢ</span> <span class='ocrx_word' id='word_1_154' title='bbox 606 1794 801 1839; x_wconf 83' lang='grc' dir='ltr'>βροντῶμεν</span> <span class='ocrx_word' id='word_1_155' title='bbox 818 1790 838 1836; x_wconf 89' lang='grc' dir='ltr'>ἢ</span> <span class='ocrx_word' id='word_1_156' title='bbox 856 1792 1066 1838; x_wconf 79' lang='grc' dir='ltr'>ψακάζομεν.</span> <span class='ocrx_word' id='word_1_157' title='bbox 1080 1797 1143 1837; x_wconf 85' lang='lat'>580</span> 
     </span>
     <span class='ocr_line' id='line_1_29' title="bbox 189 1841 1106 1893; baseline 0 -13"><span class='ocrx_word' id='word_1_158' title='bbox 189 1841 262 1880; x_wconf 79' lang='grc' dir='ltr'>εἷτα</span> <span class='ocrx_word' id='word_1_159' title='bbox 279 1846 339 1880; x_wconf 87' lang='grc' dir='ltr'>τὸν</span> <span class='ocrx_word' id='word_1_160' title='bbox 357 1844 487 1881; x_wconf 88' lang='grc' dir='ltr'>θεοῖσιν</span> <span class='ocrx_word' id='word_1_161' title='bbox 505 1845 629 1893; x_wconf 86' lang='grc' dir='ltr'>ἐχθρὸν</span> <span class='ocrx_word' id='word_1_162' title='bbox 644 1846 873 1892; x_wconf 77' lang='grc' dir='ltr'>βυρσοδέψην</span> <span class='ocrx_word' id='word_1_163' title='bbox 891 1845 1106 1892; x_wconf 83' lang='grc' dir='ltr'>Παφλαγόνα</span> 
     </span>
     <span class='ocr_line' id='line_1_30' title="bbox 187 1897 1070 1947; baseline 0 -14"><span class='ocrx_word' id='word_1_164' title='bbox 187 1897 276 1944; x_wconf 87' lang='grc' dir='ltr'>ἡνίχ’</span> <span class='ocrx_word' id='word_1_165' title='bbox 295 1898 435 1945; x_wconf 77' lang='grc' dir='ltr'>ᾑρεῖσθε</span> <span class='ocrx_word' id='word_1_166' title='bbox 453 1900 654 1947; x_wconf 85' lang='grc' dir='ltr'>στρατηγὸν,</span> <span class='ocrx_word' id='word_1_167' title='bbox 674 1899 733 1935; x_wconf 85' lang='grc' dir='ltr'>τὰς</span> <span class='ocrx_word' id='word_1_168' title='bbox 751 1897 862 1945; x_wconf 84' lang='grc' dir='ltr'>ὀφρῦς</span> <span class='ocrx_word' id='word_1_169' title='bbox 880 1898 1070 1945; x_wconf 83' lang='grc' dir='ltr'>συνήγομεν</span> 
     </span>
     <span class='ocr_line' id='line_1_31' title="bbox 190 1950 1139 2000; baseline 0.002 -14"><span class='ocrx_word' id='word_1_170' title='bbox 190 1952 395 1997; x_wconf 84' lang='grc' dir='ltr'>κάποιοῦμεν</span> <span class='ocrx_word' id='word_1_171' title='bbox 413 1951 516 1987; x_wconf 91' lang='grc' dir='ltr'>δεινά·</span> <span class='ocrx_word' id='word_1_172' title='bbox 542 1951 670 2000; x_wconf 87' lang='grc' dir='ltr'>βροντὴ</span> <span class='ocrx_word' id='word_1_173' title='bbox 690 1951 719 1987; x_wconf 88' lang='grc' dir='ltr'>δ’</span> <span class='ocrx_word' id='word_1_174' title='bbox 740 1951 864 1999; x_wconf 79' lang='grc' dir='ltr'>ἐρράγη</span> <span class='ocrx_word' id='word_1_175' title='bbox 884 1950 925 1987; x_wconf 85' lang='grc' dir='ltr'>δι’</span> <span class='ocrx_word' id='word_1_176' title='bbox 951 1951 1139 2000; x_wconf 79' lang='grc' dir='ltr'>ἀστραπῆς·</span> 
     </span>
     <span class='ocr_line' id='line_1_32' title="bbox 188 2003 998 2051; baseline 0.001 -11"><span class='ocrx_word' id='word_1_177' title='bbox 188 2004 210 2050; x_wconf 84' lang='grc' dir='ltr'><strong><em>ἦ</em></strong></span> <span class='ocrx_word' id='word_1_178' title='bbox 229 2004 356 2050; x_wconf 78' lang='grc' dir='ltr'>σελήνη</span> <span class='ocrx_word' id='word_1_179' title='bbox 376 2003 406 2040; x_wconf 85' lang='grc' dir='ltr'>δ’</span> <span class='ocrx_word' id='word_1_180' title='bbox 426 2004 581 2049; x_wconf 82' lang='grc' dir='ltr'>ἐξέλειπε</span> <span class='ocrx_word' id='word_1_181' title='bbox 597 2005 658 2042; x_wconf 82' lang='grc' dir='ltr'>τὰς</span> <span class='ocrx_word' id='word_1_182' title='bbox 676 2003 785 2041; x_wconf 84' lang='grc' dir='ltr'>ὁδούς·</span> <span class='ocrx_word' id='word_1_183' title='bbox 813 2007 832 2039; x_wconf 87' lang='grc' dir='ltr'>ὁ</span> <span class='ocrx_word' id='word_1_184' title='bbox 851 2004 880 2041; x_wconf 84' lang='grc' dir='ltr'>δ’</span> <span class='ocrx_word' id='word_1_185' title='bbox 900 2005 998 2051; x_wconf 86' lang='grc' dir='ltr'>ἥλιος</span> 
     </span>
    </p>

    <p class='ocr_par' dir='ltr' id='par_1_10' title="bbox 185 2056 1141 2532">
     <span class='ocr_line' id='line_1_33' title="bbox 189 2056 1138 2105; baseline 0.001 -12"><span class='ocrx_word' id='word_1_186' title='bbox 189 2058 251 2103; x_wconf 89' lang='grc' dir='ltr'>τὴν</span> <span class='ocrx_word' id='word_1_187' title='bbox 270 2056 446 2105; x_wconf 78' lang='grc' dir='ltr'>θρυαλλίδ’</span> <span class='ocrx_word' id='word_1_188' title='bbox 467 2057 515 2094; x_wconf 84' lang='grc' dir='ltr'>εἷς</span> <span class='ocrx_word' id='word_1_189' title='bbox 533 2058 652 2094; x_wconf 76' lang='grc' dir='ltr'>ἑαυτὸν</span> <span class='ocrx_word' id='word_1_190' title='bbox 669 2057 792 2095; x_wconf 79' lang='grc' dir='ltr'>εὐθέως</span> <span class='ocrx_word' id='word_1_191' title='bbox 809 2057 1021 2102; x_wconf 81' lang='grc' dir='ltr'>ξυνελκύσας</span> <span class='ocrx_word' id='word_1_192' title='bbox 1078 2062 1138 2103; x_wconf 83' lang='lat'>585</span> 
     </span>
     <span class='ocr_line' id='line_1_34' title="bbox 189 2109 1089 2160; baseline 0 -13"><span class='ocrx_word' id='word_1_193' title='bbox 189 2112 230 2147; x_wconf 79' lang='grc' dir='ltr'>οὗ</span> <span class='ocrx_word' id='word_1_194' title='bbox 248 2111 370 2157; x_wconf 86' lang='grc' dir='ltr'>φανεῖν</span> <span class='ocrx_word' id='word_1_195' title='bbox 386 2109 538 2157; x_wconf 74' lang='grc' dir='ltr'>ἔφασκεν</span> <span class='ocrx_word' id='word_1_196' title='bbox 555 2113 643 2157; x_wconf 83' lang='grc' dir='ltr'>ὑμῖν,</span> <span class='ocrx_word' id='word_1_197' title='bbox 662 2112 693 2147; x_wconf 87' lang='grc' dir='ltr'>εἷ</span> <span class='ocrx_word' id='word_1_198' title='bbox 711 2109 940 2160; x_wconf 81' lang='grc' dir='ltr'>στρατηγήσει</span> <span class='ocrx_word' id='word_1_199' title='bbox 959 2111 1089 2147; x_wconf 86' lang='grc' dir='ltr'>Κλέων.</span> 
     </span>
     <span class='ocr_line' id='line_1_35' title="bbox 189 2161 1125 2213; baseline -0.001 -13"><span class='ocrx_word' id='word_1_200' title='bbox 189 2163 268 2200; x_wconf 78' lang='grc' dir='ltr'>ἀλλ’</span> <span class='ocrx_word' id='word_1_201' title='bbox 289 2163 379 2210; x_wconf 86' lang='grc' dir='ltr'>ὅμως</span> <span class='ocrx_word' id='word_1_202' title='bbox 395 2161 534 2200; x_wconf 79' lang='grc' dir='ltr'>εἵλεσθε</span> <span class='ocrx_word' id='word_1_203' title='bbox 551 2168 682 2200; x_wconf 87' lang='grc' dir='ltr'>τοῦτον.</span> <span class='ocrx_word' id='word_1_204' title='bbox 712 2164 804 2211; x_wconf 76' lang='grc' dir='ltr'>φασὶ</span> <span class='ocrx_word' id='word_1_205' title='bbox 821 2165 888 2213; x_wconf 85' lang='grc' dir='ltr'>γὰρ</span> <span class='ocrx_word' id='word_1_206' title='bbox 910 2164 1125 2207; x_wconf 85' lang='grc' dir='ltr'>δυσβουλίαν</span> 
     </span>
     <span class='ocr_line' id='line_1_36' title="bbox 188 2217 1119 2265; baseline 0.002 -12"><span class='ocrx_word' id='word_1_207' title='bbox 188 2218 268 2263; x_wconf 84' lang='grc' dir='ltr'>τῇδε</span> <span class='ocrx_word' id='word_1_208' title='bbox 285 2219 326 2263; x_wconf 82' lang='grc' dir='ltr'>τῇ</span> <span class='ocrx_word' id='word_1_209' title='bbox 343 2217 444 2253; x_wconf 88' lang='grc' dir='ltr'>πόλει</span> <span class='ocrx_word' id='word_1_210' title='bbox 462 2219 650 2265; x_wconf 87' lang='grc' dir='ltr'>προσεῖναι,</span> <span class='ocrx_word' id='word_1_211' title='bbox 670 2221 776 2253; x_wconf 86' lang='grc' dir='ltr'>ταῦτα</span> <span class='ocrx_word' id='word_1_212' title='bbox 794 2218 908 2262; x_wconf 89' lang='grc' dir='ltr'>μέντοι</span> <span class='ocrx_word' id='word_1_213' title='bbox 925 2218 1004 2255; x_wconf 84' lang='grc' dir='ltr'>τοὺς</span> <span class='ocrx_word' id='word_1_214' title='bbox 1022 2218 1119 2255; x_wconf 82' lang='grc' dir='ltr'>θεοὺς</span> 
     </span>
     <span class='ocr_line' id='line_1_37' title="bbox 189 2268 1122 2319; baseline -0.002 -12"><span class='ocrx_word' id='word_1_215' title='bbox 189 2268 262 2307; x_wconf 78' lang='grc' dir='ltr'>ἅττ’</span> <span class='ocrx_word' id='word_1_216' title='bbox 282 2270 324 2306; x_wconf 69' lang='grc' dir='ltr'>ἂν</span> <span class='ocrx_word' id='word_1_217' title='bbox 341 2270 434 2316; x_wconf 81' lang='grc' dir='ltr'>ὑμεῖς</span> <span class='ocrx_word' id='word_1_218' title='bbox 453 2271 666 2319; x_wconf 78' lang='grc' dir='ltr'>ἐξαμάρτητ’,</span> <span class='ocrx_word' id='word_1_219' title='bbox 685 2270 741 2307; x_wconf 79' lang='grc' dir='ltr'>ἐπὶ</span> <span class='ocrx_word' id='word_1_220' title='bbox 757 2271 797 2305; x_wconf 89' lang='grc' dir='ltr'>τὸ</span> <span class='ocrx_word' id='word_1_221' title='bbox 814 2271 959 2314; x_wconf 89' lang='grc' dir='ltr'>βέλτιον</span> <span class='ocrx_word' id='word_1_222' title='bbox 976 2271 1122 2319; x_wconf 90' lang='grc' dir='ltr'>τρέπειν.</span> 
     </span>
     <span class='ocr_line' id='line_1_38' title="bbox 188 2323 1141 2373; baseline 0.003 -14"><span class='ocrx_word' id='word_1_223' title='bbox 188 2324 234 2360; x_wconf 83' lang='grc' dir='ltr'>ὧς</span> <span class='ocrx_word' id='word_1_224' title='bbox 250 2323 288 2359; x_wconf 76' lang='grc' dir='ltr'>δὲ</span> <span class='ocrx_word' id='word_1_225' title='bbox 306 2324 360 2359; x_wconf 77' lang='grc' dir='ltr'>καὶ</span> <span class='ocrx_word' id='word_1_226' title='bbox 376 2326 478 2359; x_wconf 83' lang='grc' dir='ltr'>τοῦτο</span> <span class='ocrx_word' id='word_1_227' title='bbox 496 2324 647 2369; x_wconf 76' lang='grc' dir='ltr'>ξυνοίσει</span> <span class='ocrx_word' id='word_1_228' title='bbox 665 2324 789 2372; x_wconf 80' lang='grc' dir='ltr'>ῥᾳδίως</span> <span class='ocrx_word' id='word_1_229' title='bbox 806 2324 996 2370; x_wconf 81' lang='grc' dir='ltr'>διδάξομεν.</span> <span class='ocrx_word' id='word_1_230' title='bbox 1079 2338 1141 2373; x_wconf 89' lang='lat'>590</span> 
     </span>
     <span class='ocr_line' id='line_1_39' title="bbox 187 2375 1101 2424; baseline 0.003 -12"><span class='ocrx_word' id='word_1_231' title='bbox 187 2375 228 2423; x_wconf 85' lang='grc' dir='ltr'>ἣν</span> <span class='ocrx_word' id='word_1_232' title='bbox 245 2377 385 2412; x_wconf 84' lang='grc' dir='ltr'>Κλέωνα</span> <span class='ocrx_word' id='word_1_233' title='bbox 403 2379 462 2413; x_wconf 82' lang='grc' dir='ltr'>τὸν</span> <span class='ocrx_word' id='word_1_234' title='bbox 478 2378 586 2423; x_wconf 87' lang='grc' dir='ltr'>λάρον</span> <span class='ocrx_word' id='word_1_235' title='bbox 604 2379 720 2424; x_wconf 87' lang='grc' dir='ltr'>δώρων</span> <span class='ocrx_word' id='word_1_236' title='bbox 739 2378 873 2414; x_wconf 77' lang='grc' dir='ltr'>ἑλόντες</span> <span class='ocrx_word' id='word_1_237' title='bbox 890 2379 943 2413; x_wconf 75' lang='grc' dir='ltr'>καὶ</span> <span class='ocrx_word' id='word_1_238' title='bbox 961 2378 1101 2422; x_wconf 79' lang='grc' dir='ltr'>κλοπῆς,</span> 
     </span>
     <span class='ocr_line' id='line_1_40' title="bbox 185 2427 996 2481; baseline 0.002 -16"><span class='ocrx_word' id='word_1_239' title='bbox 185 2427 258 2467; x_wconf 79' lang='grc' dir='ltr'>εἶτα</span> <span class='ocrx_word' id='word_1_240' title='bbox 275 2431 455 2478; x_wconf 84' lang='grc' dir='ltr'>φιμώσητε</span> <span class='ocrx_word' id='word_1_241' title='bbox 471 2429 592 2468; x_wconf 85' lang='grc' dir='ltr'>τούτου</span> <span class='ocrx_word' id='word_1_242' title='bbox 609 2435 656 2481; x_wconf 78' lang='grc' dir='ltr'>τῷ</span> <span class='ocrx_word' id='word_1_243' title='bbox 674 2429 768 2479; x_wconf 80' lang='grc' dir='ltr'>ξύλῳ</span> <span class='ocrx_word' id='word_1_244' title='bbox 785 2431 844 2465; x_wconf 89' lang='grc' dir='ltr'>τὸν</span> <span class='ocrx_word' id='word_1_245' title='bbox 860 2431 996 2478; x_wconf 80' lang='grc' dir='ltr'>αὐχένα,</span> 
     </span>
     <span class='ocr_line' id='line_1_41' title="bbox 185 2483 969 2532; baseline -0.001 -12"><span class='ocrx_word' id='word_1_246' title='bbox 185 2483 281 2520; x_wconf 76' lang='grc' dir='ltr'>αὖθις</span> <span class='ocrx_word' id='word_1_247' title='bbox 297 2483 333 2521; x_wconf 84' lang='grc' dir='ltr'>ἐς</span> <span class='ocrx_word' id='word_1_248' title='bbox 347 2483 510 2531; x_wconf 87' lang='grc' dir='ltr'>τάρχαῖον</span> <span class='ocrx_word' id='word_1_249' title='bbox 526 2484 615 2529; x_wconf 83' lang='grc' dir='ltr'>ὑμῖν,</span> <span class='ocrx_word' id='word_1_250' title='bbox 633 2484 667 2521; x_wconf 80' lang='grc' dir='ltr'>εἴ</span> <span class='ocrx_word' id='word_1_251' title='bbox 681 2499 714 2519; x_wconf 84' lang='grc' dir='ltr'>τι</span> <span class='ocrx_word' id='word_1_252' title='bbox 731 2483 969 2532; x_wconf 81' lang='grc' dir='ltr'>κάξημάρτετε,</span> 
     </span>
    </p>

    <p class='ocr_par' dir='ltr' id='par_1_11' title="bbox 186 2535 1069 2692">
     <span class='ocr_line' id='line_1_42' title="bbox 187 2535 1069 2586; baseline 0.002 -14"><span class='ocrx_word' id='word_1_253' title='bbox 187 2537 243 2574; x_wconf 82' lang='grc' dir='ltr'>ἐπὶ</span> <span class='ocrx_word' id='word_1_254' title='bbox 258 2538 299 2573; x_wconf 89' lang='grc' dir='ltr'>τὸ</span> <span class='ocrx_word' id='word_1_255' title='bbox 315 2535 456 2581; x_wconf 80' lang='grc' dir='ltr'>βέλτιον</span> <span class='ocrx_word' id='word_1_256' title='bbox 473 2538 512 2572; x_wconf 87' lang='grc' dir='ltr'>τὸ</span> <span class='ocrx_word' id='word_1_257' title='bbox 529 2541 669 2586; x_wconf 80' lang='grc' dir='ltr'>πρᾶγμα</span> <span class='ocrx_word' id='word_1_258' title='bbox 686 2538 728 2583; x_wconf 84' lang='grc' dir='ltr'>τῇ</span> <span class='ocrx_word' id='word_1_259' title='bbox 743 2538 843 2574; x_wconf 89' lang='grc' dir='ltr'>πόλει</span> <span class='ocrx_word' id='word_1_260' title='bbox 862 2537 1069 2574; x_wconf 87' lang='grc' dir='ltr'>συνοίσεται.</span> 
     </span>
     <span class='ocr_line' id='line_1_43' title="bbox 186 2589 1019 2636; baseline 0.005 -12"><span class='ocrx_word' id='word_1_261' title='bbox 186 2589 279 2636; x_wconf 84' lang='grc' dir='ltr'>ἀμφί</span> <span class='ocrx_word' id='word_1_262' title='bbox 293 2605 351 2636; x_wconf 89' lang='grc' dir='ltr'>μοι</span> <span class='ocrx_word' id='word_1_263' title='bbox 369 2590 460 2635; x_wconf 79' lang='grc' dir='ltr'>αὖτε,</span> <span class='ocrx_word' id='word_1_264' title='bbox 482 2591 582 2633; x_wconf 83' lang='grc' dir='ltr'>Φοῖβ’</span> <span class='ocrx_word' id='word_1_265' title='bbox 600 2590 685 2636; x_wconf 76' lang='grc' dir='ltr'>ἅναξ</span> <span class='ocrx_word' id='word_1_266' title='bbox 945 2590 1019 2628; x_wconf 79' lang='grc' dir='ltr'>ἀντ.</span> 
     </span>
     <span class='ocr_line' id='line_1_44' title="bbox 186 2642 574 2692; baseline 0.003 -14"><span class='ocrx_word' id='word_1_267' title='bbox 186 2642 304 2688; x_wconf 88' lang='grc' dir='ltr'>Δήλιε,</span> <span class='ocrx_word' id='word_1_268' title='bbox 323 2643 469 2679; x_wconf 86' lang='grc' dir='ltr'>Κυνθίαν</span> <span class='ocrx_word' id='word_1_269' title='bbox 486 2645 574 2692; x_wconf 81' lang='grc' dir='ltr'>ἔχων</span> 
     </span>
    </p>

    <p class='ocr_par' dir='ltr' id='par_1_12' title="bbox 185 2697 530 2744">
     <span class='ocr_line' id='line_1_45' title="bbox 185 2697 530 2744; baseline 0.003 -13"><span class='ocrx_word' id='word_1_270' title='bbox 185 2697 376 2744; x_wconf 81' lang='grc' dir='ltr'>ὑψικέρατα</span> <span class='ocrx_word' id='word_1_271' title='bbox 393 2697 530 2744; x_wconf 88' lang='grc' dir='ltr'>πέτραν·</span> 
     </span>
    </p>

    <p class='ocr_par' dir='ltr' id='par_1_13' title="bbox 186 2748 924 2798">
     <span class='ocr_line' id='line_1_46' title="bbox 186 2748 924 2798; baseline 0.004 -14"><span class='ocrx_word' id='word_1_272' title='bbox 186 2748 210 2794; x_wconf 85' lang='grc' dir='ltr'><em>ἥ</em></span> <span class='ocrx_word' id='word_1_273' title='bbox 225 2748 256 2784; x_wconf 83' lang='grc' dir='ltr'>τ’</span> <span class='ocrx_word' id='word_1_274' title='bbox 275 2749 431 2796; x_wconf 86' lang='grc' dir='ltr'>Ἐφέσου</span> <span class='ocrx_word' id='word_1_275' title='bbox 448 2750 595 2797; x_wconf 89' lang='grc' dir='ltr'>μάκαιρα</span> <span class='ocrx_word' id='word_1_276' title='bbox 611 2750 817 2798; x_wconf 83' lang='grc' dir='ltr'>πάγχρυσον</span> <span class='ocrx_word' id='word_1_277' title='bbox 834 2749 924 2797; x_wconf 78' lang='grc' dir='ltr'>ἔχεις</span> 
     </span>
    </p>

    <p class='ocr_par' dir='ltr' id='par_1_14' title="bbox 184 2799 1139 3008">
     <span class='ocr_line' id='line_1_47' title="bbox 187 2799 1139 2852; baseline 0.004 -15"><span class='ocrx_word' id='word_1_278' title='bbox 187 2799 292 2844; x_wconf 83' lang='grc' dir='ltr'>οἷκον,</span> <span class='ocrx_word' id='word_1_279' title='bbox 314 2802 350 2838; x_wconf 88' lang='grc' dir='ltr'>ἐν</span> <span class='ocrx_word' id='word_1_280' title='bbox 367 2800 395 2852; x_wconf 78' lang='grc' dir='ltr'><strong><em>ᾧ</em></strong></span> <span class='ocrx_word' id='word_1_281' title='bbox 412 2804 507 2850; x_wconf 92' lang='grc' dir='ltr'>κόραι</span> <span class='ocrx_word' id='word_1_282' title='bbox 526 2818 569 2839; x_wconf 91' lang='grc' dir='ltr'>σε</span> <span class='ocrx_word' id='word_1_283' title='bbox 580 2804 696 2838; x_wconf 83' lang='grc' dir='ltr'>Λυδῶν</span> <span class='ocrx_word' id='word_1_284' title='bbox 708 2804 865 2851; x_wconf 86' lang='grc' dir='ltr'>μεγάλως</span> <span class='ocrx_word' id='word_1_285' title='bbox 879 2803 1060 2847; x_wconf 84' lang='grc' dir='ltr'>σέβουσιν·</span> <span class='ocrx_word' id='word_1_286' title='bbox 1074 2808 1139 2843; x_wconf 87' lang='lat'>600</span> 
     </span>
     <span class='ocr_line' id='line_1_48' title="bbox 184 2855 722 2903; baseline 0.004 -13"><span class='ocrx_word' id='word_1_287' title='bbox 184 2855 208 2901; x_wconf 84' lang='grc' dir='ltr'><em>ἥ</em></span> <span class='ocrx_word' id='word_1_288' title='bbox 223 2855 253 2890; x_wconf 84' lang='grc' dir='ltr'>τ’</span> <span class='ocrx_word' id='word_1_289' title='bbox 274 2855 456 2903; x_wconf 87' lang='grc' dir='ltr'>ἐπιχώριος</span> <span class='ocrx_word' id='word_1_290' title='bbox 473 2856 617 2903; x_wconf 87' lang='grc' dir='ltr'>ἡμετέρα</span> <span class='ocrx_word' id='word_1_291' title='bbox 635 2856 722 2895; x_wconf 87' lang='grc' dir='ltr'>θεὸς,</span> 
     </span>
     <span class='ocr_line' id='line_1_49' title="bbox 186 2908 832 2956; baseline 0.003 -12"><span class='ocrx_word' id='word_1_292' title='bbox 186 2908 315 2956; x_wconf 86' lang='grc' dir='ltr'>αἶγίδος</span> <span class='ocrx_word' id='word_1_293' title='bbox 334 2909 481 2954; x_wconf 85' lang='grc' dir='ltr'>ἡνίοχος,</span> <span class='ocrx_word' id='word_1_294' title='bbox 502 2910 690 2955; x_wconf 83' lang='grc' dir='ltr'>πολιοῦχος</span> <span class='ocrx_word' id='word_1_295' title='bbox 706 2908 832 2946; x_wconf 87' lang='grc' dir='ltr'>Ἀθάνα</span> 
     </span>
     <span class='ocr_line' id='line_1_50' title="bbox 184 2959 659 3008; baseline -0.004 -11"><span class='ocrx_word' id='word_1_296' title='bbox 184 2963 383 3008; x_wconf 89' lang='grc' dir='ltr'>Παρνασίαν</span> <span class='ocrx_word' id='word_1_297' title='bbox 402 2959 433 2996; x_wconf 80' lang='grc' dir='ltr'>θ’</span> <span class='ocrx_word' id='word_1_298' title='bbox 455 2960 491 2998; x_wconf 83' lang='grc' dir='ltr'>ὃς</span> <span class='ocrx_word' id='word_1_299' title='bbox 510 2961 659 3008; x_wconf 85' lang='grc' dir='ltr'>κατέχων</span> 
     </span>
    </p>

    <p class='ocr_par' dir='ltr' id='par_1_15' title="bbox 185 3013 734 3166">
     <span class='ocr_line' id='line_1_51' title="bbox 185 3013 711 3062; baseline -0.002 -12"><span class='ocrx_word' id='word_1_300' title='bbox 185 3015 312 3062; x_wconf 90' lang='grc' dir='ltr'>πέτραν</span> <span class='ocrx_word' id='word_1_301' title='bbox 330 3015 395 3050; x_wconf 80' lang='grc' dir='ltr'>σὺν</span> <span class='ocrx_word' id='word_1_302' title='bbox 410 3013 547 3051; x_wconf 76' lang='grc' dir='ltr'>πεύκαις</span> <span class='ocrx_word' id='word_1_303' title='bbox 567 3015 711 3062; x_wconf 91' lang='grc' dir='ltr'>σελαγεῖ</span> 
     </span>
     <span class='ocr_line' id='line_1_52' title="bbox 186 3067 734 3115; baseline -0.002 -12"><span class='ocrx_word' id='word_1_304' title='bbox 186 3067 334 3113; x_wconf 88' lang='grc' dir='ltr'>Βάκχαις</span> <span class='ocrx_word' id='word_1_305' title='bbox 352 3067 528 3114; x_wconf 85' lang='grc' dir='ltr'>Δέλφισιν</span> <span class='ocrx_word' id='word_1_306' title='bbox 545 3067 734 3115; x_wconf 86' lang='grc' dir='ltr'>ἐμπρέπων,</span> 
     </span>
     <span class='ocr_line' id='line_1_53' title="bbox 187 3121 563 3166; baseline 0.003 -11"><span class='ocrx_word' id='word_1_307' title='bbox 187 3121 367 3166; x_wconf 88' lang='grc' dir='ltr'>κωμαστὴς</span> <span class='ocrx_word' id='word_1_308' title='bbox 386 3121 563 3156; x_wconf 89' lang='grc' dir='ltr'>Διόνυσος.</span> 
     </span>
    </p>
   </div>
   <div class='ocr_carea' id='block_1_5' title="bbox 193 3172 310 3187">
    <p class='ocr_par' dir='ltr' id='par_1_16' title="bbox 193 3172 310 3187">
     <span class='ocr_line' id='line_1_54' title="bbox 193 3172 310 3187; baseline 0.009 -3"><span class='ocrx_word' id='word_1_309' title='bbox 193 3172 310 3187; x_wconf 63' lang='lat'>‘12‘</span> 
     </span>
    </p>
   </div>
   <div class='ocr_carea' id='block_1_6' title="bbox 1083 1270 1147 1305">
    <p class='ocr_par' dir='ltr' id='par_1_17' title="bbox 1083 1270 1147 1305">
     <span class='ocr_line' id='line_1_55' title="bbox 1083 1270 1147 1305; baseline 0 0"><span class='ocrx_word' id='word_1_310' title='bbox 1083 1270 1147 1305; x_wconf 84' lang='lat'>570</span> 
     </span>
    </p>
   </div>
   <div class='ocr_carea' id='block_1_7' title="bbox 1076 2605 1136 2642">
    <p class='ocr_par' dir='ltr' id='par_1_18' title="bbox 1076 2605 1136 2642">
     <span class='ocr_line' id='line_1_56' title="bbox 1076 2605 1136 2642; baseline 0 -3"><span class='ocrx_word' id='word_1_311' title='bbox 1076 2605 1136 2642; x_wconf 78' lang='lat'>595</span> 
     </span>
    </p>
   </div>
   <div class='ocr_carea' id='block_1_8' title="bbox 1073 3072 1135 3116">
    <p class='ocr_par' dir='ltr' id='par_1_19' title="bbox 1073 3072 1135 3116">
     <span class='ocr_line' id='line_1_57' title="bbox 1073 3072 1135 3116; baseline 0.016 -10"><span class='ocrx_word' id='word_1_312' title='bbox 1073 3072 1135 3116; x_wconf 84' lang='lat'>605</span> 
     </span>
    </p>
   </div>
   <div class='ocr_carea' id='block_1_9' title="bbox 527 3224 755 3237">
    <p class='ocr_par' dir='ltr' id='par_1_20' title="bbox 527 3224 755 3237">
     <span class='ocr_line' id='line_1_58' title="bbox 527 3224 755 3237; baseline 0.009 -2"><span class='ocrx_word' id='word_1_313' title='bbox 527 3224 755 3237; x_wconf 58' lang='grc' dir='ltr'>εεεεεε</span> 
     </span>
    </p>
   </div>
   <div class='ocr_carea' id='block_1_10' title="bbox 183 3277 1134 3590">
    <p class='ocr_par' dir='ltr' id='par_1_21' title="bbox 183 3277 1134 3538">
     <span class='ocr_line' id='line_1_59' title="bbox 184 3277 1132 3326; baseline 0.002 -12"><span class='ocrx_word' id='word_1_314' title='bbox 184 3283 302 3324; x_wconf 84' lang='grc' dir='ltr'>πρῶτα</span> <span class='ocrx_word' id='word_1_315' title='bbox 319 3295 380 3324; x_wconf 91' lang='grc' dir='ltr'>μεν</span> <span class='ocrx_word' id='word_1_316' title='bbox 397 3278 528 3326; x_wconf 90' lang='grc' dir='ltr'>χαίρειν</span> <span class='ocrx_word' id='word_1_317' title='bbox 543 3277 755 3323; x_wconf 88' lang='grc' dir='ltr'>Ἀθηναίοισι</span> <span class='ocrx_word' id='word_1_318' title='bbox 773 3279 827 3314; x_wconf 84' lang='grc' dir='ltr'>καὶ</span> <span class='ocrx_word' id='word_1_319' title='bbox 844 3281 915 3316; x_wconf 90' lang='grc' dir='ltr'>τοῖς</span> <span class='ocrx_word' id='word_1_320' title='bbox 932 3279 1132 3326; x_wconf 79' lang='grc' dir='ltr'>ξυμμάχοις·</span> 
     </span>
     <span class='ocr_line' id='line_1_60' title="bbox 187 3328 1134 3379; baseline 0.001 -13"><span class='ocrx_word' id='word_1_321' title='bbox 187 3328 258 3367; x_wconf 78' lang='grc' dir='ltr'>εἶτα</span> <span class='ocrx_word' id='word_1_322' title='bbox 277 3331 448 3377; x_wconf 85' lang='grc' dir='ltr'>θυμαίνειν</span> <span class='ocrx_word' id='word_1_323' title='bbox 464 3332 607 3379; x_wconf 82' lang='grc' dir='ltr'>ἔφασκε·</span> <span class='ocrx_word' id='word_1_324' title='bbox 635 3332 728 3366; x_wconf 84' lang='grc' dir='ltr'>δεινὰ</span> <span class='ocrx_word' id='word_1_325' title='bbox 743 3332 810 3379; x_wconf 84' lang='grc' dir='ltr'>γὰρ</span> <span class='ocrx_word' id='word_1_326' title='bbox 827 3332 1039 3375; x_wconf 88' lang='grc' dir='ltr'>πεπονθέναι,</span> <span class='ocrx_word' id='word_1_327' title='bbox 1070 3337 1134 3371; x_wconf 87' lang='lat'>610</span> 
     </span>
     <span class='ocr_line' id='line_1_61' title="bbox 187 3384 1129 3432; baseline 0.003 -13"><span class='ocrx_word' id='word_1_328' title='bbox 187 3384 365 3431; x_wconf 82' lang='grc' dir='ltr'>ὦφελοῦσ’</span> <span class='ocrx_word' id='word_1_329' title='bbox 383 3386 468 3430; x_wconf 81' lang='grc' dir='ltr'>ὑμᾶς</span> <span class='ocrx_word' id='word_1_330' title='bbox 485 3385 644 3428; x_wconf 81' lang='grc' dir='ltr'>ἅπαντας,</span> <span class='ocrx_word' id='word_1_331' title='bbox 664 3384 704 3419; x_wconf 80' lang='grc' dir='ltr'>οὐ</span> <span class='ocrx_word' id='word_1_332' title='bbox 720 3385 849 3432; x_wconf 84' lang='grc' dir='ltr'>λόγοις,</span> <span class='ocrx_word' id='word_1_333' title='bbox 864 3384 944 3421; x_wconf 84' lang='grc' dir='ltr'>ἀλλ’</span> <span class='ocrx_word' id='word_1_334' title='bbox 962 3385 1129 3431; x_wconf 89' lang='grc' dir='ltr'>ἐμφανῶς.</span> 
     </span>
     <span class='ocr_line' id='line_1_62' title="bbox 183 3437 1130 3486; baseline 0.003 -14"><span class='ocrx_word' id='word_1_335' title='bbox 183 3441 302 3483; x_wconf 91' lang='grc' dir='ltr'>πρῶτα</span> <span class='ocrx_word' id='word_1_336' title='bbox 310 3439 372 3483; x_wconf 81' lang='grc' dir='ltr'>μὲν</span> <span class='ocrx_word' id='word_1_337' title='bbox 384 3441 445 3472; x_wconf 87' lang='grc' dir='ltr'>τοῦ</span> <span class='ocrx_word' id='word_1_338' title='bbox 455 3441 557 3483; x_wconf 90' lang='grc' dir='ltr'>μηνὸς</span> <span class='ocrx_word' id='word_1_339' title='bbox 568 3437 615 3474; x_wconf 86' lang='grc' dir='ltr'>εἷς</span> <span class='ocrx_word' id='word_1_340' title='bbox 627 3437 698 3483; x_wconf 79' lang='grc' dir='ltr'>δᾷδ’</span> <span class='ocrx_word' id='word_1_341' title='bbox 710 3437 770 3473; x_wconf 80' lang='grc' dir='ltr'>οὔκ</span> <span class='ocrx_word' id='word_1_342' title='bbox 780 3437 922 3473; x_wconf 72' lang='grc' dir='ltr'>ἔλαττον</span> <span class='ocrx_word' id='word_1_343' title='bbox 935 3437 955 3484; x_wconf 80' lang='grc' dir='ltr'>ἢ</span> <span class='ocrx_word' id='word_1_344' title='bbox 967 3439 1130 3486; x_wconf 86' lang='grc' dir='ltr'>δραχμὴν,</span> 
     </span>
     <span class='ocr_line' id='line_1_63' title="bbox 185 3489 986 3538; baseline 0.004 -14"><span class='ocrx_word' id='word_1_345' title='bbox 185 3490 276 3525; x_wconf 81' lang='grc' dir='ltr'>ὥστε</span> <span class='ocrx_word' id='word_1_346' title='bbox 293 3492 347 3526; x_wconf 85' lang='grc' dir='ltr'>καὶ</span> <span class='ocrx_word' id='word_1_347' title='bbox 363 3491 479 3538; x_wconf 89' lang='grc' dir='ltr'>λέγειν</span> <span class='ocrx_word' id='word_1_348' title='bbox 496 3491 643 3526; x_wconf 77' lang='grc' dir='ltr'>ἅπαντας</span> <span class='ocrx_word' id='word_1_349' title='bbox 660 3489 811 3534; x_wconf 82' lang='grc' dir='ltr'>ἐξιόντας</span> <span class='ocrx_word' id='word_1_350' title='bbox 829 3490 986 3536; x_wconf 75' lang='grc' dir='ltr'>ἑσπέρας,</span> 
     </span>
    </p>

    <p class='ocr_par' dir='ltr' id='par_1_22' title="bbox 183 3541 1092 3590">
     <span class='ocr_line' id='line_1_64' title="bbox 183 3541 1092 3590; baseline 0.004 -14"><span class='ocrx_word' id='word_1_351' title='bbox 183 3541 230 3587; x_wconf 87' lang='grc' dir='ltr'>μὴ</span> <span class='ocrx_word' id='word_1_352' title='bbox 247 3543 342 3587; x_wconf 86' lang='grc' dir='ltr'>πρίῃ,</span> <span class='ocrx_word' id='word_1_353' title='bbox 359 3545 430 3583; x_wconf 89' lang='grc' dir='ltr'>παῖ,</span> <span class='ocrx_word' id='word_1_354' title='bbox 450 3543 535 3589; x_wconf 78' lang='grc' dir='ltr'>δᾷδ’,</span> <span class='ocrx_word' id='word_1_355' title='bbox 553 3542 668 3588; x_wconf 84' lang='grc' dir='ltr'>ἐπειδὴ</span> <span class='ocrx_word' id='word_1_356' title='bbox 686 3544 763 3590; x_wconf 87' lang='grc' dir='ltr'>φῶς</span> <span class='ocrx_word' id='word_1_357' title='bbox 780 3543 962 3587; x_wconf 81' lang='grc' dir='ltr'>Σεληναίας</span> <span class='ocrx_word' id='word_1_358' title='bbox 978 3545 1092 3580; x_wconf 84' lang='grc' dir='ltr'>καλόν.</span> 
     </span>
    </p>
   </div>
   <div class='ocr_carea' id='block_1_11' title="bbox 184 3594 1238 3645">
    <p class='ocr_par' dir='ltr' id='par_1_23' title="bbox 184 3594 1238 3645">
     <span class='ocr_line' id='line_1_65' title="bbox 184 3594 1238 3645; baseline 0.006 -17"><span class='ocrx_word' id='word_1_359' title='bbox 184 3594 276 3629; x_wconf 78' lang='grc' dir='ltr'>ἄλλα</span> <span class='ocrx_word' id='word_1_360' title='bbox 294 3595 322 3628; x_wconf 82' lang='grc' dir='ltr'>τ’</span> <span class='ocrx_word' id='word_1_361' title='bbox 336 3594 374 3630; x_wconf 78' lang='grc' dir='ltr'>εὖ</span> <span class='ocrx_word' id='word_1_362' title='bbox 388 3596 469 3642; x_wconf 88' lang='grc' dir='ltr'>δρᾶν</span> <span class='ocrx_word' id='word_1_363' title='bbox 483 3597 602 3642; x_wconf 89' lang='grc' dir='ltr'>φησιν,</span> <span class='ocrx_word' id='word_1_364' title='bbox 617 3596 703 3641; x_wconf 80' lang='grc' dir='ltr'>ὑμᾶς</span> <span class='ocrx_word' id='word_1_365' title='bbox 713 3595 742 3632; x_wconf 72' lang='grc' dir='ltr'>δ’</span> <span class='ocrx_word' id='word_1_366' title='bbox 757 3595 817 3631; x_wconf 81' lang='grc' dir='ltr'>οὔκ</span> <span class='ocrx_word' id='word_1_367' title='bbox 828 3596 923 3643; x_wconf 88' lang='grc' dir='ltr'>ἄγειν</span> <span class='ocrx_word' id='word_1_368' title='bbox 933 3598 992 3634; x_wconf 84' lang='grc' dir='ltr'>τὰς</span> <span class='ocrx_word' id='word_1_369' title='bbox 1005 3597 1130 3645; x_wconf 77' lang='grc' dir='ltr'>ἡμέρας</span> <span class='ocrx_word' id='word_1_370' title='bbox 1169 3604 1238 3636; x_wconf 72' lang='grc' dir='ltr'>ΞΩ.</span> 
     </span>
    </p>
   </div>
   <div class='ocr_carea' id='block_1_12' title="bbox 185 3647 1139 3696">
    <p class='ocr_par' dir='ltr' id='par_1_24' title="bbox 185 3647 1139 3696">
     <span class='ocr_line' id='line_1_66' title="bbox 185 3647 1139 3696; baseline 0.008 -15"><span class='ocrx_word' id='word_1_371' title='bbox 185 3647 282 3683; x_wconf 74' lang='grc' dir='ltr'>οὐδὲν</span> <span class='ocrx_word' id='word_1_372' title='bbox 299 3647 419 3696; x_wconf 84' lang='grc' dir='ltr'>ὀρθῶς,</span> <span class='ocrx_word' id='word_1_373' title='bbox 438 3648 519 3686; x_wconf 85' lang='grc' dir='ltr'>ἀλλ’</span> <span class='ocrx_word' id='word_1_374' title='bbox 534 3648 602 3684; x_wconf 81' lang='grc' dir='ltr'>ἅνω</span> <span class='ocrx_word' id='word_1_375' title='bbox 614 3663 653 3685; x_wconf 88' lang='grc' dir='ltr'>τε</span> <span class='ocrx_word' id='word_1_376' title='bbox 663 3649 718 3686; x_wconf 82' lang='grc' dir='ltr'>καὶ</span> <span class='ocrx_word' id='word_1_377' title='bbox 729 3651 818 3687; x_wconf 85' lang='grc' dir='ltr'>κάτω</span> <span class='ocrx_word' id='word_1_378' title='bbox 829 3650 1041 3687; x_wconf 76' lang='grc' dir='ltr'>κυδοιδοπᾶν·</span> <span class='ocrx_word' id='word_1_379' title='bbox 1075 3655 1139 3689; x_wconf 91' lang='lat'>616</span> 
     </span>
    </p>
   </div>
   <div class='ocr_carea' id='block_1_13' title="bbox 1189 993 1256 1025">
    <p class='ocr_par' dir='ltr' id='par_1_25' title="bbox 1189 993 1256 1025">
     <span class='ocr_line' id='line_1_67' title="bbox 1189 993 1256 1025; baseline 0.015 -1"><span class='ocrx_word' id='word_1_380' title='bbox 1189 993 1256 1025; x_wconf 87' lang='grc' dir='ltr'>ΣΩ.</span> 
     </span>
    </p>
   </div>
   <div class='ocr_carea' id='block_1_14' title="bbox 1184 1365 1254 1505">
    <p class='ocr_par' dir='ltr' id='par_1_26' title="bbox 1184 1365 1254 1505">
     <span class='ocr_line' id='line_1_68' title="bbox 1185 1365 1247 1396; baseline 0 -1"><span class='ocrx_word' id='word_1_381' title='bbox 1185 1365 1247 1396; x_wconf 88' lang='grc' dir='ltr'>ΣΤ.</span> 
     </span>
     <span class='ocr_line' id='line_1_69' title="bbox 1185 1420 1254 1450; baseline 0.014 -1"><span class='ocrx_word' id='word_1_382' title='bbox 1185 1420 1254 1450; x_wconf 86' lang='grc' dir='ltr'>ΣΩ.</span> 
     </span>
     <span class='ocr_line' id='line_1_70' title="bbox 1184 1473 1252 1505; baseline -0.029 0"><span class='ocrx_word' id='word_1_383' title='bbox 1184 1473 1252 1505; x_wconf 87' lang='grc' dir='ltr'>ΣΩ.</span> 
     </span>
    </p>
   </div>
   <div class='ocr_carea' id='block_1_15' title="bbox 1181 1742 1248 1772">
    <p class='ocr_par' dir='ltr' id='par_1_27' title="bbox 1181 1742 1248 1772">
     <span class='ocr_line' id='line_1_71' title="bbox 1181 1742 1248 1772; baseline 0 0"><span class='ocrx_word' id='word_1_384' title='bbox 1181 1742 1248 1772; x_wconf 91' lang='grc' dir='ltr'>ΣΩ.</span> 
     </span>
    </p>
   </div>
   <div class='ocr_carea' id='block_1_16' title="bbox 1181 1902 1250 1987">
    <p class='ocr_par' dir='ltr' id='par_1_28' title="bbox 1181 1902 1250 1987">
     <span class='ocr_line' id='line_1_72' title="bbox 1182 1902 1250 1932; baseline 0 0"><span class='ocrx_word' id='word_1_385' title='bbox 1182 1902 1250 1932; x_wconf 91' lang='grc' dir='ltr'>ΣΩ.</span> 
     </span>
     <span class='ocr_line' id='line_1_73' title="bbox 1181 1956 1244 1987; baseline -0.032 0"><span class='ocrx_word' id='word_1_386' title='bbox 1181 1956 1244 1987; x_wconf 87' lang='grc' dir='ltr'>ΣΤ.</span> 
     </span>
    </p>
   </div>
   <div class='ocr_carea' id='block_1_17' title="bbox 1182 2063 1248 2094">
    <p class='ocr_par' dir='ltr' id='par_1_29' title="bbox 1182 2063 1248 2094">
     <span class='ocr_line' id='line_1_74' title="bbox 1182 2063 1248 2094; baseline -0.015 0"><span class='ocrx_word' id='word_1_387' title='bbox 1182 2063 1248 2094; x_wconf 88' lang='grc' dir='ltr'>ΣΩ.</span> 
     </span>
    </p>
   </div>
   <div class='ocr_carea' id='block_1_18' title="bbox 1181 2170 1243 2200">
    <p class='ocr_par' dir='ltr' id='par_1_30' title="bbox 1181 2170 1243 2200">
     <span class='ocr_line' id='line_1_75' title="bbox 1181 2170 1243 2200; baseline 0 0"><span class='ocrx_word' id='word_1_388' title='bbox 1181 2170 1243 2200; x_wconf 86' lang='grc' dir='ltr'>ΣΤ.</span> 
     </span>
    </p>
   </div>
   <div class='ocr_carea' id='block_1_19' title="bbox 1180 2223 1248 2254">
    <p class='ocr_par' dir='ltr' id='par_1_31' title="bbox 1180 2223 1248 2254">
     <span class='ocr_line' id='line_1_76' title="bbox 1180 2223 1248 2254; baseline 0.015 -1"><span class='ocrx_word' id='word_1_389' title='bbox 1180 2223 1248 2254; x_wconf 87' lang='grc' dir='ltr'>ΣΩ.</span> 
     </span>
    </p>
   </div>
   <div class='ocr_carea' id='block_1_20' title="bbox 1180 2383 1243 2413">
    <p class='ocr_par' dir='ltr' id='par_1_32' title="bbox 1180 2383 1243 2413">
     <span class='ocr_line' id='line_1_77' title="bbox 1180 2383 1243 2413; baseline 0 -1"><span class='ocrx_word' id='word_1_390' title='bbox 1180 2383 1243 2413; x_wconf 88' lang='grc' dir='ltr'>ΣΤ.</span> 
     </span>
    </p>
   </div>
   <div class='ocr_carea' id='block_1_21' title="bbox 1180 2542 1248 2572">
    <p class='ocr_par' dir='ltr' id='par_1_33' title="bbox 1180 2542 1248 2572">
     <span class='ocr_line' id='line_1_78' title="bbox 1180 2542 1248 2572; baseline 0.015 -1"><span class='ocrx_word' id='word_1_391' title='bbox 1180 2542 1248 2572; x_wconf 89' lang='grc' dir='ltr'>ΣΩ.</span> 
     </span>
    </p>
   </div>
   <div class='ocr_carea' id='block_1_22' title="bbox 1179 2596 1240 2627">
    <p class='ocr_par' dir='ltr' id='par_1_34' title="bbox 1179 2596 1240 2627">
     <span class='ocr_line' id='line_1_79' title="bbox 1179 2596 1240 2627; baseline 0 -1"><span class='ocrx_word' id='word_1_392' title='bbox 1179 2596 1240 2627; x_wconf 84' lang='grc' dir='ltr'>ΣΤ.</span> 
     </span>
    </p>
   </div>
   <div class='ocr_carea' id='block_1_23' title="bbox 1177 2703 1246 2788">
    <p class='ocr_par' dir='ltr' id='par_1_35' title="bbox 1177 2703 1246 2788">
     <span class='ocr_line' id='line_1_80' title="bbox 1178 2703 1241 2733; baseline 0 0"><span class='ocrx_word' id='word_1_393' title='bbox 1178 2703 1241 2733; x_wconf 89' lang='grc' dir='ltr'>ΣΤ.</span> 
     </span>
     <span class='ocr_line' id='line_1_81' title="bbox 1177 2757 1246 2788; baseline -0.029 0"><span class='ocrx_word' id='word_1_394' title='bbox 1177 2757 1246 2788; x_wconf 89' lang='grc' dir='ltr'>ΣΩ.</span> 
     </span>
    </p>
   </div>
   <div class='ocr_carea' id='block_1_24' title="bbox 1172 2863 1242 3423">
    <p class='ocr_par' dir='ltr' id='par_1_36' title="bbox 1172 2863 1242 3423">
     <span class='ocr_line' id='line_1_82' title="bbox 1177 2863 1241 2893; baseline -0.016 0"><span class='ocrx_word' id='word_1_395' title='bbox 1177 2863 1241 2893; x_wconf 90' lang='grc' dir='ltr'>ΣΤ.</span> 
     </span>
     <span class='ocr_line' id='line_1_83' title="bbox 1176 2968 1242 2998; baseline 0 0"><span class='ocrx_word' id='word_1_396' title='bbox 1176 2968 1242 2998; x_wconf 87' lang='grc' dir='ltr'>ΣΩ.</span> 
     </span>
     <span class='ocr_line' id='line_1_84' title="bbox 1175 3076 1238 3106; baseline -0.016 0"><span class='ocrx_word' id='word_1_397' title='bbox 1175 3076 1238 3106; x_wconf 88' lang='grc' dir='ltr'>ΣΤ.</span> 
     </span>
     <span class='ocr_line' id='line_1_85' title="bbox 1175 3129 1238 3158; baseline 0 0"><span class='ocrx_word' id='word_1_398' title='bbox 1175 3129 1238 3158; x_wconf 90' lang='grc' dir='ltr'>ΣΤ.</span> 
     </span>
     <span class='ocr_line' id='line_1_86' title="bbox 1174 3182 1241 3211; baseline 0 0"><span class='ocrx_word' id='word_1_399' title='bbox 1174 3182 1241 3211; x_wconf 89' lang='grc' dir='ltr'>ΣΩ·</span> 
     </span>
     <span class='ocr_line' id='line_1_87' title="bbox 1174 3234 1235 3265; baseline 0 -1"><span class='ocrx_word' id='word_1_400' title='bbox 1174 3234 1235 3265; x_wconf 90' lang='grc' dir='ltr'>ΣΤ.</span> 
     </span>
     <span class='ocr_line' id='line_1_88' title="bbox 1172 3392 1241 3423; baseline 0 -1"><span class='ocrx_word' id='word_1_401' title='bbox 1172 3392 1241 3423; x_wconf 89' lang='grc' dir='ltr'>ΣΩ.</span> 
     </span>
    </p>
   </div>
   <div class='ocr_carea' id='block_1_25' title="bbox 1170 3499 1236 3529">
    <p class='ocr_par' dir='ltr' id='par_1_37' title="bbox 1170 3499 1236 3529">
     <span class='ocr_line' id='line_1_89' title="bbox 1170 3499 1236 3529; baseline 0 0"><span class='ocrx_word' id='word_1_402' title='bbox 1170 3499 1236 3529; x_wconf 90' lang='grc' dir='ltr'>ΣΤ.</span> 
     </span>
    </p>
   </div>
   <div class='ocr_carea' id='block_1_26' title="bbox 2165 289 2250 338">
    <p class='ocr_par' dir='ltr' id='par_1_38' title="bbox 2165 289 2250 338">
     <span class='ocr_line' id='line_1_90' title="bbox 2165 289 2250 338; baseline 0 0"><span class='ocrx_word' id='word_1_403' title='bbox 2165 289 2250 338; x_wconf 79' lang='grc'>468</span> 
     </span>
    </p>
   </div>
   <div class='ocr_carea' id='block_1_27' title="bbox 1291 401 2250 1144">
    <p class='ocr_par' dir='ltr' id='par_1_39' title="bbox 1301 401 2182 451">
     <span class='ocr_line' id='line_1_91' title="bbox 1301 401 2182 451; baseline 0.005 -13"><span class='ocrx_word' id='word_1_404' title='bbox 1301 401 1384 439; x_wconf 79' lang='grc' dir='ltr'>ὥστ’</span> <span class='ocrx_word' id='word_1_405' title='bbox 1403 401 1556 439; x_wconf 73' lang='grc' dir='ltr'>ἀπειλεῖν</span> <span class='ocrx_word' id='word_1_406' title='bbox 1572 402 1684 451; x_wconf 90' lang='grc' dir='ltr'>φησιν</span> <span class='ocrx_word' id='word_1_407' title='bbox 1700 404 1784 451; x_wconf 72' lang='grc' dir='ltr'>αὐτῇ</span> <span class='ocrx_word' id='word_1_408' title='bbox 1803 403 1884 441; x_wconf 73' lang='grc' dir='ltr'>τοὺς</span> <span class='ocrx_word' id='word_1_409' title='bbox 1901 403 2001 442; x_wconf 72' lang='grc' dir='ltr'>θεοὺς</span> <span class='ocrx_word' id='word_1_410' title='bbox 2018 404 2182 442; x_wconf 70' lang='grc' dir='ltr'>ἑκάστοτε</span> 
     </span>
    </p>

    <p class='ocr_par' dir='ltr' id='par_1_40' title="bbox 1300 455 2146 504">
     <span class='ocr_line' id='line_1_92' title="bbox 1300 455 2146 504; baseline 0.005 -12"><span class='ocrx_word' id='word_1_411' title='bbox 1300 455 1385 501; x_wconf 86' lang='grc' dir='ltr'>ἡνίκ’</span> <span class='ocrx_word' id='word_1_412' title='bbox 1404 456 1447 493; x_wconf 69' lang='grc' dir='ltr'>ἂν</span> <span class='ocrx_word' id='word_1_413' title='bbox 1464 457 1654 504; x_wconf 81' lang='grc' dir='ltr'>ψευσθῶσι</span> <span class='ocrx_word' id='word_1_414' title='bbox 1671 457 1817 499; x_wconf 86' lang='grc' dir='ltr'>δείπνου,</span> <span class='ocrx_word' id='word_1_415' title='bbox 1838 458 2006 495; x_wconf 81' lang='grc' dir='ltr'>κάπίωσιν</span> <span class='ocrx_word' id='word_1_416' title='bbox 2022 458 2146 501; x_wconf 76' lang='grc' dir='ltr'>οἴκαδε,</span> 
     </span>
    </p>

    <p class='ocr_par' dir='ltr' id='par_1_41' title="bbox 1298 510 2199 559">
     <span class='ocr_line' id='line_1_93' title="bbox 1298 510 2199 559; baseline 0.003 -13"><span class='ocrx_word' id='word_1_417' title='bbox 1298 511 1359 555; x_wconf 89' lang='grc' dir='ltr'>τῆς</span> <span class='ocrx_word' id='word_1_418' title='bbox 1377 510 1494 556; x_wconf 75' lang='grc' dir='ltr'>ἑορτῆς</span> <span class='ocrx_word' id='word_1_419' title='bbox 1509 510 1555 555; x_wconf 84' lang='grc' dir='ltr'>μὴ</span> <span class='ocrx_word' id='word_1_420' title='bbox 1573 513 1734 556; x_wconf 85' lang='grc' dir='ltr'>τυχόντες</span> <span class='ocrx_word' id='word_1_421' title='bbox 1752 511 1835 546; x_wconf 80' lang='grc' dir='ltr'>κατὰ</span> <span class='ocrx_word' id='word_1_422' title='bbox 1851 512 1959 559; x_wconf 90' lang='grc' dir='ltr'>λόγον</span> <span class='ocrx_word' id='word_1_423' title='bbox 1975 515 2043 548; x_wconf 84' lang='grc' dir='ltr'>τῶν</span> <span class='ocrx_word' id='word_1_424' title='bbox 2057 511 2199 559; x_wconf 84' lang='grc' dir='ltr'>ἡμερῶν.</span> 
     </span>
    </p>

    <p class='ocr_par' dir='ltr' id='par_1_42' title="bbox 1297 561 2250 610">
     <span class='ocr_line' id='line_1_94' title="bbox 1297 561 2250 610; baseline 0.003 -12"><span class='ocrx_word' id='word_1_425' title='bbox 1297 561 1373 610; x_wconf 80' lang='grc' dir='ltr'>κᾷθ’</span> <span class='ocrx_word' id='word_1_426' title='bbox 1394 561 1474 599; x_wconf 84' lang='grc' dir='ltr'>ὅταν</span> <span class='ocrx_word' id='word_1_427' title='bbox 1491 562 1584 599; x_wconf 85' lang='grc' dir='ltr'>θύειν</span> <span class='ocrx_word' id='word_1_428' title='bbox 1602 565 1672 609; x_wconf 83' lang='grc' dir='ltr'>δέῃ,</span> <span class='ocrx_word' id='word_1_429' title='bbox 1694 565 1907 609; x_wconf 84' lang='grc' dir='ltr'>στρεβλοῦτε</span> <span class='ocrx_word' id='word_1_430' title='bbox 1925 565 1979 600; x_wconf 83' lang='grc' dir='ltr'>καὶ</span> <span class='ocrx_word' id='word_1_431' title='bbox 1997 565 2158 610; x_wconf 70' lang='grc' dir='ltr'>δικάζετε·</span> <span class='ocrx_word' id='word_1_432' title='bbox 2186 569 2250 605; x_wconf 79' lang='lat'>620</span> 
     </span>
    </p>

    <p class='ocr_par' dir='ltr' id='par_1_43' title="bbox 1296 616 2179 664">
     <span class='ocr_line' id='line_1_95' title="bbox 1296 616 2179 664; baseline 0.002 -12"><span class='ocrx_word' id='word_1_433' title='bbox 1296 616 1465 653; x_wconf 83' lang='grc' dir='ltr'>πολλάκις</span> <span class='ocrx_word' id='word_1_434' title='bbox 1483 617 1513 652; x_wconf 88' lang='grc' dir='ltr'>δ’</span> <span class='ocrx_word' id='word_1_435' title='bbox 1533 616 1626 663; x_wconf 85' lang='grc' dir='ltr'>ἡμῶν</span> <span class='ocrx_word' id='word_1_436' title='bbox 1643 617 1794 664; x_wconf 85' lang='grc' dir='ltr'>ἀγόντων</span> <span class='ocrx_word' id='word_1_437' title='bbox 1811 620 1877 652; x_wconf 85' lang='grc' dir='ltr'>τῶν</span> <span class='ocrx_word' id='word_1_438' title='bbox 1895 617 1980 653; x_wconf 87' lang='grc' dir='ltr'>θεῶν</span> <span class='ocrx_word' id='word_1_439' title='bbox 1997 618 2179 662; x_wconf 86' lang='grc' dir='ltr'>ἀπαστίαν,</span> 
     </span>
    </p>

    <p class='ocr_par' dir='ltr' id='par_1_44' title="bbox 1295 668 2176 717">
     <span class='ocr_line' id='line_1_96' title="bbox 1295 668 2176 717; baseline 0.003 -13"><span class='ocrx_word' id='word_1_440' title='bbox 1295 668 1379 714; x_wconf 84' lang='grc' dir='ltr'>ἡνίκ’</span> <span class='ocrx_word' id='word_1_441' title='bbox 1400 669 1441 704; x_wconf 80' lang='grc' dir='ltr'>ἂν</span> <span class='ocrx_word' id='word_1_442' title='bbox 1457 671 1632 716; x_wconf 80' lang='grc' dir='ltr'>πενθῶμεν</span> <span class='ocrx_word' id='word_1_443' title='bbox 1649 669 1669 715; x_wconf 83' lang='grc' dir='ltr'>ἢ</span> <span class='ocrx_word' id='word_1_444' title='bbox 1686 671 1746 705; x_wconf 82' lang='grc' dir='ltr'>τὸν</span> <span class='ocrx_word' id='word_1_445' title='bbox 1764 669 1912 716; x_wconf 83' lang='grc' dir='ltr'>Μέμνον’</span> <span class='ocrx_word' id='word_1_446' title='bbox 1927 669 1947 715; x_wconf 82' lang='grc' dir='ltr'>ἢ</span> <span class='ocrx_word' id='word_1_447' title='bbox 1967 672 2176 717; x_wconf 86' lang='grc' dir='ltr'>Σαρπηδόνα,</span> 
     </span>
    </p>

    <p class='ocr_par' dir='ltr' id='par_1_45' title="bbox 1295 722 2249 819">
     <span class='ocr_line' id='line_1_97' title="bbox 1295 722 2249 774; baseline 0.001 -14"><span class='ocrx_word' id='word_1_448' title='bbox 1295 722 1452 760; x_wconf 85' lang='grc' dir='ltr'>σπένδεθ’</span> <span class='ocrx_word' id='word_1_449' title='bbox 1479 723 1574 769; x_wconf 81' lang='grc' dir='ltr'>ὑμεῖς</span> <span class='ocrx_word' id='word_1_450' title='bbox 1599 723 1654 760; x_wconf 79' lang='grc' dir='ltr'>καὶ</span> <span class='ocrx_word' id='word_1_451' title='bbox 1675 723 1804 771; x_wconf 80' lang='grc' dir='ltr'>γελᾶτ’·</span> <span class='ocrx_word' id='word_1_452' title='bbox 1831 722 1906 759; x_wconf 80' lang='grc' dir='ltr'>ἀνθ’</span> <span class='ocrx_word' id='word_1_453' title='bbox 1933 724 1979 759; x_wconf 77' lang='grc' dir='ltr'>ῶν</span> <span class='ocrx_word' id='word_1_454' title='bbox 1994 725 2113 770; x_wconf 83' lang='grc' dir='ltr'>λαχὼν</span> <span class='ocrx_word' id='word_1_455' title='bbox 2128 725 2249 774; x_wconf 80' lang='grc' dir='ltr'>Ὑπέρ-</span> 
     </span>
     <span class='ocr_line' id='line_1_98' title="bbox 1347 777 1457 819; baseline 0.009 -8"><span class='ocrx_word' id='word_1_456' title='bbox 1347 777 1457 819; x_wconf 90' lang='grc' dir='ltr'>βολος</span> 
     </span>
    </p>

    <p class='ocr_par' dir='ltr' id='par_1_46' title="bbox 1294 829 2249 879">
     <span class='ocr_line' id='line_1_99' title="bbox 1294 829 2249 879; baseline 0.005 -14"><span class='ocrx_word' id='word_1_457' title='bbox 1294 831 1392 875; x_wconf 87' lang='grc' dir='ltr'>τῆτες</span> <span class='ocrx_word' id='word_1_458' title='bbox 1403 830 1661 877; x_wconf 80' lang='grc' dir='ltr'>ἱερομνημονεῖν,</span> <span class='ocrx_word' id='word_1_459' title='bbox 1675 829 1806 867; x_wconf 83' lang='grc' dir='ltr'>κᾶπειθ’</span> <span class='ocrx_word' id='word_1_460' title='bbox 1822 829 1885 878; x_wconf 87' lang='grc' dir='ltr'>ὑφ’</span> <span class='ocrx_word' id='word_1_461' title='bbox 1900 830 1994 878; x_wconf 86' lang='grc' dir='ltr'>ἡμῶν</span> <span class='ocrx_word' id='word_1_462' title='bbox 2006 835 2073 868; x_wconf 91' lang='grc' dir='ltr'>τῶν</span> <span class='ocrx_word' id='word_1_463' title='bbox 2087 832 2173 868; x_wconf 87' lang='grc' dir='ltr'>θεῶν</span> <span class='ocrx_word' id='word_1_464' title='bbox 2184 837 2249 879; x_wconf 81' lang='lat'>6²4</span> 
     </span>
    </p>

    <p class='ocr_par' dir='ltr' id='par_1_47' title="bbox 1294 883 2248 932">
     <span class='ocr_line' id='line_1_100' title="bbox 1294 883 2248 932; baseline 0.004 -14"><span class='ocrx_word' id='word_1_465' title='bbox 1294 884 1353 919; x_wconf 89' lang='grc' dir='ltr'>τὸν</span> <span class='ocrx_word' id='word_1_466' title='bbox 1370 883 1546 930; x_wconf 86' lang='grc' dir='ltr'>στέφανον</span> <span class='ocrx_word' id='word_1_467' title='bbox 1562 883 1729 930; x_wconf 85' lang='grc' dir='ltr'>ἀφῃρέθη·</span> <span class='ocrx_word' id='word_1_468' title='bbox 1756 885 1893 929; x_wconf 87' lang='grc' dir='ltr'>μᾶλλον</span> <span class='ocrx_word' id='word_1_469' title='bbox 1908 886 1976 932; x_wconf 87' lang='grc' dir='ltr'>γὰρ</span> <span class='ocrx_word' id='word_1_470' title='bbox 1994 884 2100 921; x_wconf 76' lang='grc' dir='ltr'>οὕτως</span> <span class='ocrx_word' id='word_1_471' title='bbox 2118 885 2248 922; x_wconf 78' lang='grc' dir='ltr'>εἵσεται</span> 
     </span>
    </p>

    <p class='ocr_par' dir='ltr' id='par_1_48' title="bbox 1294 936 2202 984">
     <span class='ocr_line' id='line_1_101' title="bbox 1294 936 2202 984; baseline 0.004 -12"><span class='ocrx_word' id='word_1_472' title='bbox 1294 937 1378 972; x_wconf 88' lang='grc' dir='ltr'>κατὰ</span> <span class='ocrx_word' id='word_1_473' title='bbox 1395 936 1543 982; x_wconf 89' lang='grc' dir='ltr'>σελήνην</span> <span class='ocrx_word' id='word_1_474' title='bbox 1561 939 1606 974; x_wconf 87' lang='grc' dir='ltr'>ὡς</span> <span class='ocrx_word' id='word_1_475' title='bbox 1621 938 1716 984; x_wconf 74' lang='grc' dir='ltr'>ἄγειν</span> <span class='ocrx_word' id='word_1_476' title='bbox 1732 937 1800 983; x_wconf 87' lang='grc' dir='ltr'>χρὴ</span> <span class='ocrx_word' id='word_1_477' title='bbox 1814 940 1875 972; x_wconf 89' lang='grc' dir='ltr'>τοῦ</span> <span class='ocrx_word' id='word_1_478' title='bbox 1891 938 1972 980; x_wconf 87' lang='grc' dir='ltr'>βίου</span> <span class='ocrx_word' id='word_1_479' title='bbox 1989 938 2050 973; x_wconf 83' lang='grc' dir='ltr'>τὰς</span> <span class='ocrx_word' id='word_1_480' title='bbox 2067 937 2202 984; x_wconf 87' lang='grc' dir='ltr'>ἡμέρας.</span> 
     </span>
    </p>

    <p class='ocr_par' dir='ltr' id='par_1_49' title="bbox 1291 987 2156 1038">
     <span class='ocr_line' id='line_1_102' title="bbox 1291 987 2156 1038; baseline 0.001 -12"><span class='ocrx_word' id='word_1_481' title='bbox 1291 991 1339 1036; x_wconf 85' lang='grc' dir='ltr'>μὰ</span> <span class='ocrx_word' id='word_1_482' title='bbox 1356 990 1417 1035; x_wconf 85' lang='grc' dir='ltr'>τὴν</span> <span class='ocrx_word' id='word_1_483' title='bbox 1436 987 1636 1036; x_wconf 85' lang='grc' dir='ltr'>Ἀναπνοὴν,</span> <span class='ocrx_word' id='word_1_484' title='bbox 1657 991 1704 1036; x_wconf 84' lang='grc' dir='ltr'>μὰ</span> <span class='ocrx_word' id='word_1_485' title='bbox 1722 991 1762 1025; x_wconf 90' lang='grc' dir='ltr'>τὸ</span> <span class='ocrx_word' id='word_1_486' title='bbox 1780 991 1881 1032; x_wconf 86' lang='grc' dir='ltr'>Χάος,</span> <span class='ocrx_word' id='word_1_487' title='bbox 1899 992 1947 1036; x_wconf 86' lang='grc' dir='ltr'>μὰ</span> <span class='ocrx_word' id='word_1_488' title='bbox 1964 992 2025 1026; x_wconf 85' lang='grc' dir='ltr'>τὸν</span> <span class='ocrx_word' id='word_1_489' title='bbox 2041 990 2156 1038; x_wconf 88' lang='grc' dir='ltr'>Ἀέρα,</span> 
     </span>
    </p>

    <p class='ocr_par' dir='ltr' id='par_1_50' title="bbox 1293 1041 2006 1091">
     <span class='ocr_line' id='line_1_103' title="bbox 1293 1041 2006 1091; baseline 0.001 -13"><span class='ocrx_word' id='word_1_490' title='bbox 1293 1045 1352 1079; x_wconf 78' lang='grc' dir='ltr'>οὐκ</span> <span class='ocrx_word' id='word_1_491' title='bbox 1371 1041 1462 1080; x_wconf 80' lang='grc' dir='ltr'>εἶδον</span> <span class='ocrx_word' id='word_1_492' title='bbox 1478 1043 1586 1081; x_wconf 79' lang='grc' dir='ltr'>οὕτως</span> <span class='ocrx_word' id='word_1_493' title='bbox 1602 1043 1694 1088; x_wconf 79' lang='grc' dir='ltr'>ἄνδρ’</span> <span class='ocrx_word' id='word_1_494' title='bbox 1712 1045 1871 1091; x_wconf 81' lang='grc' dir='ltr'>ἄγροικον</span> <span class='ocrx_word' id='word_1_495' title='bbox 1888 1045 2006 1080; x_wconf 85' lang='grc' dir='ltr'>οὐδένα</span> 
     </span>
    </p>

    <p class='ocr_par' dir='ltr' id='par_1_51' title="bbox 1293 1096 2076 1144">
     <span class='ocr_line' id='line_1_104' title="bbox 1293 1096 2076 1144; baseline 0.004 -13"><span class='ocrx_word' id='word_1_496' title='bbox 1293 1096 1363 1132; x_wconf 80' lang='grc' dir='ltr'>οὐδ’</span> <span class='ocrx_word' id='word_1_497' title='bbox 1383 1098 1511 1144; x_wconf 83' lang='grc' dir='ltr'>ἄπορον</span> <span class='ocrx_word' id='word_1_498' title='bbox 1528 1098 1606 1133; x_wconf 76' lang='grc' dir='ltr'>οὐδὲ</span> <span class='ocrx_word' id='word_1_499' title='bbox 1624 1099 1744 1133; x_wconf 87' lang='grc' dir='ltr'>σκαιὸν</span> <span class='ocrx_word' id='word_1_500' title='bbox 1761 1096 1831 1132; x_wconf 81' lang='grc' dir='ltr'>οὐδ’</span> <span class='ocrx_word' id='word_1_501' title='bbox 1852 1096 2076 1143; x_wconf 85' lang='grc' dir='ltr'>ἐπιλήσμονα·</span> 
     </span>
    </p>
   </div>
   <div class='ocr_carea' id='block_1_28' title="bbox 1290 1149 2248 1413">
    <p class='ocr_par' dir='ltr' id='par_1_52' title="bbox 1290 1149 2248 1305">
     <span class='ocr_line' id='line_1_105' title="bbox 1295 1149 2248 1199; baseline 0.002 -14"><span class='ocrx_word' id='word_1_502' title='bbox 1295 1149 1392 1188; x_wconf 86' lang='grc' dir='ltr'>ὅστις</span> <span class='ocrx_word' id='word_1_503' title='bbox 1411 1150 1683 1197; x_wconf 89' lang='grc' dir='ltr'>σκαλαθυρμάτι’</span> <span class='ocrx_word' id='word_1_504' title='bbox 1703 1150 1787 1186; x_wconf 85' lang='grc' dir='ltr'>ἄττα</span> <span class='ocrx_word' id='word_1_505' title='bbox 1803 1151 1906 1198; x_wconf 86' lang='grc' dir='ltr'>μικρὰ</span> <span class='ocrx_word' id='word_1_506' title='bbox 1922 1150 2110 1196; x_wconf 87' lang='grc' dir='ltr'>μανθάνων,</span> <span class='ocrx_word' id='word_1_507' title='bbox 2181 1155 2248 1199; x_wconf 83' lang='lat'>630</span> 
     </span>
     <span class='ocr_line' id='line_1_106' title="bbox 1290 1203 2135 1254; baseline 0.001 -15"><span class='ocrx_word' id='word_1_508' title='bbox 1290 1203 1384 1239; x_wconf 84' lang='grc' dir='ltr'>ταῦτ’</span> <span class='ocrx_word' id='word_1_509' title='bbox 1403 1205 1630 1249; x_wconf 81' lang='grc' dir='ltr'>ἐπιλέλησται</span> <span class='ocrx_word' id='word_1_510' title='bbox 1647 1203 1728 1250; x_wconf 83' lang='grc' dir='ltr'>πρὶν</span> <span class='ocrx_word' id='word_1_511' title='bbox 1743 1203 1875 1250; x_wconf 88' lang='grc' dir='ltr'>μαθεῖν·</span> <span class='ocrx_word' id='word_1_512' title='bbox 1903 1203 1994 1250; x_wconf 84' lang='grc' dir='ltr'>ὅμως</span> <span class='ocrx_word' id='word_1_513' title='bbox 2010 1220 2052 1254; x_wconf 86' lang='grc' dir='ltr'>γε</span> <span class='ocrx_word' id='word_1_514' title='bbox 2069 1205 2135 1251; x_wconf 81' lang='grc' dir='ltr'>μὴν</span> 
     </span>
     <span class='ocr_line' id='line_1_107' title="bbox 1290 1256 2023 1305; baseline 0.001 -14"><span class='ocrx_word' id='word_1_515' title='bbox 1290 1258 1392 1292; x_wconf 83' lang='grc' dir='ltr'>αὐτὸν</span> <span class='ocrx_word' id='word_1_516' title='bbox 1409 1260 1501 1294; x_wconf 90' lang='grc' dir='ltr'>καλῶ</span> <span class='ocrx_word' id='word_1_517' title='bbox 1521 1256 1644 1305; x_wconf 78' lang='grc' dir='ltr'>θύραζε</span> <span class='ocrx_word' id='word_1_518' title='bbox 1662 1258 1755 1304; x_wconf 76' lang='grc' dir='ltr'>δευρὶ</span> <span class='ocrx_word' id='word_1_519' title='bbox 1774 1259 1860 1304; x_wconf 82' lang='grc' dir='ltr'>πρὸς</span> <span class='ocrx_word' id='word_1_520' title='bbox 1877 1259 1917 1293; x_wconf 87' lang='grc' dir='ltr'>τὸ</span> <span class='ocrx_word' id='word_1_521' title='bbox 1936 1257 2023 1303; x_wconf 89' lang='grc' dir='ltr'>φῶς.</span> 
     </span>
    </p>

    <p class='ocr_par' dir='ltr' id='par_1_53' title="bbox 1290 1310 2124 1359">
     <span class='ocr_line' id='line_1_108' title="bbox 1290 1310 2124 1359; baseline 0 -13"><span class='ocrx_word' id='word_1_522' title='bbox 1290 1313 1357 1346; x_wconf 88' lang='grc' dir='ltr'>ποῦ</span> <span class='ocrx_word' id='word_1_523' title='bbox 1376 1311 1611 1359; x_wconf 81' lang='grc' dir='ltr'>Στρεψιάδης,·</span> <span class='ocrx_word' id='word_1_524' title='bbox 1637 1310 1708 1354; x_wconf 79' lang='grc' dir='ltr'>ἕξει</span> <span class='ocrx_word' id='word_1_525' title='bbox 1726 1311 1786 1347; x_wconf 87' lang='grc' dir='ltr'>τὸν</span> <span class='ocrx_word' id='word_1_526' title='bbox 1803 1311 1975 1355; x_wconf 78' lang='grc' dir='ltr'>ἀσκάντην</span> <span class='ocrx_word' id='word_1_527' title='bbox 1992 1312 2124 1354; x_wconf 89' lang='grc' dir='ltr'>λαβών.</span> 
     </span>
    </p>

    <p class='ocr_par' dir='ltr' id='par_1_54' title="bbox 1290 1363 2243 1413">
     <span class='ocr_line' id='line_1_109' title="bbox 1290 1363 2243 1413; baseline 0.003 -15"><span class='ocrx_word' id='word_1_528' title='bbox 1290 1363 1370 1400; x_wconf 87' lang='grc' dir='ltr'>ἀλλ’</span> <span class='ocrx_word' id='word_1_529' title='bbox 1388 1366 1448 1400; x_wconf 84' lang='grc' dir='ltr'>οὐκ</span> <span class='ocrx_word' id='word_1_530' title='bbox 1466 1364 1551 1401; x_wconf 86' lang='grc' dir='ltr'>ἐῶσί</span> <span class='ocrx_word' id='word_1_531' title='bbox 1567 1364 1603 1410; x_wconf 80' lang='grc' dir='ltr'>μ’</span> <span class='ocrx_word' id='word_1_532' title='bbox 1622 1364 1810 1411; x_wconf 80' lang='grc' dir='ltr'>ἐξενεγκεῖν</span> <span class='ocrx_word' id='word_1_533' title='bbox 1826 1365 1860 1399; x_wconf 77' lang='grc' dir='ltr'>οἱ</span> <span class='ocrx_word' id='word_1_534' title='bbox 1877 1366 1998 1411; x_wconf 88' lang='grc' dir='ltr'>κόρεις.</span> <span class='ocrx_word' id='word_1_535' title='bbox 2181 1372 2243 1413; x_wconf 80' lang='lat'>634</span> 
     </span>
    </p>
   </div>
   <div class='ocr_carea' id='block_1_29' title="bbox 1284 1416 2242 2584">
    <p class='ocr_par' dir='ltr' id='par_1_55' title="bbox 1285 1416 2242 1946">
     <span class='ocr_line' id='line_1_110' title="bbox 1290 1416 2239 1464; baseline 0.004 -12"><span class='ocrx_word' id='word_1_536' title='bbox 1290 1416 1416 1455; x_wconf 79' lang='grc' dir='ltr'>ἀνύσας</span> <span class='ocrx_word' id='word_1_537' title='bbox 1427 1433 1460 1453; x_wconf 88' lang='grc' dir='ltr'>τι</span> <span class='ocrx_word' id='word_1_538' title='bbox 1472 1418 1630 1459; x_wconf 88' lang='grc' dir='ltr'>κατάθου,</span> <span class='ocrx_word' id='word_1_539' title='bbox 1643 1419 1697 1453; x_wconf 85' lang='grc' dir='ltr'>καὶ</span> <span class='ocrx_word' id='word_1_540' title='bbox 1710 1419 1864 1464; x_wconf 86' lang='grc' dir='ltr'>πρόσεχε</span> <span class='ocrx_word' id='word_1_541' title='bbox 1877 1418 1937 1453; x_wconf 86' lang='grc' dir='ltr'>τὸν</span> <span class='ocrx_word' id='word_1_542' title='bbox 1951 1420 2042 1454; x_wconf 85' lang='grc' dir='ltr'>νοῦν.</span> <span class='ocrx_word' id='word_1_543' title='bbox 2071 1423 2136 1455; x_wconf 89' lang='grc' dir='ltr'>ΣΤ.</span> <span class='ocrx_word' id='word_1_544' title='bbox 2152 1418 2239 1456; x_wconf 79' lang='grc' dir='ltr'>ἰδού.</span> 
     </span>
     <span class='ocr_line' id='line_1_111' title="bbox 1290 1469 2041 1517; baseline 0.001 -12"><span class='ocrx_word' id='word_1_545' title='bbox 1290 1469 1352 1517; x_wconf 78' lang='grc' dir='ltr'>ἄγε</span> <span class='ocrx_word' id='word_1_546' title='bbox 1370 1471 1422 1516; x_wconf 87' lang='grc' dir='ltr'>δὴ,</span> <span class='ocrx_word' id='word_1_547' title='bbox 1444 1471 1479 1506; x_wconf 91' lang='grc' dir='ltr'>τί</span> <span class='ocrx_word' id='word_1_548' title='bbox 1494 1470 1617 1514; x_wconf 86' lang='grc' dir='ltr'>βούλει</span> <span class='ocrx_word' id='word_1_549' title='bbox 1634 1474 1753 1517; x_wconf 88' lang='grc' dir='ltr'>πρῶτα</span> <span class='ocrx_word' id='word_1_550' title='bbox 1770 1472 1842 1507; x_wconf 75' lang='grc' dir='ltr'>νυνὶ</span> <span class='ocrx_word' id='word_1_551' title='bbox 1859 1471 2041 1517; x_wconf 86' lang='grc' dir='ltr'>μανθάνειν</span> 
     </span>
     <span class='ocr_line' id='line_1_112' title="bbox 1289 1523 2085 1570; baseline 0.003 -12"><span class='ocrx_word' id='word_1_552' title='bbox 1289 1523 1334 1559; x_wconf 76' lang='grc' dir='ltr'>ὧν</span> <span class='ocrx_word' id='word_1_553' title='bbox 1351 1525 1411 1560; x_wconf 86' lang='grc' dir='ltr'>οὐκ</span> <span class='ocrx_word' id='word_1_554' title='bbox 1430 1524 1610 1570; x_wconf 87' lang='grc' dir='ltr'>ἐδιδάχθης</span> <span class='ocrx_word' id='word_1_555' title='bbox 1627 1523 1756 1560; x_wconf 82' lang='grc' dir='ltr'>πώποτ’</span> <span class='ocrx_word' id='word_1_556' title='bbox 1776 1523 1874 1560; x_wconf 77' lang='grc' dir='ltr'>οὐδέν</span> <span class='ocrx_word' id='word_1_557' title='bbox 1887 1540 1899 1565; x_wconf 88' lang='grc'>,·</span> <span class='ocrx_word' id='word_1_558' title='bbox 1926 1524 2003 1560; x_wconf 88' lang='grc' dir='ltr'>εἶπέ</span> <span class='ocrx_word' id='word_1_559' title='bbox 2015 1538 2085 1569; x_wconf 83' lang='grc' dir='ltr'>μοι.</span> 
     </span>
     <span class='ocr_line' id='line_1_113' title="bbox 1286 1576 2112 1626; baseline 0.002 -14"><span class='ocrx_word' id='word_1_560' title='bbox 1286 1578 1413 1624; x_wconf 90' lang='grc' dir='ltr'>πότερα</span> <span class='ocrx_word' id='word_1_561' title='bbox 1430 1578 1508 1626; x_wconf 78' lang='grc' dir='ltr'>περὶ</span> <span class='ocrx_word' id='word_1_562' title='bbox 1523 1578 1655 1624; x_wconf 90' lang='grc' dir='ltr'>μέκρων</span> <span class='ocrx_word' id='word_1_563' title='bbox 1671 1576 1691 1623; x_wconf 87' lang='grc' dir='ltr'>ἦ</span> <span class='ocrx_word' id='word_1_564' title='bbox 1709 1577 1846 1624; x_wconf 84' lang='grc' dir='ltr'>ῥυθμῶν</span> <span class='ocrx_word' id='word_1_565' title='bbox 1863 1577 1884 1623; x_wconf 90' lang='grc' dir='ltr'>ἢ</span> <span class='ocrx_word' id='word_1_566' title='bbox 1901 1578 1980 1624; x_wconf 86' lang='grc' dir='ltr'>περὶ</span> <span class='ocrx_word' id='word_1_567' title='bbox 1997 1576 2088 1614; x_wconf 77' lang='grc' dir='ltr'>ἐπῶν</span> <span class='ocrx_word' id='word_1_568' title='bbox 2099 1592 2112 1618; x_wconf 71' lang='lat'><em>5</em></span> 
     </span>
     <span class='ocr_line' id='line_1_114' title="bbox 1286 1630 2083 1679; baseline 0 -13"><span class='ocrx_word' id='word_1_569' title='bbox 1286 1631 1365 1677; x_wconf 90' lang='grc' dir='ltr'>περὶ</span> <span class='ocrx_word' id='word_1_570' title='bbox 1382 1634 1448 1667; x_wconf 90' lang='grc' dir='ltr'>τῶν</span> <span class='ocrx_word' id='word_1_571' title='bbox 1465 1632 1596 1677; x_wconf 91' lang='grc' dir='ltr'>μέτρων</span> <span class='ocrx_word' id='word_1_572' title='bbox 1613 1630 1725 1679; x_wconf 75' lang='grc' dir='ltr'>ἔγωγ’·</span> <span class='ocrx_word' id='word_1_573' title='bbox 1753 1631 1897 1677; x_wconf 73' lang='grc' dir='ltr'>ἔναγχος</span> <span class='ocrx_word' id='word_1_574' title='bbox 1914 1632 1981 1678; x_wconf 90' lang='grc' dir='ltr'>γάρ</span> <span class='ocrx_word' id='word_1_575' title='bbox 1998 1644 2083 1666; x_wconf 86' lang='grc' dir='ltr'>ποτε</span> 
     </span>
     <span class='ocr_line' id='line_1_115' title="bbox 1286 1683 2242 1733; baseline 0.003 -14"><span class='ocrx_word' id='word_1_576' title='bbox 1286 1684 1342 1720; x_wconf 81' lang='grc' dir='ltr'>ὑπ’</span> <span class='ocrx_word' id='word_1_577' title='bbox 1362 1685 1619 1731; x_wconf 81' lang='grc' dir='ltr'>ἀλφιταμοιβοῦ</span> <span class='ocrx_word' id='word_1_578' title='bbox 1637 1685 1831 1730; x_wconf 83' lang='grc' dir='ltr'>παρεκόπην</span> <span class='ocrx_word' id='word_1_579' title='bbox 1848 1683 2032 1733; x_wconf 87' lang='grc' dir='ltr'>διχοινίκω.</span> <span class='ocrx_word' id='word_1_580' title='bbox 2177 1688 2242 1729; x_wconf 83' lang='lat'>640</span> 
     </span>
     <span class='ocr_line' id='line_1_116' title="bbox 1285 1735 2184 1784; baseline 0.001 -12"><span class='ocrx_word' id='word_1_581' title='bbox 1285 1753 1325 1773; x_wconf 91' lang='grc' dir='ltr'>ου</span> <span class='ocrx_word' id='word_1_582' title='bbox 1343 1736 1437 1773; x_wconf 82' lang='grc' dir='ltr'>τοῦτ’</span> <span class='ocrx_word' id='word_1_583' title='bbox 1457 1739 1570 1784; x_wconf 81' lang='grc' dir='ltr'>ἐρωτῶ</span> <span class='ocrx_word' id='word_1_584' title='bbox 1589 1736 1640 1777; x_wconf 77' lang='grc' dir='ltr'>σ’,</span> <span class='ocrx_word' id='word_1_585' title='bbox 1661 1736 1742 1773; x_wconf 87' lang='grc' dir='ltr'>ἀλλ’</span> <span class='ocrx_word' id='word_1_586' title='bbox 1762 1735 1783 1771; x_wconf 83' lang='grc' dir='ltr'>ὅ</span> <span class='ocrx_word' id='word_1_587' title='bbox 1800 1751 1832 1772; x_wconf 92' lang='grc' dir='ltr'>τι</span> <span class='ocrx_word' id='word_1_588' title='bbox 1851 1739 2043 1773; x_wconf 86' lang='grc' dir='ltr'>κάλλιστον</span> <span class='ocrx_word' id='word_1_589' title='bbox 2058 1736 2184 1784; x_wconf 80' lang='grc' dir='ltr'>μέτρον</span> 
     </span>
     <span class='ocr_line' id='line_1_117' title="bbox 1286 1789 2156 1839; baseline 0 -13"><span class='ocrx_word' id='word_1_590' title='bbox 1286 1789 1370 1839; x_wconf 86' lang='grc' dir='ltr'>ἡγεῖ·</span> <span class='ocrx_word' id='word_1_591' title='bbox 1398 1792 1541 1837; x_wconf 90' lang='grc' dir='ltr'>πότερον</span> <span class='ocrx_word' id='word_1_592' title='bbox 1556 1791 1596 1825; x_wconf 86' lang='grc' dir='ltr'>τὸ</span> <span class='ocrx_word' id='word_1_593' title='bbox 1613 1789 1792 1836; x_wconf 89' lang='grc' dir='ltr'>τρίμετρον</span> <span class='ocrx_word' id='word_1_594' title='bbox 1808 1790 1829 1836; x_wconf 88' lang='grc' dir='ltr'>ἦ</span> <span class='ocrx_word' id='word_1_595' title='bbox 1847 1790 1886 1825; x_wconf 82' lang='grc' dir='ltr'>τὸ</span> <span class='ocrx_word' id='word_1_596' title='bbox 1904 1792 2156 1839; x_wconf 72' lang='grc' dir='ltr'>τετράμετρονς</span> 
     </span>
     <span class='ocr_line' id='line_1_118' title="bbox 1286 1842 1936 1891; baseline 0.003 -13"><span class='ocrx_word' id='word_1_597' title='bbox 1286 1844 1354 1891; x_wconf 87' lang='grc' dir='ltr'>ἐγὼ</span> <span class='ocrx_word' id='word_1_598' title='bbox 1372 1859 1434 1891; x_wconf 89' lang='grc' dir='ltr'>μεν</span> <span class='ocrx_word' id='word_1_599' title='bbox 1451 1845 1549 1881; x_wconf 81' lang='grc' dir='ltr'>οὗδεν</span> <span class='ocrx_word' id='word_1_600' title='bbox 1566 1846 1732 1890; x_wconf 85' lang='grc' dir='ltr'>πρότερον</span> <span class='ocrx_word' id='word_1_601' title='bbox 1749 1842 1936 1889; x_wconf 72' lang='grc' dir='ltr'>ἡμιεκτέου.</span> 
     </span>
     <span class='ocr_line' id='line_1_119' title="bbox 1288 1897 1722 1946; baseline 0 -14"><span class='ocrx_word' id='word_1_602' title='bbox 1288 1898 1387 1933; x_wconf 83' lang='grc' dir='ltr'>οὐδεν</span> <span class='ocrx_word' id='word_1_603' title='bbox 1403 1897 1528 1946; x_wconf 86' lang='grc' dir='ltr'>λέγεις,</span> <span class='ocrx_word' id='word_1_604' title='bbox 1550 1897 1722 1944; x_wconf 82' lang='grc' dir='ltr'>ὦνθρωπε.</span> 
     </span>
    </p>

    <p class='ocr_par' dir='ltr' id='par_1_56' title="bbox 1284 1950 2232 2584">
     <span class='ocr_line' id='line_1_120' title="bbox 1713 1950 2031 1996; baseline 0.003 -11"><span class='ocrx_word' id='word_1_605' title='bbox 1713 1950 1852 1996; x_wconf 87' lang='grc' dir='ltr'>περίδου</span> <span class='ocrx_word' id='word_1_606' title='bbox 1869 1964 1929 1986; x_wconf 87' lang='grc' dir='ltr'>νυν</span> <span class='ocrx_word' id='word_1_607' title='bbox 1946 1950 2031 1996; x_wconf 81' lang='grc' dir='ltr'>ἐμοὶ,</span> 
     </span>
     <span class='ocr_line' id='line_1_121' title="bbox 1285 2002 1932 2051; baseline 0.002 -13"><span class='ocrx_word' id='word_1_608' title='bbox 1285 2003 1316 2038; x_wconf 86' lang='grc' dir='ltr'>εἷ</span> <span class='ocrx_word' id='word_1_609' title='bbox 1333 2003 1379 2050; x_wconf 76' lang='grc' dir='ltr'>μὴ</span> <span class='ocrx_word' id='word_1_610' title='bbox 1392 2005 1616 2051; x_wconf 89' lang='grc' dir='ltr'>τετράμετρόν</span> <span class='ocrx_word' id='word_1_611' title='bbox 1635 2005 1730 2040; x_wconf 88' lang='grc' dir='ltr'>ἐστιν</span> <span class='ocrx_word' id='word_1_612' title='bbox 1748 2002 1932 2048; x_wconf 84' lang='grc' dir='ltr'>ἡμιεκτέον.</span> 
     </span>
     <span class='ocr_line' id='line_1_122' title="bbox 1289 2053 2062 2104; baseline -0.001 -12"><span class='ocrx_word' id='word_1_613' title='bbox 1289 2058 1323 2094; x_wconf 88' lang='grc' dir='ltr'>ἐς</span> <span class='ocrx_word' id='word_1_614' title='bbox 1341 2059 1493 2104; x_wconf 91' lang='grc' dir='ltr'>κόρακας,</span> <span class='ocrx_word' id='word_1_615' title='bbox 1515 2058 1559 2095; x_wconf 85' lang='grc' dir='ltr'>ὡς</span> <span class='ocrx_word' id='word_1_616' title='bbox 1578 2058 1736 2104; x_wconf 77' lang='grc' dir='ltr'>ἄγροικος</span> <span class='ocrx_word' id='word_1_617' title='bbox 1755 2053 1856 2092; x_wconf 75' lang='grc' dir='ltr'>εἶκαὶ</span> <span class='ocrx_word' id='word_1_618' title='bbox 1874 2054 2062 2101; x_wconf 81' lang='grc' dir='ltr'>δυσμαθής.</span> 
     </span>
     <span class='ocr_line' id='line_1_123' title="bbox 1285 2109 2072 2159; baseline -0.003 -13"><span class='ocrx_word' id='word_1_619' title='bbox 1285 2110 1373 2156; x_wconf 89' lang='grc' dir='ltr'>ταχύ</span> <span class='ocrx_word' id='word_1_620' title='bbox 1390 2109 1425 2159; x_wconf 85' lang='grc' dir='ltr'>γ’</span> <span class='ocrx_word' id='word_1_621' title='bbox 1447 2111 1487 2146; x_wconf 84' lang='grc' dir='ltr'>ἂν</span> <span class='ocrx_word' id='word_1_622' title='bbox 1504 2109 1618 2145; x_wconf 69' lang='grc' dir='ltr'>δύναιο</span> <span class='ocrx_word' id='word_1_623' title='bbox 1635 2110 1814 2155; x_wconf 87' lang='grc' dir='ltr'>μανθάνειν</span> <span class='ocrx_word' id='word_1_624' title='bbox 1830 2111 1908 2157; x_wconf 84' lang='grc' dir='ltr'>περὶ</span> <span class='ocrx_word' id='word_1_625' title='bbox 1925 2109 2072 2157; x_wconf 83' lang='grc' dir='ltr'>ῥυθμῶν.</span> 
     </span>
     <span class='ocr_line' id='line_1_124' title="bbox 1289 2162 2160 2210; baseline 0 -11"><span class='ocrx_word' id='word_1_626' title='bbox 1289 2163 1324 2199; x_wconf 86' lang='grc' dir='ltr'>τί</span> <span class='ocrx_word' id='word_1_627' title='bbox 1341 2165 1380 2199; x_wconf 90' lang='grc' dir='ltr'>δέ</span> <span class='ocrx_word' id='word_1_628' title='bbox 1392 2163 1425 2209; x_wconf 91' lang='grc' dir='ltr'>μ’</span> <span class='ocrx_word' id='word_1_629' title='bbox 1445 2162 1668 2209; x_wconf 86' lang='grc' dir='ltr'>ὧφελήσουσ’</span> <span class='ocrx_word' id='word_1_630' title='bbox 1689 2165 1720 2198; x_wconf 84' lang='grc' dir='ltr'>οἶ</span> <span class='ocrx_word' id='word_1_631' title='bbox 1736 2163 1858 2210; x_wconf 87' lang='grc' dir='ltr'>ῥυθμοὶ</span> <span class='ocrx_word' id='word_1_632' title='bbox 1875 2166 1963 2209; x_wconf 88' lang='grc' dir='ltr'>πρὸς</span> <span class='ocrx_word' id='word_1_633' title='bbox 1978 2163 2132 2210; x_wconf 86' lang='grc' dir='ltr'>τᾶλφιτα</span> <span class='ocrx_word' id='word_1_634' title='bbox 2146 2178 2160 2205; x_wconf 89' lang='grc'>,·</span> 
     </span>
     <span class='ocr_line' id='line_1_125' title="bbox 1284 2213 2001 2263; baseline -0.001 -11"><span class='ocrx_word' id='word_1_635' title='bbox 1284 2220 1419 2263; x_wconf 89' lang='grc' dir='ltr'>πρῶτον</span> <span class='ocrx_word' id='word_1_636' title='bbox 1435 2217 1496 2262; x_wconf 78' lang='grc' dir='ltr'>μὲν</span> <span class='ocrx_word' id='word_1_637' title='bbox 1514 2213 1597 2251; x_wconf 82' lang='grc' dir='ltr'>εἶναι</span> <span class='ocrx_word' id='word_1_638' title='bbox 1614 2217 1751 2263; x_wconf 88' lang='grc' dir='ltr'>κομψὸν</span> <span class='ocrx_word' id='word_1_639' title='bbox 1770 2218 1805 2251; x_wconf 84' lang='grc' dir='ltr'>ἐν</span> <span class='ocrx_word' id='word_1_640' title='bbox 1823 2215 2001 2262; x_wconf 78' lang='grc' dir='ltr'>συνουσίᾳ,</span> 
     </span>
     <span class='ocr_line' id='line_1_126' title="bbox 1285 2267 1894 2317; baseline -0.002 -12"><span class='ocrx_word' id='word_1_641' title='bbox 1285 2267 1434 2306; x_wconf 85' lang='grc' dir='ltr'>ἐπαΐονθ’</span> <span class='ocrx_word' id='word_1_642' title='bbox 1452 2271 1567 2305; x_wconf 87' lang='grc' dir='ltr'>ὁποῖός</span> <span class='ocrx_word' id='word_1_643' title='bbox 1585 2269 1661 2305; x_wconf 84' lang='grc' dir='ltr'>ἐστι</span> <span class='ocrx_word' id='word_1_644' title='bbox 1679 2274 1745 2305; x_wconf 92' lang='grc' dir='ltr'>τῶν</span> <span class='ocrx_word' id='word_1_645' title='bbox 1758 2270 1894 2317; x_wconf 83' lang='grc' dir='ltr'>ῥυθμῶν</span> 
     </span>
     <span class='ocr_line' id='line_1_127' title="bbox 1286 2322 2078 2368; baseline -0.001 -10"><span class='ocrx_word' id='word_1_646' title='bbox 1286 2323 1357 2359; x_wconf 90' lang='grc' dir='ltr'>κατ’</span> <span class='ocrx_word' id='word_1_647' title='bbox 1379 2324 1547 2363; x_wconf 86' lang='grc' dir='ltr'>ἐνόπλιον,</span> <span class='ocrx_word' id='word_1_648' title='bbox 1566 2324 1716 2368; x_wconf 79' lang='grc' dir='ltr'>χώποῖος</span> <span class='ocrx_word' id='word_1_649' title='bbox 1734 2322 1777 2359; x_wconf 80' lang='grc' dir='ltr'>αὖ</span> <span class='ocrx_word' id='word_1_650' title='bbox 1794 2323 1877 2358; x_wconf 87' lang='grc' dir='ltr'>κατὰ</span> <span class='ocrx_word' id='word_1_651' title='bbox 1895 2323 2078 2360; x_wconf 88' lang='grc' dir='ltr'>δάκτυλον.</span> 
     </span>
     <span class='ocr_line' id='line_1_128' title="bbox 1288 2372 2232 2421; baseline 0 -9"><span class='ocrx_word' id='word_1_652' title='bbox 1288 2378 1371 2412; x_wconf 85' lang='grc' dir='ltr'>κατὰ</span> <span class='ocrx_word' id='word_1_653' title='bbox 1382 2377 1569 2416; x_wconf 68' lang='grc' dir='ltr'>δάκτυλονς</span> <span class='ocrx_word' id='word_1_654' title='bbox 1589 2375 1627 2420; x_wconf 86' lang='grc' dir='ltr'>νὴ</span> <span class='ocrx_word' id='word_1_655' title='bbox 1646 2377 1706 2411; x_wconf 89' lang='grc' dir='ltr'>τὸν</span> <span class='ocrx_word' id='word_1_656' title='bbox 1724 2376 1781 2411; x_wconf 82' lang='grc' dir='ltr'>Δί’</span> <span class='ocrx_word' id='word_1_657' title='bbox 1800 2373 1882 2411; x_wconf 79' lang='grc' dir='ltr'>ἀλλ’</span> <span class='ocrx_word' id='word_1_658' title='bbox 1901 2372 1977 2412; x_wconf 86' lang='grc' dir='ltr'>οἶδ’.</span> <span class='ocrx_word' id='word_1_659' title='bbox 2007 2381 2075 2413; x_wconf 79' lang='grc' dir='ltr'>ΣΩ.</span> <span class='ocrx_word' id='word_1_660' title='bbox 2096 2374 2232 2421; x_wconf 59' lang='lat' dir='ltr'>‹ln-3315.</span> 
     </span>
     <span class='ocr_line' id='line_1_129' title="bbox 1288 2427 1994 2470; baseline 0.001 -6"><span class='ocrx_word' id='word_1_661' title='bbox 1288 2429 1340 2466; x_wconf 87' lang='grc' dir='ltr'>τίς</span> <span class='ocrx_word' id='word_1_662' title='bbox 1356 2430 1464 2466; x_wconf 84' lang='grc' dir='ltr'>ἄλλος</span> <span class='ocrx_word' id='word_1_663' title='bbox 1482 2429 1555 2464; x_wconf 80' lang='grc' dir='ltr'>ἀντὶ</span> <span class='ocrx_word' id='word_1_664' title='bbox 1572 2430 1705 2464; x_wconf 86' lang='grc' dir='ltr'>τουτουὶ</span> <span class='ocrx_word' id='word_1_665' title='bbox 1722 2431 1784 2464; x_wconf 88' lang='grc' dir='ltr'>τοῦ</span> <span class='ocrx_word' id='word_1_666' title='bbox 1802 2427 1994 2470; x_wconf 69' lang='grc' dir='ltr'>δακτύλους</span> 
     </span>
     <span class='ocr_line' id='line_1_130' title="bbox 1284 2480 2098 2530; baseline 0.001 -12"><span class='ocrx_word' id='word_1_667' title='bbox 1284 2485 1352 2530; x_wconf 88' lang='grc' dir='ltr'>πρὸ</span> <span class='ocrx_word' id='word_1_668' title='bbox 1369 2485 1430 2518; x_wconf 90' lang='grc' dir='ltr'>τοῦ</span> <span class='ocrx_word' id='word_1_669' title='bbox 1446 2483 1518 2528; x_wconf 83' lang='grc' dir='ltr'>μὲν,</span> <span class='ocrx_word' id='word_1_670' title='bbox 1538 2480 1585 2516; x_wconf 81' lang='grc' dir='ltr'>ἔτ’</span> <span class='ocrx_word' id='word_1_671' title='bbox 1604 2481 1687 2526; x_wconf 86' lang='grc' dir='ltr'>ἐμοῦ</span> <span class='ocrx_word' id='word_1_672' title='bbox 1704 2482 1824 2519; x_wconf 83' lang='grc' dir='ltr'>παιδὸς</span> <span class='ocrx_word' id='word_1_673' title='bbox 1842 2481 1948 2525; x_wconf 81' lang='grc' dir='ltr'>ὄντος,</span> <span class='ocrx_word' id='word_1_674' title='bbox 1967 2482 2098 2519; x_wconf 81' lang='grc' dir='ltr'>οὑτοσί.</span> 
     </span>
     <span class='ocr_line' id='line_1_131' title="bbox 1286 2532 1684 2584; baseline -0.005 -12"><span class='ocrx_word' id='word_1_675' title='bbox 1286 2536 1421 2584; x_wconf 83' lang='grc' dir='ltr'>ἀγρεῖος</span> <span class='ocrx_word' id='word_1_676' title='bbox 1438 2532 1539 2571; x_wconf 84' lang='grc' dir='ltr'>εἶκαὶ</span> <span class='ocrx_word' id='word_1_677' title='bbox 1554 2536 1684 2572; x_wconf 83' lang='grc' dir='ltr'>σκαιός.</span> 
     </span>
    </p>
   </div>
   <div class='ocr_carea' id='block_1_30' title="bbox 2176 2009 2239 2051">
    <p class='ocr_par' dir='ltr' id='par_1_57' title="bbox 2176 2009 2239 2051">
     <span class='ocr_line' id='line_1_132' title="bbox 2176 2009 2239 2051; baseline 0 0"><span class='ocrx_word' id='word_1_678' title='bbox 2176 2009 2239 2051; x_wconf 84' lang='grc'>645</span> 
     </span>
    </p>
   </div>
   <div class='ocr_carea' id='block_1_31' title="bbox 2159 2259 2237 2316">
    <p class='ocr_par' dir='ltr' id='par_1_58' title="bbox 2159 2259 2237 2316">
     <span class='ocr_line' id='line_1_133' title="bbox 2159 2259 2237 2316; baseline 0.038 -9"><span class='ocrx_word' id='word_1_679' title='bbox 2159 2259 2162 2262; x_wconf 48' lang='grc'>’</span> <span class='ocrx_word' id='word_1_680' title='bbox 2172 2274 2237 2316; x_wconf 82' lang='lat'>650</span> 
     </span>
    </p>
   </div>
   <div class='ocr_carea' id='block_1_32' title="bbox 1271 2540 2232 3698">
    <p class='ocr_par' dir='ltr' id='par_1_59' title="bbox 1275 2540 2232 3486">
     <span class='ocr_line' id='line_1_134' title="bbox 2171 2540 2232 2582; baseline 0 0"><span class='ocrx_word' id='word_1_681' title='bbox 2171 2540 2232 2582; x_wconf 84' lang='lat'>655</span> 
     </span>
     <span class='ocr_line' id='line_1_135' title="bbox 1765 2589 2042 2639; baseline 0.004 -15"><span class='ocrx_word' id='word_1_682' title='bbox 1765 2589 1806 2625; x_wconf 80' lang='grc' dir='ltr'>οὗ</span> <span class='ocrx_word' id='word_1_683' title='bbox 1822 2589 1902 2636; x_wconf 79' lang='grc' dir='ltr'>γὰρ,</span> <span class='ocrx_word' id='word_1_684' title='bbox 1921 2589 2042 2639; x_wconf 69' lang='grc' dir='ltr'>ᾠζυρὲ,</span> 
     </span>
     <span class='ocr_line' id='line_1_136' title="bbox 1283 2642 2187 2690; baseline -0.001 -11"><span class='ocrx_word' id='word_1_685' title='bbox 1283 2642 1411 2680; x_wconf 87' lang='grc' dir='ltr'>τούτων</span> <span class='ocrx_word' id='word_1_686' title='bbox 1428 2643 1579 2690; x_wconf 88' lang='grc' dir='ltr'>ἐπιθυμῶ</span> <span class='ocrx_word' id='word_1_687' title='bbox 1597 2642 1775 2689; x_wconf 82' lang='grc' dir='ltr'>μανθάνειν</span> <span class='ocrx_word' id='word_1_688' title='bbox 1792 2643 1902 2678; x_wconf 83' lang='grc' dir='ltr'>οὐδέν.</span> <span class='ocrx_word' id='word_1_689' title='bbox 1958 2648 2028 2680; x_wconf 83' lang='grc' dir='ltr'>ΣΩ.</span> <span class='ocrx_word' id='word_1_690' title='bbox 2056 2643 2091 2680; x_wconf 82' lang='grc' dir='ltr'>τί</span> <span class='ocrx_word' id='word_1_691' title='bbox 2107 2642 2165 2680; x_wconf 89' lang='grc' dir='ltr'>δαί</span> <span class='ocrx_word' id='word_1_692' title='bbox 2177 2656 2187 2684; x_wconf 86' lang='grc'>;</span> 
     </span>
     <span class='ocr_line' id='line_1_137' title="bbox 1283 2696 1951 2743; baseline -0.001 -11"><span class='ocrx_word' id='word_1_693' title='bbox 1283 2696 1380 2732; x_wconf 88' lang='grc' dir='ltr'>ἐκεῖν’</span> <span class='ocrx_word' id='word_1_694' title='bbox 1401 2696 1520 2740; x_wconf 87' lang='grc' dir='ltr'>ἐκεῖνο,</span> <span class='ocrx_word' id='word_1_695' title='bbox 1537 2698 1596 2732; x_wconf 88' lang='grc' dir='ltr'>τὸν</span> <span class='ocrx_word' id='word_1_696' title='bbox 1614 2697 1820 2731; x_wconf 85' lang='grc' dir='ltr'>ἀδικώτατον</span> <span class='ocrx_word' id='word_1_697' title='bbox 1835 2697 1951 2743; x_wconf 88' lang='grc' dir='ltr'>λόγον.</span> 
     </span>
     <span class='ocr_line' id='line_1_138' title="bbox 1284 2748 2128 2796; baseline 0 -10"><span class='ocrx_word' id='word_1_698' title='bbox 1284 2749 1365 2786; x_wconf 85' lang='grc' dir='ltr'>ἀλλ’</span> <span class='ocrx_word' id='word_1_699' title='bbox 1386 2749 1482 2796; x_wconf 85' lang='grc' dir='ltr'>ἕτερα</span> <span class='ocrx_word' id='word_1_700' title='bbox 1500 2751 1552 2785; x_wconf 84' lang='grc' dir='ltr'>δεῖ</span> <span class='ocrx_word' id='word_1_701' title='bbox 1569 2764 1610 2784; x_wconf 91' lang='grc' dir='ltr'>σε</span> <span class='ocrx_word' id='word_1_702' title='bbox 1627 2750 1777 2796; x_wconf 89' lang='grc' dir='ltr'>πρότερα</span> <span class='ocrx_word' id='word_1_703' title='bbox 1793 2748 1922 2785; x_wconf 81' lang='grc' dir='ltr'>τούτων</span> <span class='ocrx_word' id='word_1_704' title='bbox 1936 2749 2128 2795; x_wconf 86' lang='grc' dir='ltr'>μανθάνειν,</span> 
     </span>
     <span class='ocr_line' id='line_1_139' title="bbox 1283 2801 2064 2850; baseline -0.001 -11"><span class='ocrx_word' id='word_1_705' title='bbox 1283 2807 1352 2839; x_wconf 89' lang='grc' dir='ltr'>τῶν</span> <span class='ocrx_word' id='word_1_706' title='bbox 1369 2803 1585 2849; x_wconf 91' lang='grc' dir='ltr'>τετραπόδων</span> <span class='ocrx_word' id='word_1_707' title='bbox 1602 2802 1673 2837; x_wconf 84' lang='grc' dir='ltr'>ἅττ’</span> <span class='ocrx_word' id='word_1_708' title='bbox 1693 2801 1788 2837; x_wconf 81' lang='grc' dir='ltr'>ἐστὶν</span> <span class='ocrx_word' id='word_1_709' title='bbox 1805 2801 1915 2849; x_wconf 85' lang='grc' dir='ltr'>ὀρθῶς</span> <span class='ocrx_word' id='word_1_710' title='bbox 1932 2802 2064 2850; x_wconf 84' lang='grc' dir='ltr'>ἄρρενα.</span> 
     </span>
     <span class='ocr_line' id='line_1_140' title="bbox 1283 2852 2035 2904; baseline -0.004 -12"><span class='ocrx_word' id='word_1_711' title='bbox 1283 2856 1364 2892; x_wconf 86' lang='grc' dir='ltr'>ἀλλ’</span> <span class='ocrx_word' id='word_1_712' title='bbox 1384 2852 1447 2891; x_wconf 84' lang='grc' dir='ltr'>οἷδ’</span> <span class='ocrx_word' id='word_1_713' title='bbox 1466 2856 1576 2904; x_wconf 76' lang='grc' dir='ltr'>ἔγωγε</span> <span class='ocrx_word' id='word_1_714' title='bbox 1593 2854 1735 2902; x_wconf 83' lang='grc' dir='ltr'>τᾶρρεν’,</span> <span class='ocrx_word' id='word_1_715' title='bbox 1755 2854 1786 2890; x_wconf 84' lang='grc' dir='ltr'>εἶ</span> <span class='ocrx_word' id='word_1_716' title='bbox 1802 2856 1847 2901; x_wconf 81' lang='grc' dir='ltr'>μὴ</span> <span class='ocrx_word' id='word_1_717' title='bbox 1865 2854 2035 2901; x_wconf 83' lang='grc' dir='ltr'>μαίνομαι·</span> 
     </span>
     <span class='ocr_line' id='line_1_141' title="bbox 1280 2907 2034 2956; baseline -0.001 -11"><span class='ocrx_word' id='word_1_718' title='bbox 1280 2910 1382 2956; x_wconf 88' lang='grc' dir='ltr'>κριὸς,</span> <span class='ocrx_word' id='word_1_719' title='bbox 1401 2910 1536 2955; x_wconf 88' lang='grc' dir='ltr'>τράγος,</span> <span class='ocrx_word' id='word_1_720' title='bbox 1556 2911 1690 2953; x_wconf 89' lang='grc' dir='ltr'>ταῦρος,</span> <span class='ocrx_word' id='word_1_721' title='bbox 1711 2907 1810 2947; x_wconf 81' lang='grc' dir='ltr'>κύων,</span> <span class='ocrx_word' id='word_1_722' title='bbox 1829 2909 2034 2955; x_wconf 88' lang='grc' dir='ltr'>ἀλεκτρυών.</span> 
     </span>
     <span class='ocr_line' id='line_1_142' title="bbox 1281 2960 2018 3009; baseline 0 -11"><span class='ocrx_word' id='word_1_723' title='bbox 1281 2965 1361 3009; x_wconf 75' lang='grc' dir='ltr'>ὁρᾷς</span> <span class='ocrx_word' id='word_1_724' title='bbox 1380 2960 1398 2995; x_wconf 84' lang='grc' dir='ltr'><strong>ὃ</strong></span> <span class='ocrx_word' id='word_1_725' title='bbox 1415 2963 1560 3007; x_wconf 85' lang='grc' dir='ltr'>πάσχεις</span> <span class='ocrx_word' id='word_1_726' title='bbox 1576 2977 1586 3002; x_wconf 93' lang='grc'>,·</span> <span class='ocrx_word' id='word_1_727' title='bbox 1613 2960 1675 3006; x_wconf 84' lang='grc' dir='ltr'>τήν</span> <span class='ocrx_word' id='word_1_728' title='bbox 1690 2976 1729 2996; x_wconf 89' lang='grc' dir='ltr'>τε</span> <span class='ocrx_word' id='word_1_729' title='bbox 1747 2961 1886 3006; x_wconf 87' lang='grc' dir='ltr'>θήλειαν</span> <span class='ocrx_word' id='word_1_730' title='bbox 1904 2962 2018 2998; x_wconf 83' lang='grc' dir='ltr'>καλεῖς</span> 
     </span>
     <span class='ocr_line' id='line_1_143' title="bbox 1282 3015 2005 3061; baseline -0.001 -10"><span class='ocrx_word' id='word_1_731' title='bbox 1282 3017 1488 3060; x_wconf 89' lang='grc' dir='ltr'>ἀλεκτρυόνα</span> <span class='ocrx_word' id='word_1_732' title='bbox 1506 3015 1589 3049; x_wconf 89' lang='grc' dir='ltr'>κατὰ</span> <span class='ocrx_word' id='word_1_733' title='bbox 1606 3015 1709 3050; x_wconf 82' lang='grc' dir='ltr'>ταύτὸ</span> <span class='ocrx_word' id='word_1_734' title='bbox 1728 3015 1782 3050; x_wconf 87' lang='grc' dir='ltr'>καὶ</span> <span class='ocrx_word' id='word_1_735' title='bbox 1799 3016 1858 3050; x_wconf 85' lang='grc' dir='ltr'>τὸν</span> <span class='ocrx_word' id='word_1_736' title='bbox 1871 3015 2005 3061; x_wconf 77' lang='grc' dir='ltr'>ἄρρενα.</span> 
     </span>
     <span class='ocr_line' id='line_1_144' title="bbox 1277 3066 2227 3115; baseline -0.003 -11"><span class='ocrx_word' id='word_1_737' title='bbox 1277 3073 1348 3105; x_wconf 86' lang='grc' dir='ltr'>πῶς</span> <span class='ocrx_word' id='word_1_738' title='bbox 1366 3066 1428 3112; x_wconf 85' lang='grc' dir='ltr'>δή,·</span> <span class='ocrx_word' id='word_1_739' title='bbox 1447 3067 1545 3114; x_wconf 90' lang='grc' dir='ltr'>φέρε.</span> <span class='ocrx_word' id='word_1_740' title='bbox 1576 3072 1643 3102; x_wconf 86' lang='grc' dir='ltr'>ΣΩ.</span> <span class='ocrx_word' id='word_1_741' title='bbox 1664 3071 1761 3108; x_wconf 85' lang='grc' dir='ltr'>πῶς,·</span> <span class='ocrx_word' id='word_1_742' title='bbox 1791 3068 1985 3114; x_wconf 82' lang='grc' dir='ltr'>ἀλεκτρυὼν</span> <span class='ocrx_word' id='word_1_743' title='bbox 2001 3067 2227 3115; x_wconf 87' lang='grc' dir='ltr'>κάλεκτρυών.</span> 
     </span>
     <span class='ocr_line' id='line_1_145' title="bbox 1278 3121 2227 3167; baseline 0 -11"><span class='ocrx_word' id='word_1_744' title='bbox 1278 3122 1317 3166; x_wconf 89' lang='grc' dir='ltr'>νὴ</span> <span class='ocrx_word' id='word_1_745' title='bbox 1336 3122 1395 3156; x_wconf 85' lang='grc' dir='ltr'>τὸν</span> <span class='ocrx_word' id='word_1_746' title='bbox 1413 3121 1581 3155; x_wconf 84' lang='grc' dir='ltr'>Ποσειδῶ.</span> <span class='ocrx_word' id='word_1_747' title='bbox 1617 3123 1676 3156; x_wconf 85' lang='grc' dir='ltr'>νῦν</span> <span class='ocrx_word' id='word_1_748' title='bbox 1693 3121 1731 3156; x_wconf 64' lang='grc' dir='ltr'>δι’</span> <span class='ocrx_word' id='word_1_749' title='bbox 1747 3123 1819 3158; x_wconf 84' lang='grc' dir='ltr'>πῶς</span> <span class='ocrx_word' id='word_1_750' title='bbox 1835 3135 1878 3165; x_wconf 88' lang='grc' dir='ltr'>με</span> <span class='ocrx_word' id='word_1_751' title='bbox 1895 3121 1962 3167; x_wconf 88' lang='grc' dir='ltr'>χρὴ</span> <span class='ocrx_word' id='word_1_752' title='bbox 1982 3122 2119 3162; x_wconf 71' lang='grc' dir='ltr'>καλεῖνς</span> <span class='ocrx_word' id='word_1_753' title='bbox 2165 3123 2227 3165; x_wconf 87' lang='grc'>665</span> 
     </span>
     <span class='ocr_line' id='line_1_146' title="bbox 1277 3172 1976 3220; baseline -0.001 -11"><span class='ocrx_word' id='word_1_754' title='bbox 1277 3172 1527 3219; x_wconf 86' lang='grc' dir='ltr'>ἀλεκτρύαιναν,</span> <span class='ocrx_word' id='word_1_755' title='bbox 1543 3173 1602 3208; x_wconf 87' lang='grc' dir='ltr'>τὸν</span> <span class='ocrx_word' id='word_1_756' title='bbox 1619 3173 1649 3208; x_wconf 90' lang='grc' dir='ltr'>δ’</span> <span class='ocrx_word' id='word_1_757' title='bbox 1666 3173 1781 3220; x_wconf 82' lang='grc' dir='ltr'>ἕτερον</span> <span class='ocrx_word' id='word_1_758' title='bbox 1798 3174 1976 3219; x_wconf 89' lang='grc' dir='ltr'>ἀλέκτορα.</span> 
     </span>
     <span class='ocr_line' id='line_1_147' title="bbox 1280 3224 1933 3274; baseline -0.003 -11"><span class='ocrx_word' id='word_1_759' title='bbox 1280 3225 1520 3273; x_wconf 81' lang='grc' dir='ltr'>ἀλεκτρύαιναν</span> <span class='ocrx_word' id='word_1_760' title='bbox 1534 3241 1545 3266; x_wconf 81' lang='grc'>,-</span> <span class='ocrx_word' id='word_1_761' title='bbox 1572 3224 1612 3261; x_wconf 77' lang='grc' dir='ltr'>εὖ</span> <span class='ocrx_word' id='word_1_762' title='bbox 1628 3241 1670 3274; x_wconf 88' lang='grc' dir='ltr'>γε</span> <span class='ocrx_word' id='word_1_763' title='bbox 1688 3228 1726 3271; x_wconf 84' lang='grc' dir='ltr'>νὴ</span> <span class='ocrx_word' id='word_1_764' title='bbox 1743 3226 1802 3262; x_wconf 82' lang='grc' dir='ltr'>τὸν</span> <span class='ocrx_word' id='word_1_765' title='bbox 1821 3226 1933 3273; x_wconf 85' lang='grc' dir='ltr'>Ἀέρα·</span> 
     </span>
     <span class='ocr_line' id='line_1_148' title="bbox 1281 3278 2016 3327; baseline -0.003 -11"><span class='ocrx_word' id='word_1_766' title='bbox 1281 3279 1362 3316; x_wconf 82' lang='grc' dir='ltr'>ὥστ’</span> <span class='ocrx_word' id='word_1_767' title='bbox 1382 3279 1455 3315; x_wconf 80' lang='grc' dir='ltr'>ἀντὶ</span> <span class='ocrx_word' id='word_1_768' title='bbox 1471 3278 1594 3315; x_wconf 87' lang='grc' dir='ltr'>τούτου</span> <span class='ocrx_word' id='word_1_769' title='bbox 1611 3282 1673 3314; x_wconf 87' lang='grc' dir='ltr'>τοῦ</span> <span class='ocrx_word' id='word_1_770' title='bbox 1691 3280 1895 3327; x_wconf 80' lang='grc' dir='ltr'>διδάγματος</span> <span class='ocrx_word' id='word_1_771' title='bbox 1911 3280 2016 3326; x_wconf 88' lang='grc' dir='ltr'>μόνου</span> 
     </span>
     <span class='ocr_line' id='line_1_149' title="bbox 1275 3330 1992 3380; baseline -0.003 -11"><span class='ocrx_word' id='word_1_772' title='bbox 1275 3333 1499 3379; x_wconf 84' lang='grc' dir='ltr'>διαλφιτώσω</span> <span class='ocrx_word' id='word_1_773' title='bbox 1518 3345 1584 3368; x_wconf 90' lang='grc' dir='ltr'>σου</span> <span class='ocrx_word' id='word_1_774' title='bbox 1602 3330 1715 3380; x_wconf 80' lang='grc' dir='ltr'>κύκλῳ</span> <span class='ocrx_word' id='word_1_775' title='bbox 1733 3332 1794 3378; x_wconf 86' lang='grc' dir='ltr'>τὴν</span> <span class='ocrx_word' id='word_1_776' title='bbox 1812 3333 1992 3377; x_wconf 89' lang='grc' dir='ltr'>κάρδοπον.</span> 
     </span>
     <span class='ocr_line' id='line_1_150' title="bbox 1279 3384 2102 3433; baseline -0.004 -12"><span class='ocrx_word' id='word_1_777' title='bbox 1279 3386 1352 3422; x_wconf 84' lang='grc' dir='ltr'>ἰδοὺ</span> <span class='ocrx_word' id='word_1_778' title='bbox 1369 3385 1448 3430; x_wconf 83' lang='grc' dir='ltr'>μάλ’</span> <span class='ocrx_word' id='word_1_779' title='bbox 1467 3384 1563 3420; x_wconf 74' lang='grc' dir='ltr'>αὖθις</span> <span class='ocrx_word' id='word_1_780' title='bbox 1578 3385 1671 3420; x_wconf 84' lang='grc' dir='ltr'>τοῦθ’</span> <span class='ocrx_word' id='word_1_781' title='bbox 1690 3384 1816 3432; x_wconf 79' lang='grc' dir='ltr'>ἕτερον.</span> <span class='ocrx_word' id='word_1_782' title='bbox 1854 3385 1915 3432; x_wconf 84' lang='grc' dir='ltr'>τὴν</span> <span class='ocrx_word' id='word_1_783' title='bbox 1932 3384 2102 3433; x_wconf 86' lang='grc' dir='ltr'>κάρδοπον</span> 
     </span>
     <span class='ocr_line' id='line_1_151' title="bbox 1276 3435 1835 3486; baseline -0.002 -11"><span class='ocrx_word' id='word_1_784' title='bbox 1276 3439 1399 3486; x_wconf 77' lang='grc' dir='ltr'>ἄρρενα</span> <span class='ocrx_word' id='word_1_785' title='bbox 1416 3439 1543 3481; x_wconf 83' lang='grc' dir='ltr'>καλεῖς,</span> <span class='ocrx_word' id='word_1_786' title='bbox 1561 3435 1701 3482; x_wconf 83' lang='grc' dir='ltr'>θήλειαν</span> <span class='ocrx_word' id='word_1_787' title='bbox 1717 3437 1835 3475; x_wconf 79' lang='grc' dir='ltr'>οὖσαν.</span> 
     </span>
    </p>

    <p class='ocr_par' dir='ltr' id='par_1_60' title="bbox 1271 3492 2033 3643">
     <span class='ocr_line' id='line_1_152' title="bbox 1755 3492 1936 3540; baseline 0.006 -14"><span class='ocrx_word' id='word_1_788' title='bbox 1755 3494 1804 3540; x_wconf 80' lang='grc' dir='ltr'>τῷ</span> <span class='ocrx_word' id='word_1_789' title='bbox 1821 3492 1936 3540; x_wconf 76' lang='grc' dir='ltr'>τρόπῳ</span> 
     </span>
     <span class='ocr_line' id='line_1_153' title="bbox 1271 3542 1795 3592; baseline 0.002 -13"><span class='ocrx_word' id='word_1_790' title='bbox 1271 3544 1393 3592; x_wconf 73' lang='grc' dir='ltr'>ἄρρενα</span> <span class='ocrx_word' id='word_1_791' title='bbox 1410 3544 1503 3580; x_wconf 78' lang='grc' dir='ltr'>καλῶ</span> <span class='ocrx_word' id='word_1_792' title='bbox 1520 3542 1583 3591; x_wconf 84' lang='grc' dir='ltr'>’γὼ</span> <span class='ocrx_word' id='word_1_793' title='bbox 1601 3544 1770 3590; x_wconf 88' lang='grc' dir='ltr'>κάρδοπον</span> <span class='ocrx_word' id='word_1_794' title='bbox 1784 3559 1795 3586; x_wconf 83' lang='grc'>,·</span> 
     </span>
     <span class='ocr_line' id='line_1_154' title="bbox 1810 3597 2033 3643; baseline -0.013 -10"><span class='ocrx_word' id='word_1_795' title='bbox 1810 3597 1965 3643; x_wconf 80' lang='grc' dir='ltr'>μάλιστά</span> <span class='ocrx_word' id='word_1_796' title='bbox 1980 3610 2033 3643; x_wconf 89' lang='grc' dir='ltr'>γε,</span> 
     </span>
    </p>

    <p class='ocr_par' dir='ltr' id='par_1_61' title="bbox 1271 3647 2220 3698">
     <span class='ocr_line' id='line_1_155' title="bbox 1271 3647 2220 3698; baseline -0.003 -11"><span class='ocrx_word' id='word_1_797' title='bbox 1271 3651 1389 3698; x_wconf 76' lang='grc' dir='ltr'>ὥσπερ</span> <span class='ocrx_word' id='word_1_798' title='bbox 1404 3664 1446 3698; x_wconf 84' lang='grc' dir='ltr'>γε</span> <span class='ocrx_word' id='word_1_799' title='bbox 1463 3650 1518 3685; x_wconf 77' lang='grc' dir='ltr'>καὶ</span> <span class='ocrx_word' id='word_1_800' title='bbox 1535 3651 1753 3697; x_wconf 77' lang='grc' dir='ltr'>Κλεώνυμον.</span> <span class='ocrx_word' id='word_1_801' title='bbox 1799 3655 1862 3688; x_wconf 81' lang='grc' dir='ltr'>ΣΤ,</span> <span class='ocrx_word' id='word_1_802' title='bbox 1889 3654 1960 3689; x_wconf 86' lang='grc' dir='ltr'>πῶς</span> <span class='ocrx_word' id='word_1_803' title='bbox 1978 3647 2018 3695; x_wconf 81' lang='grc' dir='ltr'>δή</span> <span class='ocrx_word' id='word_1_804' title='bbox 2033 3664 2043 3690; x_wconf 83' lang='grc'>,·</span> <span class='ocrx_word' id='word_1_805' title='bbox 2071 3647 2220 3695; x_wconf 81' lang='grc' dir='ltr'>φράσον.</span> 
     </span>
    </p>
   </div>
   <div class='ocr_carea' id='block_1_33' title="bbox 2168 2858 2233 2893">
    <p class='ocr_par' dir='ltr' id='par_1_62' title="bbox 2168 2858 2233 2893">
     <span class='ocr_line' id='line_1_156' title="bbox 2168 2858 2233 2893; baseline 0 0"><span class='ocrx_word' id='word_1_806' title='bbox 2168 2858 2233 2893; x_wconf 88' lang='lat'>660</span> 
     </span>
    </p>
   </div>
   <div class='ocr_carea' id='block_1_34' title="bbox 2162 3387 2226 3428">
    <p class='ocr_par' dir='ltr' id='par_1_63' title="bbox 2162 3387 2226 3428">
     <span class='ocr_line' id='line_1_157' title="bbox 2162 3387 2226 3428; baseline 0.031 -9"><span class='ocrx_word' id='word_1_807' title='bbox 2162 3387 2226 3428; x_wconf 85' lang='lat'>670</span> 
     </span>
    </p>
   </div>
  </div>
 </body>
</html>
