2488 3860
190 305 272 346 664

191 411 327 449 Melius
364 411 461 449 God.
501 410 739 448 Hermannus
780 410 841 460 (ad.
873 409 990 460 Soph.
1023 410 1159 448 Electr.
1189 422 1244 448 vs.

175 462 301 514 ¹355.)

614 518 660 565 μή
679 535 737 556 νυν
756 519 842 556 θέλε

293 577 412 610 λυπεῖν
431 575 586 615 σεαυτὸν,
606 575 706 609 τοῦτό
723 573 756 621 γ’
776 574 922 621 ἐξειδὼς,
942 573 995 610 ὅτι

292 630 436 664 πολλοῖς
454 629 493 663 τὸ
511 630 642 664 λυποῦν
659 626 805 675 ὕστερον
821 629 931 676 χαρὰν
947 628 1033 676 ἄγει.

244 678 377 730 (176.)
401 686 449 717 18.
480 679 652 716 Stobaeus
673 678 825 723 CVIII,
849 682 909 717 13.

287 734 410 772 ‘'Oa-‘nc
429 735 465 771 δὲ
483 736 570 783 πρὸς
586 735 625 770 τὸ
643 737 768 771 πῖπτον
786 736 936 783 εὐλόγως
953 733 1053 782 φέρει

292 788 352 824 τὸν
370 788 510 835 δαίμον’,
530 788 628 825 οὗτος
645 788 758 834 ἧσσόν
777 789 847 825 ἐστ’
867 790 1038 831 ἀνόλβιος.

234 838 363 891 (177.)
386 856 433 889 19.
465 839 591 877 Schol.
609 840 716 877 Pind.
733 841 846 890 Pyth.
862 841 941 885 III,
962 840 1048 878 176.
1106 840 1242 884 Θυώνῃ

186 896 226 939 τῇ
246 895 379 942 Σεμέλῃ
399 896 500 944 φησί·
531 896 691 941 διωνυμίᾳ
708 897 775 944 γὰρ
794 896 966 944 ἐκέχρητο.
996 895 1064 930 εἶσὶ
1083 893 1120 928 δὲ
1139 891 1172 928 οἳ
1189 894 1243 928 καὶ

185 949 246 994 τὴν
280 950 382 996 αὐτὴν
422 951 573 995 Διώνην
607 949 781 997 λέγουσιν,
820 951 936 997 ὥσπερ
981 947 1164 996 Εὐριπίδης
1208 947 1244 981 ε’ν

185 1001 372 1051 Ἀντιγόνῃ·

284 1055 329 1092 Ὠ
346 1062 410 1095 παῖ
426 1059 564 1103 Διώνης,
584 1059 629 1094 ὧς
646 1058 732 1104 ἔφυς
749 1058 854 1105 μέγας
873 1056 960 1100 θεὸς,

291 1114 448 1154 Διόνυσε,
469 1112 600 1157 θνητοῖς
617 1111 646 1146 τ’
666 1113 820 1158 οὐδαμῶς
838 1112 1041 1147 ὑπόστατος-

239 1160 364 1211 (178.)
387 1180 438 1201 20.
469 1163 595 1200 Schol.
622 1162 752 1211 Eurip.
788 1163 916 1200 Phoen.
953 1164 1066 1198 1130.
1103 1164 1240 1210 Σιδηρο-

186 1219 331 1263 νὼτοις.)
364 1221 438 1255 Πᾶς
462 1217 522 1254 οὖν
546 1219 700 1266 ἀνωτέρω
726 1216 807 1260 εἶπε,
827 1217 1014 1253 λεύκασπιν
1039 1217 1162 1264 εἶσορῶ
1181 1217 1242 1263 μὲν

185 1271 347 1319 Ἀργείων
365 1274 524 1321 στρατόν.
553 1273 588 1307 ἐν
606 1273 643 1307 δὲ
662 1275 702 1317 τῇ
720 1272 907 1319 Ἀντιγόνῃ·

292 1327 347 1362 ἐπὶ
366 1328 603 1374 χρυσεόνωτον
621 1326 749 1361 ἀσπίδα
768 1327 829 1361 τὰν
847 1326 1039 1362 Καπανέως.

236 1377 301 1414 Ad
327 1378 557 1427 Antigonam
583 1390 694 1426 porro
722 1377 939 1414 auctoritate
970 1375 1088 1414 Paris.
1117 1376 1154 1413 A
1181 1389 1238 1414 re-

184 1431 300 1468 fertur
317 1431 498 1479 Antiopes
515 1431 607 1479 fgm.
628 1430 774 1472 XXIV,
791 1431 890 1479 quod
906 1430 966 1467 hic
984 1430 1146 1479 recipere
1164 1444 1240 1467 non

185 1484 368 1520 dubitabit
392 1484 627 1525 Welckerus,
649 1483 715 1519 sed
736 1483 860 1519 locum
884 1484 922 1519 in
947 1484 1017 1520 hac
1042 1484 1237 1532 tragoedia,

185 1537 301 1585 qualis
328 1537 435 1574 nobis
461 1537 576 1574 fuisse
602 1536 759 1578 videtur,
788 1536 926 1573 habere
957 1550 1033 1573 non
1058 1536 1238 1586 potuisse,

184 1590 372 1638 aptissime
395 1602 484 1627 vero
501 1590 541 1626 in
558 1589 721 1638 Antiopa
746 1589 835 1638 legi,
854 1589 973 1637 primo
1001 1594 1153 1638 aspectu
1173 1603 1236 1639 ap-

183 1648 288 1691 paret
323 1648 361 1680 et
392 1643 492 1680 infra
527 1643 678 1680 doctum
714 1642 976 1692 est.—Neque
1011 1642 1131 1692 magis
1166 1642 1239 1680 huc

183 1696 343 1744 pertinet
373 1696 622 1734 Andromedae
655 1695 748 1745 fgm.
781 1695 826 1738 L,
860 1696 962 1745 quod
990 1696 1064 1732 huc
1095 1696 1239 1735 rettulit

183 1748 421 1787 Fritzschius.

604 1846 821 1876 ΑΝΤῙΟΠΗ.

238 1905 363 1957 (179.)
385 1924 415 1945 1.
443 1908 571 1958 Etym.
592 1908 650 1947 M.
667 1922 704 1957 p.
718 1909 885 1951 411,11.
899 1909 1240 1957 Ζῆθος-εἴρηται-

183 1964 235 1999 ὅτι
255 1963 273 2008 ἦ
291 1963 398 2010 μήτηρ
413 1965 515 2000 αὐτοῦ
534 1963 638 2010 ἐζήτει
658 1965 808 2012 εὐμαρῶς
821 1966 926 2000 τεκεῖν
939 1963 1051 2008 αὐτὸν,
1067 1966 1111 2002 ὥς
1128 1966 1239 2013 φησιν

183 2018 381 2065 Εὐριπίδης·

289 2073 355 2107 Τὸν
372 2072 434 2118 μὲν
452 2071 624 2139 κικλήσκει
642 2073 761 2119 Ζῆθον·
792 2072 933 2118 ἐζήτησε
949 2074 1015 2121 γὰρ

289 2128 441 2161 τόκοισιν
459 2127 635 2174 εὐμάρειαν
652 2127 671 2172 ἡ
689 2127 835 2163 τεκοῦσά
853 2142 915 2162 νιν.

185 2177 232 2214 cf.
253 2177 378 2226 Etym.
401 2177 500 2215 Gud.
521 2191 559 2227 p.
582 2181 672 2226 230,
692 2180 755 2216 57.

240 2230 370 2280 (180.)
392 2247 422 2268 2.
452 2231 576 2280 Etym.
597 2232 654 2268 M.
673 2244 711 2279 Ρ.
737 2234 800 2275 92,
823 2236 859 2270 2.
889 2235 988 2282 Λέγει
1013 2235 1195 2282 Εὐριπίδης
1219 2238 1238 2271 ὁ

188 2287 339 2332 τραγικὸς
367 2286 572 2334 ἐτυμολόγος
601 2286 832 2335 (ἐτυμολογῶν
859 2297 1010 2335 egregle
1028 2286 1179 2335 Valck.)
1200 2288 1238 2324 τὸ

185 2338 351 2406 Ἀμφίων,
372 2339 424 2375 ὅτι
441 2339 598 2387 Ἀμφίων
623 2340 746 2386 ἐκλήθη
771 2342 864 2388 παρὰ
882 2342 942 2387 τὴν
961 2341 1159 2388 ἅμφοδον”
1136 2358 1240 2390 ηγουν

185 2394 275 2440 παρὰ
303 2390 358 2440 (τό
385 2394 477 2440 παρὰ
502 2392 630 2429 inserit
651 2392 727 2430 MS.
749 2393 902 2440 Valck.)
931 2395 990 2439 τὴν
1017 2396 1097 2431 ὁδὸν
1122 2412 1238 2444 γεννη·

186 2448 292 2491 θῆναι.

239 2497 365 2546 (181.)
385 2514 418 2544 3.
458 2497 587 2547 Steph.
618 2499 709 2548 Byz.
739 2513 774 2537 v.
812 2502 934 2549 Ὑρία.
971 2504 1066 2550 χώρα
1092 2504 1241 2549 πλησίον

187 2553 560 2594 Αὐλίδος,-“Ησίοδος
591 2555 628 2589 δὲ
657 2555 692 2590 ἐν
718 2554 827 2603 ’Υρίᾳ
854 2556 914 2601 τὴν
940 2556 1118 2603 Ἀντιόπην
1149 2558 1239 2604 φησὶ

188 2606 356 2652 γενέσθαι,
377 2608 560 2654 Εὐριπίδης
578 2608 606 2643 δ’
627 2608 662 2643 ἐν
678 2608 804 2655 Ὓσίᾳ.

240 2658 368 2706 (182.)
398 2675 430 2704 4.
461 2658 579 2697 Clem.
608 2659 717 2697 Alex.
753 2662 891 2698 Strom.
923 2662 956 2703 I,
987 2665 1050 2704 25,
1084 2663 1170 2699 163.
1200 2676 1237 2712 p.

505 2769 601 2804 ἔνδον
619 2769 655 2803 δὲ
675 2769 838 2815 θαλάμοις
855 2772 1024 2811 βουκόλου

294 2825 447 2867 κομῶντα
465 2824 576 2870 κισσῷ
595 2824 724 2858 στῦλον
742 2821 843 2859 Εὐίου
863 2824 953 2859 θεοῦ.

242 2871 368 2921 (183.)
390 2889 422 2919 5.
452 2872 576 2916 Quum
595 2885 682 2909 vero
704 2874 862 2922 Amphio
879 2875 998 2924 lyram
1017 2876 1242 2913 ostendisset

190 2925 340 2973 ejusque
371 2925 527 2962 virtutes
559 2926 798 2973 exposuisset,
833 2927 911 2964 sine
943 2928 1055 2965 dubio
1087 2929 1241 2965 chorum

190 2978 302 3014 etiam
321 2978 484 3026 ejusdem
503 2990 613 3014 usum
627 2978 751 3015 docuit
763 2979 943 3029 hymnum
961 2981 999 3017 in
1013 2981 1240 3018 Mercurium

191 3031 368 3076 canendo,
408 3031 506 3078 quod
541 3031 643 3066 haud
683 3036 822 3069 temere
865 3033 995 3082 aliquis
1036 3035 1242 3082 suspicetur

191 3088 341 3132 propter
367 3083 480 3119 verba
505 3083 720 3120 Philostrati
746 3085 810 3122 vit.
830 3085 946 3134 Soph.
969 3086 1020 3127 II,
1043 3089 1104 3130 27,
1127 3090 1163 3129 4,
1186 3087 1239 3136 (p.

194 3138 270 3173 618
305 3135 363 3172 ed.
385 3135 446 3172 Ol.
467 3149 504 3183 Ρ.
531 3138 616 3177 111,
638 3139 700 3173 23.
722 3137 779 3173 ed.
801 3137 937 3188 Kays.)
993 3142 1145 3187 Μελετης
1167 3143 1240 3177 δὲ’
1223 3158 1241 3177 ο

191 3191 416 3238 Ἱππόδρομος
435 3193 512 3226 οὔτε
530 3191 566 3226 ἐν
583 3191 676 3239 ἀγρῷ
695 3192 935 3238 διαιτώμενος
921 3209 981 3239 ημε
968 3195 1036 3229 έλει
1055 3198 1131 3231 οὔτε
1150 3197 1241 3231 ὁδοι-

193 3248 316 3292 πορῶν,
336 3259 412 3279 ουτε
440 3244 475 3278 ἐν
500 3244 676 3289 Θετταλίᾳ,
697 3245 785 3280 ἀλλὰ
813 3247 875 3281 καὶ
903 3250 1084 3293 κρεῖττον
1108 3247 1243 3295 [scribe

194 3294 406 3345 κρεῖσσον]
426 3296 552 3339 ὄλβου
581 3299 706 3342 κτῆμα
734 3298 844 3333 ἐκάλει
871 3300 972 3344 αὐτὴν
997 3301 1033 3335 ἐκ
1056 3307 1122 3337 τῶν
1140 3303 1242 3349 Εὐρι-

194 3352 294 3387 πίδου
311 3367 349 3386 ¹1¹6
366 3366 477 3397 lap-vnn!
495 3365 548 3385 Kal.
564 3350 763 3397 Αμφίθνος·

247 3401 374 3450 (184.)
396 3408 428 3439 6.
458 3402 630 3438 Stobaeus
649 3401 831 3444 XCVIII,
854 3405 915 3440 36.

300 3457 409 3492 Πόλλ’
430 3457 524 3492 ἐστὶν
542 3456 780 3503 ἀνθρώποισιν,
800 3456 826 3492 ὦ
844 3459 945 3502 ξένοι,
966 3462 1054 3495 κακά.

197 3508 319 3544 Verba
338 3508 516 3552 Antiopes
536 3513 631 3544 sunt.

1101 305 1434 345 ΕΥΡΙΠΙΔΟΥ

1338 406 1465 457 (185.)
1487 420 1517 454 7,
1537 414 1569 444 8.
1600 407 1760 444 Cedren.
1781 420 1818 457 p.
1838 409 1900 450 22,
1919 407 1963 444 E.
1982 409 2023 446 ‘o
2040 410 2103 458 μὲν
2120 411 2336 459 Εὐριπίδης

1284 462 1397 498 -τόν
1415 463 1480 498 Δία
1503 463 1624 510 φησὶν,
1644 463 1692 500 εἷς
1719 464 1868 510 σάτυρον
1893 464 2146 510 μεταβληθέντα
2171 465 2232 511 τὴν
2257 464 2338 502 Ἀν-

1283 519 1428 561 τιόπην
1446 517 1596 563 φθεῖραι.
1626 514 1673 551 Cf.
1696 512 1823 552 Schol.
1842 514 1969 563 Apoll.
1989 516 2114 553 Rhod.
2137 517 2209 559 IV,
2225 517 2338 554 1090.

1282 568 1343 606 Jo.
1380 568 1507 605 Malal.
1539 567 1679 605 Chron.
1708 580 1744 616 p.
1774 570 1845 605 58..
1867 567 1978 604 Ovid.
2011 568 2107 607 Met.
2141 569 2213 612 VI,
2249 571 2336 608 109.

1282 621 1458 657 Ammon.
1479 620 1569 657 Diff.
1587 620 1683 658 Voc.
1708 633 1746 669 p.
1775 622 1837 658 86.
1865 620 1925 657 ed.
1944 619 2076 659 Valck.
2096 623 2186 661 κύειν
2210 625 2274 672 μὲν
2298 627 2338 662 τὸ

1283 677 1403 723 ἔγκυον
1430 673 1523 718 εἶναι,
1552 675 1676 712 τίκτειν
1703 676 1740 711 δέ
1772 677 1812 711 τὸ
1843 675 2120 713 ἀπαλλάττεσθαι
2145 680 2208 715 τοῦ
2235 677 2331 715 κύειν.

1283 729 1464 777 Εὐριπίδης
1483 730 1519 764 ἐν
1536 728 1695 775 Ἀντιόπῃ
1717 726 1787 774 (Sic
1809 727 1905 764 bene
1923 726 2055 766 Valck.
2077 728 2197 766 Diatr.
2212 742 2250 779 Ρ.
2273 731 2323 767 60

1281 794 1348 830 pro
1368 782 1516 819 ἐναντίον
1533 780 1572 830 ἢ)
1591 782 1754 825 κύουσα,
1779 783 1910 829 τίκτω,
1936 779 2038 826 εἶπεν,
2065 784 2159 830 ἡνίκ’
2185 781 2338 833 ἠγόμην

1281 838 1415 872 πάλιν.
1446 833 1546 883 quod
1563 834 1697 872 Valck.
1717 834 1743 871 1.
1764 846 1797 871 c.
1817 833 1856 870 in
1873 833 1972 871 hunc
1989 835 2162 875 modum:

1388 888 1504 925 κύουσ’
1523 890 1653 926 ἔτικτον
1670 889 1751 936 ἡνίκ’
1770 887 1900 937 ἠγόμην
1916 890 2032 926 πάλιν.

1283 947 1347 978 aut
1363 940 1504 991 potius:

1388 996 1518 1032 κύουσα
1534 997 1633 1033 τίκτω
1653 997 1687 1033 θ’
1707 996 1788 1042 ἡνίκ’
1807 995 1938 1044 ἠγόμην
1954 997 2071 1033 πάλιν.

1282 1049 1334 1085 sic
1362 1048 1625 1097 corrigendum
1652 1061 1733 1086 esse
1761 1048 1898 1087 docuit.
1954 1048 2106 1098 Musgr.
2125 1049 2229 1087 dedit
2246 1052 2335 1101 ἡνίχ’

1281 1104 1409 1150 ἡκόμην
1425 1105 1540 1140 πάλιν.

1335 1154 1465 1206 (186.)
1485 1172 1517 1202 9.
1548 1155 1667 1194 Clem.
1699 1155 1809 1192 Alex.
1842 1154 1982 1192 Strom.
2009 1156 2058 1198 V,
2087 1158 2148 1199 14,
2181 1159 2268 1197 112.
2295 1172 2334 1208 p.

1283 1210 1358 1249 716
1395 1210 1440 1246 P.
1461 1214 1499 1246 et
1523 1208 1610 1247 hinc
1635 1209 1773 1246 Euseb.
1795 1210 1920 1257 Praep.
1941 1208 2010 1247 Ev.
2030 1222 2069 1259 p
2091 1211 2166 1248 679
2202 1212 2253 1249 D.
2273 1207 2333 1250 ed.

1285 1262 1372 1312 vig.

1702 1318 1779 1353 οὐδε
1797 1319 1863 1366 γὰρ
1880 1317 1992 1365 λάθρα
2010 1319 2096 1354 δοκῶ

1389 1373 1506 1420 φωτὸς
1524 1371 1710 1420 κακούργου
1729 1370 1882 1419 σχήματ’
1895 1372 2134 1418 ἐκμιμούμενον

1390 1427 1448 1463 σοὶ
1467 1425 1541 1472 Ζῆν’
1562 1426 1595 1463 ἐς
1613 1426 1709 1471 εὐνὴν
1727 1427 1843 1474 ὥσπερ
1861 1425 2044 1473 ἄνθρωπον
2053 1427 2183 1473 μολεῖν.

1281 1480 1439 1528 Ἀμφίων
1456 1480 1551 1528 λέγει
1568 1482 1608 1525 τῇ
1626 1480 1800 1526 Ἀντιόπῃ.

1335 1532 1464 1581 (187.)
1490 1548 1540 1570 1ο.
1571 1530 1744 1569 Stobaeus
1762 1530 1907 1573 LXIII,
1928 1533 1965 1568 2.

1387 1590 1498 1635 Κόρος
1516 1588 1553 1623 δὲ
1570 1588 1716 1623 πάντων·
1746 1588 1800 1622 καὶ
1817 1587 1883 1634 γὰρ
1902 1587 1938 1622 ἐκ
1957 1588 2143 1623 καλλιόνων

1385 1642 1539 1690 λέκτροις
1558 1641 1609 1677 ἐπ’
1629 1642 1785 1689 αἰσχροῖς
1804 1638 1896 1676 εἶδον
1914 1641 2222 1689 ἐκπεπληγμένους·
2271 1687 2274 1691 ¹

1387 1696 1500 1733 δαιτὸς
1518 1695 1556 1731 δὲ
1573 1696 1765 1743 πληρωθείς
1782 1709 1833 1732 τις
1850 1694 1997 1741 ἅσμενος
2013 1696 2117 1731 πάλιν

1387 1749 1504 1797 φαύλῃ
1524 1750 1632 1795 διαίτῃ
1651 1749 1863 1797 προσβαλὼν
1880 1748 1969 1794 ἥσθη
1989 1750 2113 1795 στόμα.

1332 1797 1467 1852 (188.)
1492 1818 1542 1839 11.
1573 1801 1744 1838 Stobaeus
1762 1799 1887 1845 LXII,
1909 1802 1971 1837 41.

1386 1860 1452 1893 Φεῦ
1471 1858 1552 1905 φεῦ·
1581 1855 1620 1893 τὸ
1639 1857 1763 1892 δοῦλον
1781 1856 1826 1892 ὡς
1843 1855 2017 1903 ἁπανταχῆ
2035 1855 2132 1903 γένος

1385 1911 1471 1959 πρὸς
1488 1911 1549 1957 τὴν
1567 1912 1708 1947 ἐλάσσω
1726 1911 1848 1957 μοῖραν
1866 1911 1990 1957 ὥρισεν
2008 1909 2094 1947 θέος.

1331 1961 1460 2013 (189.)
1484 1980 1533 2001 12.
1563 1962 1736 2000 Stobaeus
1754 1961 1887 2004 LXII,
1913 1963 1972 1999 12.

1384 2020 1431 2055 Τὸ
1450 2020 1574 2055 δοῦλον
1593 2019 1658 2065 οὐχ
1676 2020 1758 2066 ὁρᾷς
1775 2017 1860 2053 ὅσον
1878 2018 1999 2059 κακόν;

1337 2068 1465 2118 (190.)
1490 2087 1539 2117 ¹3·
1572 2069 1742 2107 Stobaeus
1762 2069 1908 2111 XCIX,
1931 2071 1993 2106 12.

1386 2130 1504 2173 Φρονῶ
1524 2126 1552 2162 δ’
1585 2125 1607 2160 ἃ
1624 2126 1762 2172 πάσχω,
1784 2126 1838 2160 καὶ
1855 2124 1925 2160 τόδ’
1946 2125 1986 2159 οὐ
2005 2124 2150 2172 σμικρὸν
2167 2124 2280 2160 κακόν·

1385 2181 1424 2215 τὸ
1442 2180 1487 2226 μὴ
1507 2180 1628 2215 εἰδέναι
1646 2180 1712 2227 γὰρ
1731 2178 1852 2224 ἡδονὴν
1871 2179 1941 2225 ἕχει
1959 2179 2034 2213 τινὰ

1385 2236 1563 2269 νοσοῦντα·
1593 2233 1709 2280 κέρδος
1728 2234 1764 2268 ἐν
1781 2234 1892 2269 κακοῖς
1909 2232 2073 2279 ἀγνωσία.

1331 2283 1459 2335 (191.)
1482 2301 1532 2330 14.
1564 2284 1736 2322 Stobaeus
1754 2284 1878 2329 LXX,
1900 2286 1935 2320 3.

1386 2342 1497 2386 Κῆδος
1515 2340 1587 2376 καθ’
1606 2341 1707 2375 αὐτὸν
1725 2341 1783 2375 τὸν
1801 2340 1917 2386 σοφὸν
1935 2339 2079 2375 κτᾶσθαι
2095 2339 2217 2387 χρεών.

1334 2391 1463 2441 (192.)
1488 2408 1538 2439 15.
1569 2391 1741 2429 Stobaeus
1760 2391 1946 2433 LXXIV,
1970 2393 2029 2427 18.

1387 2449 1437 2483 Οὐ
1455 2448 1680 2495 σωφρονίζειν
1698 2447 1833 2493 ἔμαθον,
1854 2447 2022 2482 αἰδεῖσθαι
2039 2447 2077 2481 δὲ
2094 2447 2173 2494 χρὴ,

1386 2501 1495 2548 γύναι,
1515 2501 1554 2537 τὸ
1569 2502 1663 2590 ἒίανὁ
1682 2502 1736 2536 καὶ
1753 2500 2165 2590 (ξὲὲιζιῖἰι-Ιεῖθαιὸφθόνον.

1359 2555 1444 2590 193.
1486 2559 1538 2592 16.
1599 2558 1638 2589 to
1666 2565 1740 2589 aeus
1975 2555 1998 2590 3
2029 2580 2038 2589 .

1335 2551 1352 2603 (
1378 2552 1481 2656 ''EX{1.
1498 2611 1606 2655 λόγον
1624 2609 1678 2643 καὶ
1695 2610 1795 2644 τοῦτο
1813 2611 1879 2644 τῶν
1895 2581 2036 2644 πολλῶν
2051 2609 2197 2654 βροτῶν·

1362 2668 1364 2670 ’
1387 2663 1437 2698 δεῖ
1454 2663 1532 2700 τούς
1550 2662 1611 2708 μὲν
1629 2659 1711 2697 εἶναι
1730 2663 1919 2707 δυστυχεῖς,
1938 2661 2018 2698 τοὺς
2036 2661 2065 2698 δ’
2084 2662 2246 2708 εὐτυχεῖς.

1334 2711 1469 2764 (194.)
1493 2728 1543 2761 17.
1575 2713 1745 2750 Stobaeus
1763 2713 1927 2757 LXXII,
1949 2717 1986 2751 8.

1387 2770 1428 2804 Εἷ
1447 2773 1523 2807 νοῦς
1540 2770 1682 2805 ἔνεστιν·
1710 2769 1739 2803 εἶ
1757 2769 1794 2804 δὲ
1811 2769 1868 2815 μὴ,
1888 2769 1921 2804 τί
1938 2769 1991 2804 δεῖ
2006 2769 2109 2813 καλῆς

1385 2825 1552 2870 γυναικὸς,
1572 2823 1601 2858 εἰ
1618 2822 1663 2868 μὴ
1681 2823 1742 2859 τὰς
1759 2822 1887 2869 φρένας
1904 2823 2058 2870 χρηστὰς
2075 2823 2161 2868 ἔχοι.
2380 2862 2383 2865 ,

1334 2872 1461 2923 (195.)
1486 2882 1534 2918 18,
1559 2890 1610 2922 19.
1640 2873 1736 2911 Plat.
1767 2873 1884 2922 Gorg.
1908 2887 1946 2923 Ρ.
1968 2877 2043 2911 485
2080 2873 2125 2910 E.
2155 2873 2332 2911 κινδυνεύω

1280 2927 1340 2964 οὐν
1363 2931 1564 2966 πεπονθέναι
1592 2932 1650 2965 νῦν
1677 2928 1760 2976 ὅπερ
1788 2930 1807 2963 ὁ
1835 2929 1941 2974 Ζῆθος
1966 2930 2052 2976 πρὸς
2078 2929 2137 2964 τὸν
2161 2927 2333 2976 Ἀμφίονα

1280 2984 1341 3018 τοῦ
1369 2984 1564 3030 Εὐριπίδου,
1591 2983 1695 3030 οὗπερ
1723 2981 1902 3028 ἐμνήσθην.
1936 2983 1989 3018 καὶ
2011 2983 2078 3030 γὰρ
2106 2982 2180 3028 ἐμοὶ
2198 2981 2330 3033 Ιτοιαῦτ’

1282 3036 1365 3071 ἅττα
1384 3037 1562 3084 ἐπέρχεται
1579 3037 1666 3084 πρὸς
1687 3036 1730 3071 σὲ
1747 3036 1871 3083 λέγειν,
1892 3033 2009 3084 οἷάπερ
2032 3037 2154 3072 ἐκεῖνος
2170 3037 2257 3083 πρὸς
2273 3037 2333 3072 τὸν

1282 3089 1447 3135 ἀδελφὸν,
1474 3091 1535 3126 ὅτι
1559 3090 1734 3137 ἀμελεῖς,
1761 3089 1787 3124 ὦ
1814 3091 1995 3138 Σώκρατες,
2019 3090 2069 3126 ὢν
2095 3090 2158 3125 δεῖ
2179 3089 2331 3126 σε.ε’πι·

1282 3144 1509 3189 μελεῖσθαι,
1526 3145 1588 3179 καὶ
1607 3142 1735 3190 φύσιν
1751 3144 1888 3190 ψυχῆς
1902 3144 1975 3179 ὧδε
1991 3143 2179 3191 γενναίαν
2195 3158 2331 3191 μειρα-

1283 3196 1418 3231 κιώδει
1449 3198 1528 3233 τινὶ
1556 3196 1792 3243 διαπρέπεις
1823 3198 2075 3244 μορφώματι,
2101 3197 2155 3232 καὶ
2182 3196 2259 3232 οὔτ’
2287 3197 2332 3232 ἂν

1285 3250 1396 3294 δίκης
1429 3252 1625 3291 βουλαῖσι
1660 3248 1816 3297 προθεῖ’
1854 3250 1899 3285 ἂν
1933 3249 2060 3297 ὀρθῶς
2089 3252 2224 3297 λόγον,
2253 3251 2330 3286 οὔτ’

1284 3303 1390 3339 εἰκὸς
1420 3303 1465 3338 ἂν
1497 3304 1559 3339 καὶ
1589 3303 1758 3339 πιθανὸν
1783 3303 1938 3346 λάβοις,
1966 3303 2050 3339 οὔθ’
2079 3304 2178 3351 ὑπὲρ
2205 3303 2332 3339 ἅλλου
2388 3342 2392 3346 .

1285 3357 1466 3392 νεανικὸν
1488 3355 1695 3402 βούλευμα
1717 3355 1978 3398 βουλεύσαιο.
2034 3355 2096 3391 Ad
2112 3366 2243 3391 vocem
2259 3371 2330 3403 μει-

1285 3410 1439 3456 ρακιώδει
1458 3407 1647 3444 adnotavit
1665 3407 1877 3456 Olympiod.
1897 3407 1936 3444 in
1954 3412 2153 3444 comment.
2173 3406 2250 3444 MS.
2269 3420 2328 3457 ap.

1287 3460 1418 3497 Valck.
1445 3459 1564 3496 Diatr.
1591 3473 1628 3508 Ρ.
1649 3459 1722 3498 74.
1752 3464 1846 3509 ὁρᾷς
1875 3467 1957 3503 πῶς,
1986 3462 2170 3509 Εὐριπίδου
2199 3477 2328 3509 γυναι-

1288 3515 1403 3551 κώδει
1428 3515 1607 3561 εἰρηκότος.
1627 3515 1726 3551 αὐτὸς
1747 3517 1958 3560 μειρακιώδει
1982 3513 2066 3551 εἶπε.

2124 3513 2199 3550 Sed
2218 3530 2324 3563 γυναι-
