2488 3860
130 416 202 447 XO.

131 470 206 500 HA.

130 628 203 658 XO.

131 681 208 710 HA.

131 786 203 816 XO.

131 838 208 869 HA.

132 944 205 974 XO.

134 997 211 1027 HA.

135 1474 200 1504 XP.

136 2003 202 2034 XP.

137 2212 204 2243 XP.

139 2580 204 2610 Xl'.

133 1156 206 1187 XO.

134 1209 210 1239 HA.

135 1315 208 1345 XO.

135 1369 212 1398 HA.

136 1685 211 1715 HA.

137 1791 205 1821 XP.

137 1897 212 1927 HA.

139 2106 212 2136 HA.

136 2317 213 2347 HA.

136 2422 206 2453 xP.

137 2527 214 2558 HA.

233 780 268 815 τί
285 779 376 826 φῄς;

234 833 394 879 πάρεισιν
411 832 562 867 ἐλπίδων
579 832 629 866 ἔτι
648 833 846 866 κοινοτόκων

237 885 444 932 εὖπατρίδων
461 885 491 921 τ’
503 884 647 931 ἀρωγαί.
857 885 859 892 '

235 940 323 974 πᾶσι
341 937 474 974 θνατοῖς
491 938 560 983 ἕφυ
577 939 695 984 μόρος.

237 989 257 1036 ἦ
277 991 332 1026 καὶ
347 992 537 1038 χαλαργοῖς
554 990 590 1025 ἐν
608 990 769 1035 ἁμίλλαις

239 1041 357 1087 οὕτως,
377 1044 422 1080 ὡς
440 1044 536 1091 κείνῳ
555 1043 724 1091 δυστάνῳ,

239 1099 375 1143 τμητοῖς
394 1098 510 1133 ὁλκοῖς
528 1097 691 1143 ἐγκῦρσαι
707 1109 717 1137 ;

235 1150 389 1186 ἄσκοπος
405 1152 428 1184 ἁ
445 1150 558 1192 λώβα.

232 1206 304 1239 πῶς
320 1203 387 1250 γὰρ
406 1204 466 1237 οὔκ
483 1215 492 1242 ;
522 1202 552 1237 εἷ
570 1202 666 1246 ξένος

238 1256 318 1303 ἄτερ
338 1256 420 1301 ἐμᾶν
436 1259 548 1302 χερῶν

238 1310 360 1344 παπαῖ.

238 1361 404 1405 κέκευθεν,
424 1363 502 1396 οὔτε
520 1376 581 1396 του
599 1362 713 1407 τάφου
731 1360 893 1395 ἀντιάσας

238 1416 317 1450 οὔτε
333 1416 425 1462 γόων
441 1414 520 1462 παρ’
539 1414 645 1459 ἡμῶν.

239 1467 300 1514 ὑφ’
319 1467 441 1513 ἡδονῆς
458 1482 524 1508 τοι,
544 1468 708 1513 φιλτάτη,
729 1467 890 1511 διώκομαι

238 1522 278 1556 τὸ
297 1522 440 1566 κόσμιον
457 1520 601 1565 μεθεῖσα
621 1520 686 1555 σὺν
703 1520 800 1565 τάχει
817 1519 949 1563 μολεῖν.

239 1573 336 1621 φέρω
353 1574 420 1621 γὰρ
433 1573 555 1617 ἡδονάς
572 1588 610 1608 τε
629 1574 846 1608 κάνάπαυλαν
864 1571 910 1605 ῶν

237 1626 400 1673 πάροιθεν
418 1624 510 1672 εἶχες
528 1627 582 1661 καὶ
600 1626 798 1661 κατέστενες
816 1628 936 1659 κακῶν.

237 1679 342 1715 πόθεν
360 1679 388 1715 δ’
409 1680 450 1715 ἂν
468 1677 580 1726 εὕροις
597 1683 664 1714 τῶν
683 1678 771 1723 ἐμῶν
790 1677 837 1712 σὺ
854 1677 1018 1723 πημάτων

239 1732 369 1780 ἄρηξιν,
390 1730 442 1768 οἷς
458 1731 553 1767 ’ίασιν
571 1732 631 1766 οὐκ
650 1733 760 1766 ἔνεστ’
778 1731 884 1771 metm

239 1783 383 1832 πάρεστ’
401 1784 568 1832 Ὀρέστης
584 1785 674 1830 ἡμὶν,
693 1783 770 1819 ἰ’σθι
789 1783 878 1819 τοῦτ’
899 1783 982 1828 ἐμοῦ

240 1837 396 1879 κλύουσ“,
417 1839 576 1885 ἐναργῶς,
598 1839 716 1884 ὥσπερ
736 1838 876 1884 εἰσορᾷς
895 1836 965 1881 ἐμέ.

239 1890 320 1927 ἀλλ’
339 1890 359 1936 ἦ
377 1890 536 1937 μέμηνας,
557 1889 584 1926 ὃ
601 1892 756 1931 τάλαινα,
775 1891 856 1925 κάπὶ
874 1891 945 1926 τοῖς

240 1940 368 1989 σαυτῆς
386 1946 520 1979 κακοῖσι
539 1944 620 1979 κάπὶ
637 1946 712 1980 τοῖς
730 1945 822 1989 ἐμοῖς
839 1945 943 1990 γελᾷς
958 1955 967 1983 ;

236 1998 284 2042 μὰ
301 1997 362 2042 τὴν
378 1996 537 2044 πατρῴαν
555 1997 686 2035 ἑστίαν,
707 1996 786 2032 ἀλλ’
807 1997 872 2041 οὐχ
890 1994 988 2040 ὕβρει

242 2048 335 2095 λέγω
353 2047 439 2088 τάδ’,
459 2047 538 2083 ἀλλ’
558 2048 683 2082 ἐκεῖνον
703 2048 748 2083 ὡς
765 2049 917 2094 παρόντα
935 2051 993 2082 νῶ.

240 2099 332 2146 οἴμοι
349 2101 503 2135 τάλαινα·
533 2101 587 2135 καὶ
604 2100 697 2136 τίνος
713 2102 850 2147 βροτῶν
867 2101 975 2147 λόγον

238 2153 328 2189 τόνδ’
348 2151 571 2188 εἷσακούσασ’
592 2153 658 2188 ὧδε
674 2151 848 2189 πιστεύεις
866 2152 973 2199 ἅγαν;

240 2205 308 2253 ἐγὼ
324 2206 388 2252 μὲν
405 2206 444 2250 ἐξ
463 2206 546 2251 ἐμοῦ
565 2220 602 2240 τε
620 2206 701 2240 κούκ
719 2205 831 2240 ἅλλου
850 2206 948 2252 σαφῆ

244 2258 357 2304 σημεῖ’
377 2259 503 2294 ἰδοῦσα
520 2259 606 2306 τῷδε
623 2258 775 2294 πιστεύω
794 2260 902 2306 λόγῳ.

242 2312 318 2352 τίν’,
339 2311 365 2346 ὦ
383 2310 528 2351 τάλαιν’,
549 2311 673 2346 ἰδοῦσα
689 2311 809 2347 πίστιν
819 2324 830 2352 ;
860 2312 894 2347 ἐς
911 2310 946 2345 τί
962 2324 1020 2356 μοι

241 2365 416 2411 βλέψασα
434 2364 559 2400 θάλπει
577 2363 654 2412 τῷδ’
674 2364 848 2412 ἀνηκέστῳ
865 2363 948 2410 πυρί
962 2376 969 2404 ;

240 2419 327 2464 πρός
345 2432 403 2452 νυν
421 2417 507 2452 θεῶν
524 2417 686 2457 ἄκουσον,
707 2417 752 2453 ὧς
768 2417 928 2462 μαθοῦσά
945 2430 1011 2462 μου

239 2472 278 2505 τὸ
295 2471 420 2506 λοιπὸν
437 2469 457 2515 ἢ
477 2470 678 2517 φρονοῦσαν
695 2468 715 2514 ἢ
730 2470 846 2515 μώραν
867 2470 985 2516 λέγῃς.

238 2522 284 2558 σὺ
303 2522 332 2558 δ’
352 2521 412 2558 οὖν
428 2522 516 2569 λέγ’,
536 2521 569 2557 εἴ
586 2537 644 2557 σοι
663 2524 711 2570 τῷ
732 2524 827 2571 λόγῳ
842 2537 893 2558 τις
911 2520 1027 2566 ἡδονή.

238 2577 293 2611 καὶ
311 2575 351 2621 δὴ
369 2575 464 2622 λέγω
483 2590 542 2610 σοι
559 2577 627 2611 πᾶν
645 2574 732 2610 ὅσον
749 2575 959 2619 κατειδόμην.

242 2629 316 2664 ἐπεὶ
332 2629 399 2675 γὰρ
417 2626 526 2672 ἦλθον
542 2628 671 2674 πατρὸς
689 2628 831 2674 ἀρχαῖον
848 2628 973 2673 τάφον,

242 2683 311 2728 ὁρῶ
330 2682 480 2725 κολώνης
498 2681 536 2725 ἐξ
554 2681 657 2727 ἄκρας
675 2679 875 2727 νεορρύτους

240 2734 351 2781 πηγὰς
368 2735 539 2781 γάλακτος
557 2734 612 2768 καὶ
629 2734 822 2780 περιστεφῆ
841 2731 953 2780 κύκλῳ

240 2787 376 2822 πάντων
393 2785 448 2821 ὅσ’
469 2786 566 2821 ἐστὶν
583 2785 710 2821 ἀνθέων
728 2784 831 2830 θήκην
847 2788 986 2832 πατρός.

241 2838 365 2874 ἶδοῦσα
383 2836 412 2874 δ’
430 2840 538 2885 ἔσχον
556 2838 678 2883 θαῦμα,
699 2839 753 2872 καὶ
770 2842 969 2885 περισκοπῶ

239 2890 285 2937 μή
302 2890 370 2927 πού
388 2906 439 2928 τις
457 2891 535 2936 ἡμῖν
552 2891 653 2938 ἐγγὺς
672 2891 863 2938 ἐγχρίμπτῃ
881 2893 1031 2938 βροτῶν.

239 2945 285 2980 ὣς
302 2943 332 2980 δ’
352 2945 388 2979 ἐν
403 2943 534 2992 γαλήνῃ
552 2943 648 2979 πάντ’
669 2944 851 2990 ἐδερκόμην
867 2944 986 2983 τόπον,

239 2995 373 3042 τύμβου
389 2999 603 3044 προσεῖρπον
621 2996 747 3032 ἆσσον·
777 2996 926 3042 ἐσχάτης
944 2996 973 3031 δ’
993 2998 1061 3043 ὁρῶ

238 3051 348 3096 πυρᾶς
365 3049 471 3097 νεώρη
489 3051 691 3097 βόστρυχον
708 3049 924 3094 τετμημένον·

240 3102 359 3138 κεύθὺς
376 3101 505 3137 τάλαιν’
526 3103 570 3138 ὡς
588 3099 691 3142 εἶδον,
712 3102 844 3147 ἐμπαίει
862 3101 896 3136 τί
912 3116 972 3147 μοι

238 3155 339 3201 ψυχῇ
358 3153 502 3199 σύνηθες
520 3154 622 3200 ὄμμα,
643 3155 815 3200 φιλτάτου
831 3156 968 3201 βροτῶν

239 3208 374 3243 πάντων
390 3206 558 3254 Ὀρέστου
576 3207 672 3242 τοῦθ’
693 3209 775 3253 ὁρᾶν
787 3205 978 3253 τεκμήριον·

240 3260 295 3295 καὶ
311 3260 416 3306 χερσὶ
433 3261 648 3302 βαστάσασα
666 3260 838 3305 δυσφημῶ
855 3260 917 3304 μὲν
935 3259 987 3299 οὒ,

238 3315 329 3359 χαρᾷ
351 3313 388 3348 δὲ
405 3311 576 3358 πίμπλημ’
595 3312 693 3348 εὐθὺς
706 3311 798 3357 ὄμμα
815 3311 980 3359 δακρύων.

242 3366 297 3400 καὶ
315 3367 374 3400 νῦν
392 3364 426 3400 θ’
446 3366 570 3410 ὁμοίως
588 3365 643 3400 καὶ
660 3364 728 3399 τότ’
749 3364 972 3410 ἐξεπίσταμαι

239 3416 285 3463 μή
303 3432 365 3453 του
381 3417 451 3453 τόδ’
471 3418 648 3464 ἀγλάϊσμα
665 3417 757 3462 πλὴν
775 3417 884 3452 κείνου
901 3419 1033 3463 μολεῖν.

239 3471 288 3518 τῷ
304 3471 372 3518 γὰρ
389 3469 556 3518 προσήκει
573 3469 666 3515 πλήν
682 3469 715 3516 γ’
736 3470 819 3514 ἐμοῦ
837 3470 892 3505 καὶ
909 3473 976 3505 σοῦ
995 3472 1071 3506 τόδε
1088 3483 1095 3511 ;

241 3523 334 3567 κάγὼ
351 3523 413 3568 μὲν
431 3523 492 3558 οὔκ
510 3524 651 3570 ἔδρασα,
671 3521 762 3557 τοῦτ’
782 3522 979 3568 ἐπίσταμαι,

241 3574 310 3610 οὐδ’
330 3574 373 3610 αὖ
392 3574 451 3610 σύ.
480 3579 552 3611 πῶς
569 3577 636 3622 γάρ
651 3588 660 3616 ;
689 3572 712 3620 ᾗ
728 3590 770 3621 γε
786 3576 870 3619 μηδὲ
887 3577 974 3622 πρὸς
992 3576 1088 3612 θεοὺς

241 3627 353 3671 ἔξεστ’
372 3626 556 3675 ἀκλαύστῳ
573 3627 672 3673 τῆσδ’
691 3628 882 3672 ἀποστῆναι
900 3628 1038 3675 στέγης.

923 935 996 970 ἀντ.
1055 961 1064 969 .
1119 936 1184 968 860

1124 1414 1186 1454 870

1125 1680 1185 1719 875

1123 1946 1185 1976 880

1131 2209 1170 2238 88
1175 2215 1193 2247 5

1129 2474 1196 2515 890

1128 2738 1189 2778 895

1209 2908 1213 2949 Ι

1123 3274 1184 3305 905

1126 3536 1188 3568 9¹0

1227 787 1306 816 HA.

1226 839 1294 869 XP.

1227 892 1305 922 HA.

1229 945 1298 974 XP.

1227 998 1304 1027 HA.

1232 1103 1300 1134 XP.

1230 1157 1305 1186 HA.

1229 1210 1298 1239 XP.

1232 1263 1309 1292 HA.

1232 1316 1298 1346 XP.

1233 1421 1308 1451 HA.

1231 1527 1299 1556 XP.

1233 1738 1307 1767 HA.

1234 1843 1300 1873 XP.

1233 1897 1309 1925 HA.

1234 1949 1301 1979 XP.

1234 2003 1309 2032 HA.

1233 2055 1299 2084 XF.

1236 2107 1310 2137 HA.

1235 2160 1303 2190 XP.

1234 2213 1310 2243 HA.

1053 290 1344 347 HAEKTPA.
2190 302 2268 342 νη

228 411 361 448 δειλαία
378 410 537 446 δειλαίων
555 413 679 456 κυρεῖς.
1029 423 1108 456 στρ.
1128 410 1176 452 β’.
1195 408 1202 448 Ι
1325 407 1406 446 ἀλλ’
1424 409 1502 444 οὐδὲ
1520 409 1582 454 μὲν
1600 409 1639 454 δὴ
1658 411 1783 455 μητρὸς
1801 409 1876 444 οὔθ’
1897 412 1915 445 ὁ
1935 413 2012 447 νοῦς
2030 411 2129 455 φιλεῖ

233 464 324 511 κάγὼ
341 461 431 498 τοῦδ’
449 460 571 508 ἴστωρ,
591 461 797 508 ὑπερίστωρ,
1112 463 1175 503 850
1327 464 1466 498 τοιαῦτα
1482 463 1656 508 πράσσειν
1673 464 1751 496 οὔτε
1769 463 1873 509 δρῶσ’
1893 463 2046 498 ἐλάνθαν’
2066 462 2118 497 ἂν·

232 514 417 564 πανσύρτῳ
434 513 600 562 παμμήνῳ
619 515 735 549 δεινῶν
1329 515 1408 551 ἀλλ’
1427 515 1499 550 ἔστ’
1518 514 1686 562 Ὀρέστου
1703 517 1808 550 ταῦτα
1824 515 2042 560 τάπιτύμβια.
2213 529 2249 557 0¹
2257 529 2273 558 5

235 572 390 616 στυγνῶν
407 567 435 602 τ’
455 568 566 613 ἀχέων
583 567 689 602 αἰῶνι.
1329 567 1422 608 ἀλλ’,
1442 567 1469 602 ὦ
1487 568 1588 614 φίλη,
1609 567 1768 614 θάρσυνε.
1798 570 1871 604 τοῖς
1888 569 2024 603 αὐτοῖσί
2041 582 2092 603 τοι

232 620 365 667 ἐἴδομεν
382 619 537 667 ἁθρήνεις
1328 622 1394 668 οὐχ
1411 621 1512 657 αὑτὸς
1529 621 1582 655 ἀεὶ
1600 621 1766 665 δαιμόνων
1783 623 2006 668 παραστατεῖ.

235 673 280 719 μή
298 674 342 720 μέ
358 688 417 709 νυν
433 673 551 719 μηκέτι
1334 675 1398 723 νῷν
1416 673 1445 709 δ’
1464 672 1506 718 ἦν
1522 674 1565 708 τὰ
1581 673 1734 720 πρόσθεν
1753 676 1910 720 στυγνός·
1940 673 1960 717 ἡ
1980 675 2016 709 δὲ
2036 677 2094 709 νῦν
2110 671 2196 709 ἴσως

234 727 444 775 παραγάγῃς,
463 724 504 761 ἵν’
524 726 564 760 οὐ
1117 728 1179 767 855
1333 729 1476 763 πολλῶν
1493 727 1638 773 ὑπάρξει
1657 728 1757 773 κῦρος
1774 726 1880 773 ἡμέρα
1899 729 2022 762 καλῶν.

1332 781 1414 827 φεῦ,
1433 781 1494 824 τῆς
1511 779 1625 815 ἀνοίας
1643 779 1688 815 ὥς
1707 779 1741 814 σ’
1762 780 1957 827 ἐποικτείρω
1975 781 2094 815 πάλαι.

1329 833 1364 868 τί
1382 832 1411 868 δ’
1431 833 1549 872 ἕστινς
1579 832 1619 866 οὗ
1637 833 1723 879 πρὸς
1740 831 1863 877 ἡδονὴν
1879 832 1972 877 λέγω
1990 833 2070 867 τάδε
2086 845 2094 872 ;

1330 886 1391 921 οὐκ
1410 882 1506 920 οἶσθ’
1526 885 1605 920 ὅποι
1622 887 1686 932 γῆς
1704 884 1774 920 οὐδ’
1795 884 1874 920 ὅποι
1890 887 2025 932 γνώμης
2043 885 2156 931 φέρει.

1332 943 1404 975 πῶς
1422 937 1452 974 δ’
1472 939 1534 973 οὐκ
1553 938 1619 985 ἐγὼ
1638 937 1762 973 κάτοιδ’
1782 939 1804 973 ἃ
1820 937 1853 985 γ’
1873 935 1963 973 εἶδον
1981 939 2161 984 ἐμφανῶς;

1330 991 1498 1036 τέθνηκεν,
1518 991 1544 1026 ὦ
1562 992 1716 1026 τάλαινα·
1745 991 1899 1026 τάκείνου
1918 991 1956 1026 δέ
1975 1006 2033 1026 σοι
2126 986 2134 992 ’

1336 1044 1474 1092 σωτήρι’
1493 1046 1595 1092 ἔρρει·
1624 1045 1728 1089 μηδὲν
1747 1045 1780 1080 ἐς
1798 1046 1906 1079 κεῖνόν
1922 1044 1954 1092 γ’
1974 1043 2048 1091 ὅρα.
2220 1057 2240 1086 9

1334 1096 1425 1143 οἴμοι
1442 1099 1596 1133 τάλαινα·
1627 1100 1688 1132 τοῦ
1706 1097 1778 1133 τάδ’
1798 1100 1948 1143 ἤκουσας
1965 1099 2100 1144 βροτῶν
2114 1110 2124 1138 ;

1334 1153 1395 1186 τοῦ
1413 1151 1564 1195 πλησίον
1581 1152 1761 1196 παρόντος,
1781 1150 1863 1195 ἡνίκ’
1884 1150 2033 1186 ὤλλυτο.

1333 1205 1387 1239 καὶ
1403 1206 1471 1240 ποῦ
1487 1203 1579 1239 ’στιν
1596 1203 1717 1244 οὗτος;
1748 1204 1859 1249 θαῦμά
1876 1203 1931 1238 τοί
1947 1203 1982 1249 μ’
2002 1203 2199 1250 ὑπέρχεται.

1336 1256 1406 1292 κατ’
1427 1254 1532 1297 οἶκον,
1552 1256 1633 1301 ἡδὺς
1651 1257 1730 1292 οὐδὲ
1748 1258 1849 1304 μητρὶ
1868 1255 2052 1304 δυσχερής.

1332 1308 1423 1355 οἴμοι
1441 1311 1596 1344 τάλαινα·
1617 1312 1687 1351 ,τοῦ
1704 1310 1771 1357 γὰρ
1789 1309 1975 1357 ἀνθρώπων
1992 1309 2069 1345 ποτ’
2088 1307 2129 1352 ἦν

1333 1364 1376 1397 τὰ
1392 1363 1511 1399 πολλὰ
1527 1363 1657 1409 πατρὸς
1673 1364 1760 1410 πρὸς
1777 1363 1891 1409 τάφον
1909 1362 2138 1409 κτερίσματα;

1336 1413 1428 1461 οἶμαι
1446 1415 1586 1460 μάλιστ’
1606 1416 1714 1463 ἔγωγε
1732 1418 1793 1450 τοῦ
1811 1415 2011 1460 τεθνηκότος

1330 1467 1469 1514 μνημεῖ’
1486 1467 1656 1515 Ὀρέστου
1674 1471 1779 1503 ταῦτα
1795 1469 1996 1515 προσθεῖναι
2015 1469 2102 1503 τινά.

1335 1521 1361 1555 ὦ
1380 1520 1564 1567 δυστυχής·
1596 1522 1662 1567 ἐγὼ
1681 1522 1718 1556 δὲ
1738 1521 1803 1556 σὺν
1819 1523 1910 1568 χαρᾷ
1926 1523 2054 1568 λόγους

1337 1573 1486 1609 τοιούσδ’
1506 1574 1624 1620 ἕχουσ’
1645 1575 1825 1615 ἔσπευδον,
1846 1575 1906 1609 οὐκ
1925 1574 2022 1610 εἶδυῖ’
2042 1574 2107 1621 ὅρα

1336 1625 1376 1662 ἵν’
1395 1625 1478 1671 ἦμεν
1495 1627 1587 1671 ἄτης·
1619 1628 1712 1662 ἀλλὰ
1730 1630 1800 1668 νῦν,
1821 1627 1877 1662 ὅθ’
1898 1629 2027 1672 ἱκόμην,

1337 1681 1378 1715 τά
1396 1680 1425 1714 τ’
1446 1679 1526 1715 ὅντα
1543 1680 1697 1727 πρόσθεν
1714 1680 1806 1715 ἄλλα
1826 1680 1862 1715 θ’
1883 1681 2030 1727 εὑρίσκω
2050 1680 2146 1715 κακά.

1339 1731 1446 1769 οὕτως
1464 1733 1536 1779 ἔχει
1556 1747 1614 1768 σοι
1633 1732 1739 1768 ταῦτ’·
1770 1734 1828 1768 ἐὰν
1846 1734 1884 1769 δέ
1900 1748 1959 1779 μοι
1976 1733 2072 1778 πίθῃ,

1337 1787 1395 1831 τῆς
1414 1788 1474 1820 νῦν
1490 1785 1666 1832 παρούσης
1683 1788 1834 1831 πημονῆς
1846 1785 1966 1823 λύσεις
1984 1787 2102 1834 βάρος.
2142 1820 2144 1823 ,

1334 1837 1354 1882 ἧ
1373 1839 1452 1874 τοὺς
1471 1838 1631 1875 θανόντας
1650 1838 1874 1884 ἐξαναστήσω
1892 1839 1978 1875 ποτέ
1993 1852 2001 1879 ;

1333 1892 1394 1926 οὐκ
1412 1891 1492 1926 ἔσθ’
1512 1890 1532 1926 ὅ
1548 1891 1580 1938 γ’
1601 1889 1707 1927 εἷπον”
1737 1892 1777 1926 οῦ
1795 1893 1862 1939 γὰρ
1881 1891 1938 1927 ὧδ’
1958 1892 2080 1939 ἅφρων
2098 1893 2198 1939 ἔφυν.

1336 1944 1370 1978 τί
1386 1944 1454 1991 γὰρ
1473 1943 1621 1980 κελεύεις
1641 1945 1686 1979 ὧν
1705 1945 1771 1992 ἐγὼ
1790 1945 1983 1993 φερέγγυος
1999 1959 2008 1985 ;

1335 1996 1456 2041 τλῆναί
1474 2012 1516 2032 σε
1535 1998 1673 2043 δρῶσαν
1691 1997 1731 2031 ἃν
1749 1998 1815 2044 ἐγὼ
1835 1999 2042 2042 παραινέσω.

1333 2050 1412 2085 ἀλλ’
1433 2047 1466 2084 εἴ
1479 2064 1530 2085 τις
1548 2050 1706 2095 ὠφέλειά
1722 2049 1769 2096 γ’,
1789 2050 1850 2083 οὐκ
1869 2050 2063 2094 ἀπώσομαι.

1339 2101 1414 2149 ὅρα,
1434 2103 1540 2138 πόνου
1558 2116 1611 2136 τοι
1628 2103 1734 2149 χωρὶς
1753 2102 1851 2136 οὐδὲν
1869 2102 2016 2147 εὐτυχεῖ.

1338 2157 1419 2201 ὁρῶ.
1449 2154 1598 2198 ξυνοίσω
1615 2156 1683 2190 πᾶν
1701 2154 1851 2201 ὅσονπερ
1870 2155 1911 2189 ἂν
1930 2154 2054 2195 σθένω,

1339 2207 1439 2242 ἅκουε
1457 2206 1497 2251 δή
1518 2222 1576 2242 νυν
1592 2204 1614 2251 ᾗ
1631 2206 1866 2252 βεβούλευμαι
1883 2209 2010 2242 τελεῖν.

1341 2260 1534 2307 παρουσίαν
1551 2260 1613 2304 μὲν
1631 2256 1734 2294 οἶσθα
1752 2260 1806 2294 καὶ
1826 2258 1871 2294 σύ
1889 2275 1956 2295 που
1975 2260 2091 2306 φίλων

1341 2314 1386 2349 ὡς
1404 2314 1496 2348 οὔτις
1513 2311 1591 2358 ἡμῖν
1610 2312 1717 2352 ἐστιν,
1738 2312 1818 2347 ἀλλ’
1831 2311 1950 2356 Ἀιδης
1967 2313 2088 2355 λαβὼν

1341 2365 1552 2411 ἀπεστέρηκε
1570 2366 1624 2399 καὶ
1641 2366 1727 2410 μόνα
1743 2365 1983 2410 λελείμμεθον.

1342 2418 1408 2465 ἐγὼ
1426 2417 1455 2453 δ’
1475 2417 1538 2453 ἕως
1556 2418 1617 2461 μὲν
1634 2418 1694 2452 τὸν
1713 2418 1918 2464 κασίγνητον
1935 2418 2003 2465 βίῳ

1341 2471 1500 2506 θάλλοντ’
1520 2469 1565 2504 ἔτ’
1580 2469 1770 2515 εἰσήκουον,
1791 2467 1886 2516 εἶχον
1904 2471 2046 2506 ἐλπίδας

1342 2525 1452 2570 φόνου
1469 2522 1545 2558 ποτ’
1565 2523 1667 2557 αὐτὸν
1683 2521 1846 2570 πράκτορ’
1864 2520 2000 2566 ἵξεσθαι
2018 2525 2160 2569 πατρός·

1342 2578 1400 2611 νῦν
1418 2575 1446 2611 δ’
1466 2574 1549 2619 ἡνίκ’
1569 2576 1629 2610 οὐκ
1648 2575 1692 2610 ἔτ’
1714 2577 1822 2616 ἔστιν,
1837 2575 1872 2610 ἐς
1889 2575 1931 2609 σὲ
1951 2574 1990 2618 δὴ
2008 2573 2143 2617 βλέπω,

2216 792 2279 823 920

2245 1057 2259 1078 ¹0

2263 1056 2280 1087 <n

2226 1854 2287 1885 940

2231 2113 2292 2147 945

2230 2379 2293 2411 950

1342 2629 1433 2664 ὅπως
1450 2629 1510 2662 τὸν
1527 2629 1708 2675 αὐτόχειρα
1721 2627 1878 2675 πατρῴου
1896 2629 2006 2673 φόνου

1343 2681 1405 2725 ξὺν
1422 2680 1492 2725 τῇδ’
1512 2681 1649 2726 ἀδελφῇ
1666 2681 1711 2726 μὴ
1731 2679 1948 2725 κατοκνήσεις
1966 2682 2098 2715 κτανεῖν

1343 2732 1523 2780 Αἴγισθον.
1545 2733 1643 2768 οὐδὲν
1659 2734 1726 2779 γάρ
1747 2748 1789 2768 σε
1807 2734 1859 2768 δεῖ
1875 2732 2033 2780 κρύπτειν
2049 2733 2084 2778 μ’
2105 2734 2167 2769 ἔτι.

1342 2788 1404 2822 ποῖ
1419 2786 1486 2832 γὰρ
1503 2787 1614 2831 μενεῖς
1631 2785 1780 2832 ῥᾴθυμος
1803 2787 1837 2822 ἐς
1853 2786 1915 2821 τίν’
1935 2787 2091 2822 ἐλπίδων

1343 2839 1504 2884 βλέψασ’
1522 2838 1566 2872 ἔτ’
1586 2837 1711 2885 ὀρθήν;
1739 2835 1762 2883 ᾖ
1778 2839 1925 2885 πάρεστι
1943 2839 2004 2883 μὲν
2022 2838 2153 2873 στένειν

1344 2889 1496 2927 πλούτου
1514 2890 1672 2939 πατρῴου
1691 2892 1812 2935 κτῆσιν
1830 2891 2047 2938 ἐστερημένῃ,

1344 2945 1491 2991 πάρεστι
1509 2943 1538 2978 δ’
1558 2944 1676 2990 ἀλγεῖν
1694 2944 1728 2979 ἐς
1746 2944 1890 2979 τοσόνδε
1907 2946 1968 2978 τοῦ
1986 2945 2113 2990 χρόνου

1343 2997 1491 3043 ἰίλεκτρα
1507 2997 1752 3043 γηράσκουσαν
1769 2996 1948 3041 ἀνυμέναιά
1966 3011 2016 3030 τε.

1345 3050 1400 3084 καὶ
1418 3050 1522 3084 τῶνδε
1539 3049 1654 3093 μέντοι
1671 3048 1784 3094 μηκέτ’
1805 3049 1957 3094 ἐλπίσῃς
1975 3048 2067 3084 ὅπως

1345 3101 1456 3146 τεύξει
1473 3101 1559 3137 ποτ’·
1593 3103 1633 3136 οὐ
1650 3102 1717 3148 γὰρ
1737 3101 1792 3136 ὧδ’
1812 3101 1961 3143 ἄβουλός
1981 3101 2053 3136 ἐστ’
2073 3100 2157 3147 ἀνὴρ

1348 3153 1515 3202 Αἴγισθος
1534 3155 1624 3189 ὥστε
1644 3156 1708 3189 σόν
1725 3153 1800 3189 ποτ’
1819 3153 1838 3199 ἢ
1859 3154 1964 3199 κάμὸν
1980 3154 2080 3200 γένος

1347 3209 1516 3250 βλαστεῖν
1535 3208 1646 3246 ἐᾶσαι,
1665 3207 1817 3251 πημονὴν
1835 3207 1924 3255 αὐτῷ
1943 3208 2055 3252 σαφῆ.

1347 3260 1425 3295 ἀλλ’
1445 3259 1486 3305 ἢν
1504 3261 1632 3304 ἐπίσπῃ
1652 3261 1723 3295 τοῖς
1742 3259 1834 3304 ἐμοῖς
1851 3258 2099 3304 βουλεύμασιν,

1347 3317 1483 3359 πρῶτον
1498 3313 1560 3358 μὲν
1579 3312 1756 3355 εὐσέβειαν
1775 3312 1811 3346 ἐκ
1828 3313 1955 3358 πατρὸς
1973 3312 2062 3346 κάτω

1349 3364 1508 3401 θανόντος
1525 3363 1615 3400 οἴσει
1633 3367 1694 3399 τοῦ
1713 3363 1917 3411 κασιγνήτου
1936 3363 1970 3398 θ’
1989 3364 2069 3409 ἅμα·

1348 3419 1464 3453 ἔπειτα
1481 3415 1510 3452 δ’
1529 3419 1648 3463 ὥσπερ
1666 3417 1802 3463 ἐξέφυς,
1824 3416 1987 3463 ἐλευθέρα

1351 3472 1449 3505 καλεῖ
1464 3471 1503 3505 τὸ
1521 3471 1655 3509 λοιπὸν,
1676 3470 1730 3504 καὶ
1747 3471 1864 3516 γάμων
1882 3469 2029 3513 ἐπαξίων

1350 3521 1472 3566 τεύξει.
1501 3524 1602 3568 φιλεῖ
1617 3523 1683 3568 γὰρ
1701 3523 1787 3568 πρὸς
1803 3522 1845 3556 τὰ
1861 3522 1998 3568 χρηστὰ
2015 3522 2081 3558 πᾶς
2099 3523 2193 3559 ὁοᾶν.

1353 3576 1467 3621 λόγων
1483 3588 1524 3620 γε
1542 3573 1607 3617 μὴν
1625 3575 1778 3607 εὔκλειαν
1796 3572 1861 3617 οὐχ
1881 3574 1962 3617 ὁρᾷς
1980 3573 2064 3617 ὅσην

1352 3627 1460 3668 σαυτῇ
1478 3639 1515 3660 τε
1533 3625 1631 3662 κάμοὶ
1649 3627 1864 3672 προσβαλεῖς
1881 3625 2064 3662 πεισθεῖσά
2080 3640 2160 3671 μοις

2229 2899 2290 2936 9ὓο

2229 3157 2291 3199 965

2230 3429 2294 3463 970
