2488 3860
173 879 230 911 01.

172 1090 249 1122 911.

171 1250 243 1281 XX).

228 2031 230 2033 ‚
278 1986 320 2031 κᾷ
337 1986 458 2032 λόγον·
486 1987 526 2021 τὸ
545 1985 588 2025 δ’,

175 3148 249 3179 AJQ.

180 3304 234 3337 01.

177 3357 250 3389 Affiff.

180 3462 252 3493 110.

841 295 1139 337 01A1n0‘r2
1183 294 1288 334 ΕΠῙ
1329 292 1616 337 ΚΟΛΩΝΩι.

271 403 318 439 σὺ
336 397 367 438 δ’
388 401 436 439 εἷς
454 401 574 444 ε’κεινὰ,
593 400 638 447 μή
657 402 699 437 τὰ
718 403 787 443 νῦν,
806 401 996 438 ἀποσκόπει

271 454 411 502 πατρῷα
428 453 483 488 καὶ
499 457 636 502 μητρῷα
653 453 781 499 πήμαθ’
801 455 939 496 ἅπαθες,

272 506 333 541 κᾶν
350 507 440 541 κεῖνα
455 504 623 551 λεύσσῃς,
644 503 710 542 οἶδ’
730 508 810 555 ἐγὼ,
828 510 956 555 γνώσει
973 510 1074 545 κακοῦ

272 558 380 604 θυμοῦ
397 559 558 604 τελευτὴν
575 559 621 595 ὣς
638 559 719 605 κακὴ
737 561 994 609 προσγίγνεται.

272 612 364 657 ἔχεις
379 612 446 659 γὰρ
464 611 543 657 οὐχὶ
559 612 643 654 βαιὰ
660 612 910 660 τάνθυμήματα,

270 667 339 699 τῶν
356 668 429 699 σῶν
445 663 614 711 ἀδέρκτων
631 665 788 711 ὀμμάτων
805 669 1004 713 τητώμενος.

272 715 352 752 ἀλλ’
371 715 449 762 ἡμὶν
467 713 546 752 εἶκε.
574 718 731 765 λιπαρεῖν
747 720 814 766 γὰρ
833 721 872 755 οὐ
891 722 996 756 καλὸν

273 769 384 805 δίκαια
399 768 692 817 προσχρῄζουσιν,
713 771 784 807 οὐδ’
803 773 904 808 αὐτὸν
921 773 983 818 μὲν
1000 771 1037 808 εὗ

271 823 431 868 πάσχειν,
450 822 602 858 παθόντα
620 823 648 858 δ’
668 824 728 858 οὐκ
747 825 953 861 ἐπίστασθαι
970 825 1084 861 τίνειν.

273 875 401 916 τέκνον,
419 877 560 923 βαρεῖαν
578 875 700 921 ἡδονὴν
718 878 831 913 νικᾶτέ
846 893 889 923 με

271 927 441 976 λέγοντες·
471 929 561 963 ἔστω
580 928 609 963 δ’
628 927 688 964 οὖν
706 929 796 966 ὅπως
814 931 891 976 ὑμῖν
908 931 1028 978 φίλον.

272 982 386 1026 μόνον,
407 979 486 1025 ξέν’,
507 978 600 1028 ε’ίπερ
619 983 726 1019 κεῖνος
744 981 801 1018 ὧδ’
820 982 1008 1024 ἐλεύσεται,

272 1033 388 1079 μηδεὶς
406 1033 567 1081 κρατείτω
586 1035 645 1079 τῆς
664 1035 744 1080 ε’μῆς
761 1035 881 1082 ψυχῆς
897 1037 992 1072 ποτέ.

274 1086 366 1131 ἅπαξ
383 1087 426 1121 τὰ
443 1086 581 1127 τοιαῦτ’,
602 1088 680 1133 οὐχὶ
699 1089 750 1124 δὶς
766 1088 880 1136 χρῄζω
899 1088 1025 1130 κλύειν,

274 1138 300 1174 ὦ
317 1139 468 1186 πρέσβυ.
498 1142 638 1185 κομπεῖν
656 1140 685 1175 δ’
705 1141 783 1186 οὐχὶ
798 1141 982 1185 βούλομαι·
1013 1138 1100 1177 σὺδ’
1119 1139 1165 1175 ὢν

275 1196 345 1229 σῶς
361 1190 450 1232 ἴσθ’,
471 1192 528 1227 ἐάν
545 1208 610 1240 περ
629 1193 714 1239 κάμέ
729 1208 781 1230 τις
799 1196 891 1239 σώζῃ
910 1194 1007 1231 θεῶν.
1137 1206 1215 1229 1210

273 1244 371 1282 ὅστις
388 1248 449 1280 τοῦ
466 1245 613 1282 πλέονος
629 1245 752 1293 μέρους
1136 1261 1213 1293 στρ.

274 1297 392 1345 χρῄζει
409 1300 471 1333 τοῦ
488 1298 627 1345 μετρίου
644 1301 762 1346 παρεὶς

275 1352 381 1394 ζώειν,
402 1350 610 1387 σκαιοσῦναν
628 1353 828 1398 φυλάσσων

275 1404 311 1439 ἐν
329 1405 403 1449 ἐμοὶ
421 1405 609 1449 κατάδηλος
627 1406 735 1441 ἔσται.

274 1457 348 1492 ἐπεὶ
363 1457 482 1492 πολλὰ
498 1457 560 1502 μὲν
577 1458 611 1492 αἶ
628 1459 751 1505 μακραὶ

274 1509 394 1557 ἁμέραι
413 1509 589 1545 κατέθεντο
608 1510 648 1555 δὴ

273 1560 386 1599 λύπας
403 1563 584 1610 ἐγγυτέρω,
604 1564 646 1598 τὰ
664 1563 739 1611 τέρ-

273 1629 382 1651 ποντα
399 1613 428 1651 δ’
447 1615 507 1650 οὐκ
526 1616 566 1651 ἂν
582 1614 668 1653 ἰ’δοις
687 1616 785 1658 ὅπου,

276 1667 357 1704 ὅταν
374 1683 425 1704 τις
444 1668 478 1705 ἐς
494 1668 602 1704 πλέον
619 1668 709 1714 πέσῃ

274 1723 335 1756 τοῦ
353 1721 529 1758 θέλοντος·
561 1723 580 1756 ὁ
597 1721 625 1757 δ’
647 1722 823 1770 ἐπίκουρος
842 1722 1079 1764 ἷσοτέλεστος,

268 1771 386 1811 'Areos
414 1774 471 1810 ὅτε
494 1773 594 1821 Μοῖρ’
614 1775 808 1820 ἀνυμέναιος

277 1826 403 1874 ἅλυρος
420 1827 547 1874 ἅχορος
564 1827 770 1874 ἀναπέφηνε,

276 1878 418 1916 θάνατος
437 1880 470 1916 ἐς
488 1881 662 1916 τελευτάν.

260 1928 323 1978 >μὴ
342 1933 447 1979 φῦναι
465 1934 524 1968 τὸν
541 1933 672 1968 ἅπαντα
690 1949 738 1969 νι-

609 1986 681 2021 έπεὶ
700 1988 803 2031 φανῇ,

273 2037 376 2082 βῆναι
393 2035 502 2072 κεῖθεν
518 2037 595 2073 ὅθεν
611 2053 676 2085 περ
695 2038 766 2084 ἥκει

273 2090 365 2125 πολὺ
383 2088 539 2137 δεύτερον
557 2090 602 2127 ὣς
619 2092 780 2136 τάχιστ-α.

275 2142 320 2178 ὦς
338 2139 405 2177 εὖτ’
423 2142 464 2178 ἂν
481 2144 520 2178 τὸ
537 2143 612 2178 νέον
629 2146 719 2190 παρῇ

276 2193 406 2241 κούφας
424 2194 623 2242 ἀφροσύνας
641 2197 762 2243 φέρον,

275 2247 327 2284 τίς
343 2248 507 2295 πλάγχθη
525 2247 748 2295 πολύμοχθος
765 2249 799 2284 ἔ-

272 2298 334 2343 ξω,
353 2299 404 2336 τίς
418 2301 458 2336 οὗ
477 2303 631 2347 καμάτων
649 2302 697 2337 ἔνι
712 2313 722 2342 ;

275 2353 390 2398 φόνοι,
411 2353 564 2394 στάσεις,
584 2354 665 2400 ἔρις,
684 2355 804 2400 μάχαι,

275 2405 329 2440 καὶ
346 2404 488 2451 φθόνος·
517 2407 557 2441 τό
573 2420 611 2440 τε
628 2407 864 2452 κατάμεμπτον
882 2406 1092 2454 ἐπιλέλογχε
1133 2420 1168 2442 12
1172 2419 1212 2452 35

275 2456 428 2503 πύματον
446 2458 587 2505 ἀκρατὲς
604 2459 842 2506 ἀπροσόμιλον

274 2512 380 2558 γῆρας
397 2510 538 2557 ἄφιλον,
557 2509 611 2546 ἵνα
627 2513 803 2559 πρόπαντα

276 2563 359 2598 κακὰ
377 2567 485 2599 κακῶν
501 2564 659 2608 ξυνοικεῖ.

275 2616 311 2651 ἐν
328 2613 356 2665 ᾧ
372 2617 510 2662 τλάμων
527 2616 590 2658 ὅδ’,
606 2617 666 2652 οὐκ
685 2618 751 2664 ἐγὼ
768 2619 880 2663 μόνος,

274 2668 440 2704 πάντοθεν
456 2671 593 2717 βόρειος
611 2671 656 2706 ὥς
673 2685 724 2706 τις

275 2721 359 2757 ἆκτᾶ
377 2723 597 2768 κυματοπλὴξ
614 2723 770 2770 χειμερία
789 2725 968 2764 κλονεῖται,

274 2773 321 2811 ὥς
338 2775 394 2810 καὶ
409 2776 507 2811 τόνδε
525 2777 689 2823 κατάκρας

277 2827 381 2862 δειναὶ
399 2831 620 2876 κυματοαγεῖς

276 2878 352 2915 ἆται
370 2880 571 2917 κλονέουσιν
588 2882 640 2917 ἀεὶ
657 2881 831 2925 ξυνοῦσαι,

274 2934 311 2968 o‘
330 2933 388 2968 ιιὲν
405 2933 461 2969 ἀπ’
481 2934 599 2969 ἀελίου
618 2935 762 2979 δυσμᾶν,

275 3000 310 3021 αι
329 2984 358 3021 δ’
378 2985 640 3027 ἀνατέλλοντος,

277 3038 311 3073 αἱ
329 3037 358 3073 δ’
378 3038 440 3074 ἀνὰ
456 3039 592 3084 μέσσαν
609 3039 725 3081 ἀκτῖν’,

277 3091 312 3126 αἶ
330 3091 367 3126 δὲ
385 3093 503 3137 νυχιᾶν
521 3092 587 3128 ἀπὸ
605 3091 719 3138 ῥιπᾶν.

278 3144 332 3178 καὶ
349 3143 414 3189 μὴν
432 3143 482 3180 ὅδ’
499 3143 589 3190 ἡμῖν,
610 3145 655 3180 ὡς
672 3145 790 3185 ἔοικεν,
810 3146 829 3179 ὁ
847 3143 942 3188 ξένος

277 3195 407 3243 ἀνδρῶν
422 3211 464 3244 γε
480 3200 615 3242 μοῦνος,
636 3197 661 3231 ὦ
679 3198 797 3244 πάτερ,
817 3196 859 3232 δι’
878 3196 1026 3242 ὄμματος

277 3248 422 3284 ἀστακτὶ
437 3249 567 3293 λείβων
585 3251 728 3295 δάκρυον
747 3248 802 3285 ὧδ’
822 3250 1006 3296 ὁδοιπορεῖ.

278 3300 330 3338 τίς
347 3301 469 3343 οὗτος;

1132 413 1212 449 ¹195

1131 679 1212 702 1200

1130 941 1207 975 ¹²05

1137 1470 1214 1502 ¹2¹5

1137 1736 1216 1758 1220

1026 1934 1097 1971 dur.
1139 1948 1216 1981 1225

1137 2210 1216 2240 ¹230

1138 2684 1219 2715 ¹²40

1137 2948 1215 2980 124⁵

1139 3211 1219 3242 ¹250

513 3354 616 3401 ὅνπερ
634 3355 687 3390 καὶ
705 3356 811 3391 πάλαι
829 3355 1026 3401 κατείχομεν

277 3407 406 3454 γνώμῃ,
424 3408 570 3454 πάρεστι
588 3409 687 3453 δεῦρο
706 3407 913 3452 Πολυνείκης
931 3407 1001 3444 ὅδε.

281 3457 384 3504 οἴμοι,
403 3460 438 3494 τί
455 3461 595 3507 δράσω;
624 3461 751 3506 πότερα
768 3460 938 3506 τάμαυτοῦ
956 3460 1039 3496 κακὰ

280 3510 433 3558 πρόσθεν
450 3511 621 3559 δακρύσω,
640 3513 768 3556 παῖδες,
788 3511 808 3557 ἢ
826 3513 869 3548 τὰ
885 3512 975 3548 τοῦδ’
995 3516 1082 3560 ὁρῶν

260 3587 263 3590 -
282 3565 410 3611 πατρὸς
425 3563 606 3612 γέροντος;
636 3564 675 3600 ὃν
692 3565 788 3610 ξένης
806 3565 862 3600 ε’πὶ
877 3565 1002 3611 χθονὸς

285 3615 348 3660 ξὺν
365 3618 467 3666 σφῷν
482 3616 642 3665 ἐφηύρηκ’
662 3617 771 3654 ἐνθάδ’
791 3617 1042 3664 ἐκβεβλημένον

1141 3526 1217 3558 1255

1260 1566 1331 1599 31³.

1260 1779 1336 1809 110.

2218 293 2298 336 133

1359 400 1478 446 ἐσθῆτι
1497 399 1561 435 σὺν
1579 399 1702 445 τοιᾷδε,
1722 400 1781 444 τῆς
1798 401 1817 435 ὁ
1836 398 2010 446 δυσφιλὴς

1357 453 1466 501 γέρων
1481 453 1616 500 γέροντι
1635 451 1889 500 συγκατῴκηκεν
1905 453 2002 489 πίνος

1357 506 1508 553 πλευρὰν
1523 505 1703 553 μαραίνων,
1723 506 1818 551 κρατὶ
1835 505 1863 541 δ’
1883 505 2131 554 ὀμματοστερε’

1359 560 1442 603 κόμη
1461 558 1504 594 δι’
1524 560 1627 605 αὔρας
1644 557 1839 594 ἀκτένιστος
1855 556 2014 604 ᾇσσεται·

1358 611 1496 658 ἀδελφὰ
1513 610 1555 655 δ’,
1576 611 1622 647 ὣς
1637 611 1737 654 ἔοικε,
1757 609 1928 646 τούτοισιν
1946 612 2050 658 φορεῖ

1357 664 1400 698 τὰ
1417 665 1476 709 τῆς
1493 663 1653 709 ταλαίνης
1670 662 1790 709 νηδύος
1807 662 2002 710 θρεπτήρια·

1358 717 1430 764 ἁγὼ
1446 718 1604 762 πανώλης
1621 716 1684 763 ὄψ’
1702 716 1788 763 ἄγαν
1806 716 2010 761 ἐκμανθάνω·

1358 770 1412 804 καὶ
1429 773 1587 817 μαρτυρῶ
1604 770 1764 806 κάκιστος
1781 768 1965 815 ἀνθρώπων
1981 770 2126 816 τροφαῖς

1359 824 1432 858 ταῖς
1450 824 1568 858 σαῖσιν
1585 822 1688 865 ἥκειν·
1717 822 1806 867 τάμὰ
1823 822 1868 867 μὴ
1886 822 1919 866 ’ξ
1937 822 2054 857 ἄλλων
2070 821 2174 865 πύθῃ.

1358 875 1440 911 ἀλλ’
1457 879 1534 910 ἔστι
1550 876 1618 923 γὰρ
1636 876 1690 910 καὶ
1708 875 1788 919 Ζηνὶ
1806 873 1974 911 σύνθακος
1992 874 2121 922 θρόνων

1358 927 1468 964 Αἰδὼς
1486 927 1537 964 ἐπ’
1556 929 1669 975 ἔργοις
1685 930 1785 968 πᾶσι,
1806 928 1860 962 καὶ
1877 928 1963 974 πρὸς
1982 929 2052 969 σοὶ,
2073 929 2192 972 πάτερ,

1359 978 1623 1028 παρασταθήτω.
1651 984 1718 1016 τῶν
1734 981 1801 1028 γὰρ
1819 980 2057 1028 ἡμαρτημένων

1359 1033 1420 1078 ἄκη
1438 1033 1500 1079 μέν
1517 1034 1605 1078 ε’στι,
1623 1034 1813 1081 προσφορὰ
1831 1033 1859 1069 δ’
1879 1033 1940 1068 οὐκ
1957 1033 2029 1069 ἔστ’
2048 1035 2112 1069 ἔτι.

1359 1086 1394 1121 τί
1413 1090 1535 1134 σιγᾷς;

1360 1140 1535 1186 φώνησον,
1556 1139 1582 1174 ὦ
1599 1140 1718 1187 πάτερ,
1738 1149 1782 1174 τι·
1812 1139 1858 1185 μή
1876 1140 1909 1185 μ’
1929 1140 2167 1187 ἀποστραφῇς.

1360 1192 1430 1228 οὐδ’
1449 1193 1643 1238 ἀνταμείβει
1659 1193 1694 1239 μ’
1713 1193 1832 1233 οὗδέν;
1853 1192 1930 1228 ἀλλ’
1950 1193 2118 1239 ἀτιμάσας

1359 1245 1510 1292 πέμψεις
1526 1245 1678 1286 ἄναυδος,
1698 1245 1768 1281 οὐδ’
1787 1245 1809 1281 ἂ
1825 1246 1952 1291 μηνίεις
1969 1247 2110 1293 φράσας
2125 1258 2134 1286 ;

1362 1297 1388 1333 ὦ
1407 1298 1571 1346 σπέρματ’
1590 1298 1711 1346 ἀνδρὸς
1726 1297 1831 1339 τοῦδ’,
1851 1299 1927 1344 ἐμαὶ
1944 1299 1973 1334 δ’
1993 1298 2183 1344 ὁμαίμονες,
2225 1310 2302 1344 1275

1360 1350 1538 1398 πειράσατ’
1557 1351 1637 1387 ἀλλ’
1656 1352 1750 1397 ὑμεῖς
1765 1366 1807 1399 γε
1824 1354 1958 1397 κινῆσαι
1974 1353 2102 1399 πατρὸς

1360 1405 1400 1439 τὸ
1419 1404 1701 1450 δυσπρόσοιστον
1719 1404 1982 1452 κάπροσήγορον
2001 1406 2125 1450 στόμα,

1363 1457 1408 1493 ὡς
1424 1455 1469 1502 μή
1487 1456 1522 1502 μ’
1540 1457 1671 1503 ἄτιμον,
1690 1460 1751 1492 τοῦ
1769 1457 1848 1492 θεοῦ
1864 1473 1907 1505 γε
1923 1459 2132 1504 προστάτην,

1364 1508 1471 1546 οὕτως
1488 1510 1562 1556 ἀφῇ
1578 1525 1621 1555 με
1637 1510 1741 1555 μηδὲν
1758 1510 1922 1546 ἀντειπὼν
1939 1511 2032 1547 ἔπος.

1361 1561 1449 1609 λέγ’,
1470 1561 1496 1596 ὦ
1514 1562 1713 1610 ταλαίπωρ’,
1733 1563 1833 1599 αὐτὸς
1851 1563 1896 1598 ὧν
1912 1563 2012 1610 χρείᾳ
2028 1563 2140 1611 πάρει.

1361 1615 1404 1650 τὰ
1420 1615 1538 1651 πολλὰ
1554 1616 1621 1663 γάρ
1638 1630 1692 1650 τοι
1708 1614 1827 1663 ῥήματ’
1846 1615 1867 1661 ἢ
1885 1616 2061 1663 τέρψαντά
2078 1631 2122 1657 τι,

1362 1666 1382 1714 ἢ
1401 1667 1655 1715 δυσχεράναντ’,
1674 1667 1694 1713 ἢ
1714 1669 1972 1704 κατοικτίσαντά
1988 1684 2072 1711 πως,

1361 1721 1517 1768 παρέσχε
1535 1721 1653 1767 φωνὴν
1670 1723 1741 1757 τοῖς
1758 1720 1951 1767 ἀφωνήτοις
1968 1723 2054 1757 τινά.

1364 1773 1444 1809 ἀλλ’
1464 1773 1581 1820 ε’ξερῶ·
1611 1775 1723 1810 καλῶς
1739 1775 1807 1821 γὰρ
1826 1774 1941 1822 ἐξηγεῖ
1957 1773 2003 1810 σύ
2020 1783 2090 1820 μοι·

1362 1830 1498 1872 πρῶτον
1514 1827 1576 1871 μὲν
1592 1827 1695 1862 αὐτὸν
1711 1828 1771 1862 τὸν
1789 1827 1866 1862 θεὸν
1882 1826 2082 1873 ποιούμενος

1362 1879 1507 1927 ἀρωγὸν,
1526 1878 1621 1914 ἔνθεν
1635 1879 1668 1924 μ’
1689 1876 1746 1914 ὧδ’
1764 1880 1953 1924 ἀνέστησεν
1969 1881 2088 1926 μολεῖν

1363 1933 1383 1967 ὅ
1400 1931 1507 1977 τῆσδε
1523 1933 1583 1977 τῆς
1599 1933 1662 1979 ’γῆς
1679 1932 1845 1979 κοίρανος,
1866 1932 1979 1969 διδοὺς
1998 1932 2074 1978 ε’μοὶ

1363 1984 1461 2027 λέξαι
1478 1984 1506 2019 τ’
1526 1985 1672 2020 ἀκοῦσαί
1689 1984 1717 2020 τ’
1737 1985 1895 2031 ἀσφαλεῖ
1911 1985 1973 2030 ξὺν
1991 1985 2112 2033 ἐξόδῳ.

1362 2032 1416 2065 καὶ
1433 2031 1525 2066 ταῦτ’
1544 2033 1608 2079 ἀφ’
1625 2034 1729 2079 ὑμῶν,
1750 2035 1776 2069 ὦ
1795 2035 1898 2080 ξένοι,
1917 2035 2137 2083 βουλήσομαι

1360 2083 1415 2118 καὶ
1432 2084 1535 2120 τοῖνδ’
1554 2086 1723 2133 ἀδελφοῖν
1741 2089 1796 2123 καὶ
1812 2090 1940 2136 πατρὸς
1958 2091 2069 2137 κυρεῖν
2087 2089 2174 2135 ἐμοί.

1360 2135 1382 2170 ἃ
1400 2135 1430 2171 δ’
1447 2134 1556 2181 ἦλθον
1572 2139 1635 2184 ἤδη
1656 2154 1715 2174 σοι
1734 2140 1828 2176 θέλω
1845 2142 1957 2186 λέξαι,
1975 2143 2096 2188 πάτερ.

1358 2189 1422 2236 γῆς
1440 2189 1476 2224 ἐκ
1493 2190 1651 2240 πατρῴας
1669 2191 1876 2239 ἐξελήλαμαι
1893 2196 2019 2242 φυγὰς,

1360 2243 1431 2278 τοῖς
1450 2245 1526 2280 σοῖς
1542 2245 1730 2292 πανάρχοις
1748 2244 1854 2281 οὕνεκ’
1873 2247 2022 2283 ἐνθακεῖν
2040 2248 2174 2296 θρόνοις

1357 2295 1440 2340 γονῇ
1456 2297 1618 2343 πεφυκὼς
1635 2295 1753 2342 ἠξίουν
1769 2300 1959 2347 γεραιτέρα·

1357 2346 1433 2382 ἀνθ’
1453 2348 1499 2384 ὧν
1515 2349 1549 2394 μ’
1567 2348 1761 2396 Ἐτεοκλῆς,
1782 2351 1828 2387 ὢν
1845 2351 1954 2399 φύσει
1972 2354 2145 2402 νεώτερος,

1358 2400 1421 2447 γῆς
1439 2400 1597 2445 ἐξέωσεν,
1617 2405 1696 2438 οὔτε
1713 2403 1853 2449 νικήσας
1870 2407 1964 2454 λόγῳ

1356 2452 1426 2487 οὔτ’
1446 2453 1494 2490 εἷς
1511 2455 1663 2502 ἔλεγχον
1677 2458 1794 2503 χειρὸς
1811 2458 1882 2493 οὐδ’
1901 2459 2003 2506 ἔργου
2020 2460 2149 2505 μολὸν,

1355 2507 1458 2541 πόλιν
1476 2507 1514 2542 δὲ
1530 2508 1667 2545 πείσας.
1697 2509 1743 2544 ὧν
1761 2510 1828 2557 ἐγὼ
1845 2512 1999 2556 μάλιστα
2014 2513 2077 2558 μὲν

1357 2558 1417 2603 τὴν
1435 2559 1501 2604 σὴν
1517 2559 1652 2607 Ἐρινὺν
1668 2561 1778 2598 αἰτίαν
1795 2560 1879 2599 εἶναι
1896 2564 2002 2609 λέγω·

1354 2612 1469 2647 ἔπειτα
1486 2613 1573 2649 κάπὸ
1590 2614 1741 2659 μάντεων
1758 2614 1862 2661 ταύτῃ
1881 2616 2006 2654 κλύων.

1356 2664 1430 2700 ἐπεὶ
1445 2665 1513 2712 γὰρ
1529 2664 1638 2710 ἦλθον
1647 2665 1778 2715 Ἀργος
1796 2669 1830 2705 ἐς
1847 2670 1888 2705 τὸ
1907 2672 2070 2718 Δωρικὸν,

1353 2718 1474 2761 λαβὼν
1483 2716 1683 2765 Ἀδραστον
1700 2721 1875 2769 πενθερὸν,
1895 2723 2090 2770 ξυνωμότας

1353 2769 1472 2815 ἔστησ’
1492 2771 1625 2821 ε’μαυτῷ
1640 2775 1703 2820 γῆς
1721 2772 1866 2822 ὅσοιπερ
1882 2775 2003 2813 Ἀπίας

1352 2826 1481 2870 πρῶτοι
1499 2826 1679 2861 καλοῦνται
1697 2827 1752 2862 καὶ
1768 2828 1959 2873 τετίμηνται
1977 2830 2080 2877 δόρει,

1353 2875 1444 2912 ὅπως
1461 2877 1520 2912 τὸν
1538 2879 1756 2926 ἑπτάλογχον
1773 2880 1808 2917 ἐς
1826 2879 1944 2926 Θήβας
1962 2885 2093 2918 στόλον

1352 2928 1413 2972 ξὺν
1430 2929 1539 2965 τοῖσδ’
1558 2930 1694 2979 ἀγείρας
1711 2930 1732 2977 ἢ
1751 2932 1885 2979 θάνοιμι
1901 2935 2080 2975 πανδίκως,

1351 2979 1372 3027 ἢ
1389 2981 1468 3019 τοὺς
1484 2982 1556 3019 τάδ’
1575 2984 1804 3031 ἐκπράξαντας
1821 2986 1999 3033 ἐκβάλοιμι
2016 2989 2089 3035 γῆς.

1352 3031 1430 3070 εἶεν.
1458 3034 1494 3070 τί
1511 3036 1594 3082 δῆτα
1611 3039 1671 3072 νῦν
1687 3038 1876 3084 ἀφιγμένος
1894 3044 2006 3087 κυρῶ;

1354 3088 1412 3122 σοὶ
1429 3089 1720 3136 προστροπαίους,
1740 3090 1767 3126 ὦ
1784 3093 1904 3140 πάτερ,
1923 3094 2020 3131 λιτὰς
2039 3094 2140 3139 ἔχων,

1351 3139 1452 3177 αὐτός
1468 3140 1496 3175 τ’
1516 3142 1661 3188 ἐμαυτοῦ
1679 3143 1865 3191 ξυμμάχων
1882 3161 1920 3181 τε
1937 3150 2004 3182 τῶν
2022 3147 2121 3192 ἐμῶν,

1351 3189 1384 3227 οἳ
1401 3195 1460 3228 νῦν
1477 3193 1539 3238 ξὺν
1556 3196 1641 3231 ἑπτὰ
1658 3196 1780 3240 τάξεσι
1798 3198 1860 3242 ξὺν
1878 3200 1963 3234 ἑπτά
1979 3214 2017 3234 τε

1350 3246 1495 3293 λόγχαις
1512 3248 1551 3283 τὸ
1570 3246 1688 3293 Θήβης
1703 3250 1820 3285 πεδίον
1837 3251 2040 3297 ἀμφεστᾶσι
2057 3253 2136 3288 πᾶν·

1349 3295 1421 3335 οἷος
1438 3299 1633 3347 δορυσσοῦς
1650 3303 1877 3350 Ἀμφιάρεως,
1897 3305 1939 3339 τὰ
1955 3308 2072 3351 πρῶτα
2090 3306 2150 3341 μὲν

1349 3351 1441 3398 δόρει
1459 3352 1639 3399 κρατύνων,
1659 3358 1776 3401 πρῶτα
1794 3356 1823 3390 δ’
1844 3357 1970 3392 οἷωνῶν
1987 3358 2091 3394 ὁδοῖς’

1348 3405 1368 3437 ὁ
1386 3402 1541 3452 δεύτερος
1558 3405 1587 3441 δ’
1605 3406 1759 3443 Αἰτωλὸς
1778 3409 1901 3446 Οἰνέως
1918 3411 2016 3446 τόκος

1349 3455 1483 3493 Τυδεύς·
1512 3458 1626 3504 τρίτος
1643 3458 1672 3494 δ’
1690 3459 1880 3502 Ἐτέοκλος,
1900 3461 2053 3509 Ἀργεῖος
2070 3464 2189 3510 γεγώς·

1348 3507 1508 3556 τέταρτον
1523 3510 1754 3557 Ἱππομέδοντ’
1774 3513 1976 3549 ἀπέστειλεν
1992 3515 2103 3563 πατὴρ

1347 3561 1490 3598 Ταλαός·
1519 3565 1539 3598 ὁ
1556 3564 1709 3609 πέμπτος
1726 3564 1755 3600 δ’
1774 3568 1908 3612 εὔχεται
1926 3569 2129 3614 κατασκαφῇ

1347 3614 1520 3653 Καπανεὺς
1536 3617 1576 3652 τὸ
1595 3615 1712 3663 Θήβης
1728 3618 1817 3654 ἄστυ
1835 3619 1980 3664 δῃώσειν
1996 3621 2092 3667 πυρί·

2217 509 2295 543 1260

2222 773 2298 815 1265

2223 1045 2304 1078 1270

2227 1569 2307 1600 1280

2225 1833 2304 1874 1285

2234 2105 2310 2136 1290

2229 2369 2306 2401 1295

2227 2634 2234 2655 1
2242 2633 2305 2664 300

2220 2898 2297 2928 ¹305

2216 3161 2296 3191 ¹3¹0

2211 3422 2290 3457 ¹³¹5
