2488 3860
147 802 220 834 XO.
246 795 255 810 ‘

889 277 1218 330 mom-mam·
1264 278 1474 326 EKABH.

248 375 472 426 σφαζομέναν,
487 377 543 415 ἄπ’
562 378 648 426 ε’μῶν
659 379 809 429 γονάτων
826 381 1042 427 σπασθεῖσαν
1053 383 1176 429 ἀνάγκᾳ

248 431 396 478 οἶκτρῶς.
425 427 479 467 καὶ
495 431 572 467 τόδε
587 432 684 483 δεῖμά
707 447 766 479 μοι

247 482 327 528 ἦλθ’
345 483 428 530 ὑπὲρ
445 482 546 531 ἄκρας
563 483 692 530 τύμβου
710 485 859 533 κορυφᾶς

247 534 416 582 &durau-p?
433 534 608 583 ’ᾼχιλέως”

247 585 318 634 ᾔτει
336 588 372 623 δὲ
388 588 488 635 γέρας
505 587 571 623 τῶν
586 588 812 635 πολυμόχθων

248 640 321 675 τινὰ
337 640 528 686 Τρωιάδων.

521 692 530 705 2
556 691 567 705 ἱ
595 692 604 705 D
631 694 646 702 ¹-

1142 550 1180 585 95

248 744 420 791 πέμψατε,
440 743 603 791 δαίμονες,
624 744 769 781 ἱκετεύω.

257 797 385 842 Εκάβη,
406 795 537 842 σπουδῇ
555 798 638 843 πρός
657 796 690 832 σ’
710 797 884 843 ε’λιάσθην,

249 849 308 885 τὰς
325 843 556 885 δεσποσύνους
574 849 697 893 σκηνὰς
714 849 931 896 προλιποῦσ’,

248 899 288 937 ἶν’
308 899 498 948 ε’κληρῶθην
515 901 568 936 καὶ
584 902 822 948 προσετάχθην

251 952 366 998 δούλη,
384 954 514 989 πόλεως
531 953 778 1000 άπελαυνομένη

249 1007 306 1050 τῆς
322 1004 477 1052 Ἰλιάδος,
495 1006 626 1052 λόγχης
643 1005 746 1052 αἰχμῇ

251 1056 466 1104 δοριθήρατος
482 1058 567 1105 πρὸς
582 1057 739 1103 Ἀχαιῶν,

253 1110 349 1144 οὐδὲν
365 1108 496 1145 παθέων
513 1109 790 1155 ἅποκουφίζουσ’,

252 1161 330 1197 ἀλλ’
350 1161 509 1208 ἀγγελίας
524 1163 631 1208 βάρος
648 1161 790 1208 ἀραμένη

251 1214 347 1261 μέγα,
368 1214 427 1249 σοί
443 1228 491 1257 τε,
510 1212 618 1262 γύναι,
638 1213 743 1261 κῆρυξ
760 1215 881 1260 α’χέων.

254 1267 289 1301 ἐν
305 1266 370 1313 γὰρ
386 1265 532 1312 Ἀχαιῶν
548 1263 670 1312 πλήρει
688 1266 817 1316 ξυνόδῳ

251 1317 385 1365 λέγεται
403 1317 499 1362 δόξαι
517 1317 581 1363 σὴν
597 1317 686 1353 παῖδ’
703 1317 838 1364 Ἀχιλεῖ

255 1371 406 1417 σφάγιον
423 1369 555 1405 θέσθαι·
583 1369 714 1415 τύμβου
732 1370 761 1406 δ’
781 1370 901 1415 ἐπιβὰς

253 1420 346 1458 οἶσθ’
365 1421 423 1464 ὅτε
438 1422 598 1470 χρυσέοις
616 1423 722 1468 ἐφάνη
740 1422 805 1458 σὺν
822 1421 952 1464 ὅπλοις,

253 1476 312 1511 τὰς
328 1475 558 1525 ποντοπόρους
575 1473 604 1510 δ’
623 1475 707 1520 ἔσχε
725 1474 875 1521 σχεδίας,

252 1527 363 1573 λαίφη
380 1526 555 1574 προτόνοις
572 1526 831 1574 ἐπερειδομένας,

255 1580 334 1615 τάδε
352 1577 532 1624 θωΰσσων,
723 1577 725 1579 ’

253 1634 313 1668 ποῖ
329 1631 381 1676 δὴ,
401 1633 535 1675 Δαναοὶ,
554 1631 613 1668 τὸν
630 1631 709 1677 ε’μὸν
724 1630 855 1677 τύμβον

255 1683 442 1719 στέλλεσθ’
461 1684 648 1734 ἀγέραστον
664 1683 828 1731 άφέντεςς

256 1738 390 1772 πολλ”ς
407 1736 436 1771 δ’
455 1736 563 1783 ἔριδος
580 1735 761 1780 ξυνέπαισε
778 1734 919 1777 κλύδων,

256 1789 339 1833 δόξα
352 1752 386 1824 δ’
405 1786 524 1836 ἐχώρει
541 1787 607 1835 δίχ’
626 1787 674 1824 ἀν’
691 1787 865 1833 Ἑλλήνων

256 1842 403 1887 στρατὸν
419 1840 593 1892 αἰχμητὴν,
613 1843 683 1880 τοῖς
699 1841 760 1887 μὲν
777 1840 902 1877 διδόναι

258 1892 375 1942 τύμβῳ
395 1893 556 1940 σφάγιον,
575 1895 646 1933 τοῖς
663 1891 691 1928 δ’
710 1892 788 1941 οὐχὶ
805 1893 935 1935 δοκοῦν.

1124 812 1182 835 100

1124 1072 1180 1105 105

1126 1333 1185 1356 uo

1126 1591 1183 1625 115

1128 1854 1186 1877 120

238 1943 297 1986 ’ἦν
315 1945 351 1980 δὲ
368 1945 407 1980 τὸ
423 1945 485 1991 μὲν
503 1947 566 1980 σὸν
584 1943 739 1981 σπεύδων
755 1944 880 1994 ἀγαθὸν

258 1999 317 2043 τῆς
333 1997 538 2043 μαντιπόλου
554 1996 685 2043 βάκχης
702 1995 829 2043 ἀνέχων

257 2047 369 2096 λέκτρ’
385 2047 612 2096 Ἀγαμέμνων·

258 2102 305 2137 τὼ
324 2101 471 2146 Θησείδα
488 2097 530 2142 δ’,
549 2099 614 2164 δίζω
631 2097 788 2144 Ἀθηνῶν,

259 2155 390 2190 δισσῶν
406 2151 519 2198 μύθων
534 2152 672 2206 ῥήτορες
688 2147 788 2196 ἦσαν·

258 2207 371 2254 γνώμῃ
390 2205 427 2240 δὲ
443 2204 502 2252 μιᾷ
518 2203 768 2252 ξυνεχωρείτην,

260 2260 318 2293 τὸν
333 2252 530 2304 Ἀχίλλειον
545 2256 674 2302 τύμβον
692 2257 883 2304 στεφανοῦν

261 2306 372 2356 αἵματι
388 2310 524 2363 χλωρῷ,
543 2310 584 2344 τὰ
602 2308 638 2344 δὲ
657 2309 854 2356 Κασάνδρας

261 2362 372 2409 λέκτρ’
392 2361 451 2396 οὒκ
469 2361 596 2408 ἐφάτην
610 2361 670 2406 τῆς
686 2360 857 2407 Ἀχιλείας

264 2414 414 2462 πρόσθεν
432 2412 549 2463 θήσειν
565 2413 648 2449 ποτὲ
664 2414 805 2460 λόγχης.

265 2465 409 2502 σπουδαὶ
428 2466 464 2500 δὲ
481 2467 594 2513 λόγων
611 2464 884 2510 κατατεινομένων

264 2517 352 2563 ἦσαν
368 2516 441 2553 ’ίσαι
458 2532 540 2563 πως,
558 2518 637 2564 πρὶν
654 2519 673 2551 ὁ
691 2517 923 2563 ποικιλόφρων

268 2572 372 2611 κόπις,
391 2569 567 2617 ἡδυλόγος,
588 2569 836 2620 ὃημοχαριστὴς

268 2623 469 2669 Λαερτιάδης
485 2621 591 2657 πείθει
609 2622 770 2667 στρατιὰν

267 2674 311 2720 μὴ
329 2675 387 2709 τὸν
404 2674 542 2721 ἄριστον
556 2677 692 2714 Δαναῶν
708 2674 840 2712 πάντων

270 2725 400 2762 δούλων
418 2725 576 2777 σφαγίων
593 2723 696 2760 οὕνεκ’
715 2724 872 2764 ἀπωθεῖν,

269 2778 354 2825 μηδέ
368 2776 428 2812 τιν’
447 2777 549 2813 εἰπεῖν
565 2777 655 2824 παρὰ
672 2777 874 2823 Περσεφόνη

274 2830 400 2865 στάντα
417 2829 587 2875 φθιμένων

273 2883 317 2919 ὣς
334 2882 512 2928 ἀχάριστοι
530 2881 652 2920 Δαναοὶ
670 2881 809 2918 Δαναοῖς

274 2936 344 2970 τοῖς
361 2932 547 2981 οἷχομένοις
563 2932 646 2978 ὑπὲρ
662 2930 835 2977 Ἑλλήνων

275 2985 394 3032 Τροίας
410 2985 532 3025 πεδίων
549 2983 737 3028 ἀπέβησαν.

274 3038 347 3083 ἥξει
364 3037 393 3072 δ’
411 3035 573 3073 Ὀδυσεὺς
590 3035 673 3071 ὅσον
690 3035 749 3070 οὐκ
766 3035 839 3080 ἤδη,

276 3091 391 3126 πῶλον
408 3086 572 3135 ἀφέλξων
590 3091 661 3131 σῶν
677 3087 743 3122 ἀπὸ
759 3089 908 3131 μαστῶν,

1130 2106 1185 2142 125

1134 2371 1143 2390 ι
1149 2370 1192 2402 3ο

1137 2631 1193 2663 1³5

1141 2891 1202 2925 140

279 3143 315 3177 ἔκ
332 3156 369 3176 τε
385 3142 520 3188 γεραιᾶς
536 3141 635 3203 χειρὸς
653 3137 822 3186 ὁρμήσων.
1151 3150 1207 3184 145

279 3193 356 3229 ἀλλ’
374 3189 422 3228 ἴθι
440 3192 548 3234 ναοὺς,
569 3191 615 3227 ιθι
631 3191 716 3239 πρὸς
731 3189 879 3235 βωμοὺς,

280 3243 326 3289 ἵζ’
341 3244 585 3292 Ἀγαμέμνονος
603 3242 701 3278 ἱκέτις
717 3242 878 3288 γονάτων·

282 3296 432 3343 κήρυσσε
451 3294 546 3332 θεοὺς
563 3294 641 3333 τούς
657 3293 686 3329 τ’
706 3292 878 3340 οὐρανίδαι·

284 3347 362 3385 τούς
380 3348 413 3383 θ’
434 3348 498 3384 ὑπὸ
514 3349 624 3399 γαῖας.

282 3400 303 3446 ἢ
320 3401 386 3448 γάρ
404 3415 446 3435 σε
461 3400 553 3439 λιταὶ
571 3394 816 3437 διακωλύσουσ’

285 3453 435 3499 ὀρφανὸν
452 3448 533 3494 εἶναι
550 3450 667 3488 παιδὸς
683 3448 815 3494 μελέας,

286 3503 307 3549 ἢ
325 3505 376 3539 δεῖ
392 3502 426 3539 σ’
445 3503 568 3543 ἐπιδεῖν
585 3499 714 3546 τύμβου
731 3501 880 3547 προπετῆ

288 3555 552 3601 φοινισσομένην
568 3551 678 3600 αἵματι
695 3551 858 3598 παρθένον

1156 3404 1217 3438 ¹50

1156 3459 1214 3490 151

1117 3510 1171 3542 ¹51
1190 3513 1210 3533 α

1327 381 1364 413 ἐκ
1378 377 1600 426 χρυσοφόρου

1327 430 1436 477 δειρῆς
1451 430 1567 478 νασμῷ
1583 431 1792 477 μελαναυγεῖ.

1325 481 1358 517 οἳ
1373 481 1434 529 ’γὼ
1450 481 1566 527 μελέα,
1584 481 1618 517 τί
1633 481 1707 518 ποτ’
1726 481 1868 525 ἀπύσω;

1327 535 1425 570 ποίαν
1441 535 1513 580 ἆχῶ
1526 547 1536 575 ;
1563 535 1661 570 ποῖον
1677 534 1842 580 ὄδυρμόν;

1224 487 1294 525 ΕΚ.

1329 587 1460 622 δειλαία
1476 586 1624 622 δειλαίου
1640 584 1763 632 γήρως,

1328 638 1481 675 δουλείας
1498 640 1557 675 τᾶς
1573 638 1613 673 οὐ
1631 639 1766 678 τλατᾶς.

1328 692 1387 728 τᾶς
1403 691 1443 726 οὗ
1460 691 1598 737 φερτᾶς·
1618 688 1701 735 ὤμοι
1717 704 1787 735 μοι.

1329 742 1380 779 τίς
1397 741 1511 788 ἀμύνει
1528 755 1607 788 μοις
1634 743 1714 778 ποία
1730 742 1840 788 γέννα,

1326 796 1408 832 ποία
1425 796 1462 831 δὲ
1477 797 1598 835 πόλις;

1328 848 1478 895 φροῦδος
1493 847 1658 894 πρέσβυς,
1677 847 1822 893 φροῦδοι
1839 846 1965 884 παῖδες.

1328 900 1438 940 ποίαν,
1456 898 1477 945 ἢ
1494 898 1616 935 ταύταν
1632 898 1652 943 ἦ
1670 899 1789 939 κείναν,

1331 953 1478 998 στείχω;
1506 953 1566 987 ποῖ
1581 950 1610 987 δ’
1629 951 1725 996 ἥσω;
1752 953 1818 987 ποῦ
1835 965 1886 988 τις

1330 1005 1414 1043 θεῶν
1430 1004 1450 1049 ἦ
1469 1004 1593 1049 δαίμων
1610 1004 1801 1051 ε’παρωγόςς

1331 1058 1358 1092 ὦ
1375 1056 1444 1092 κάκ’
1463 1057 1657 1103 ἐνεγκοῦσαι
1673 1057 1836 1104 Τρῳάδες,
1855 1054 1882 1090 ‹1›

1331 1108 1400 1145 κάκ’
1419 1110 1614 1156 ἐνεγκοῦσαι

1329 1161 1463 1207 πήματ’,
1481 1160 1684 1201 ἀπωλέσατ’,
1704 1159 1860 1195 ὀλέσα-τ’·
1890 1159 1999 1195 οὐκέτι
2015 1173 2073 1205 μοι
2090 1158 2165 1201 βίος

1332 1213 1479 1261 ἀγαστὸς
1497 1214 1533 1249 ἐν
1549 1214 1644 1259 φάει.

1334 1266 1360 1300 ὦ
1377 1267 1524 1311 τλάμων,
1543 1266 1669 1312 ὅγησαί
1683 1279 1752 1310 μοι,
1770 1264 1863 1305 ποὺς,

1333 1319 1456 1365 ἅγησαι
1473 1318 1514 1363 τᾷ
1530 1323 1651 1366 γηραιᾷ

1332 1371 1416 1416 πρὸς
1432 1369 1521 1406 τάνδ’
1538 1370 1655 1407 αὐλάν·
1684 1368 1711 1404 ὦ
1728 1369 1852 1410 τέκνον,
1872 1368 1899 1404 ὃ
1915 1371 1976 1405 παῖ

1333 1422 1578 1458 δυστανοτάτας
1593 1422 1745 1469 ματέρος,
1763 1421 1879 1466 ἔξελθ’

1333 1472 1448 1518 ἔξελθ’
1465 1471 1574 1510 οἴκων·
1603 1474 1654 1509 &ie
1670 1474 1811 1520 ματέρος

1333 1528 1447 1568 αὐδὰν,
1466 1526 1493 1562 ὦ
1510 1527 1633 1567 τέκνον,
1653 1527 1697 1563 ὥς
1714 1525 1802 1571 εἰδῇς

1336 1577 1408 1615 οἷαν
1425 1577 1496 1614 οἵαν
1512 1575 1573 1615 ἀΐω
1591 1579 1707 1624 φάμαν

1335 1633 1412 1679 περὶ
1430 1632 1494 1668 σᾶς
1510 1631 1639 1678 ψυχᾶς.

1233 1689 1394 1721 ΠΟΛΥΞ.
1423 1683 1475 1725 fd»,

1335 1738 1438 1782 μᾶτερ
1455 1736 1570 1782 μᾶτερ,
1588 1734 1622 1770 τί
1637 1737 1743 1781 βοᾷς-ς
1772 1734 1804 1769 τί
1822 1734 1894 1769 νέον

1338 1786 1498 1836 καρύξατ’
1516 1785 1614 1823 οἴκων
1629 1786 1676 1832 μ’,
1696 1786 1777 1822 ὥστ’
1796 1786 1897 1833 ὄρνιν,

1338 1841 1460 1887 θάμβει
1476 1840 1552 1889 τῷδ’
1572 1840 1774 1885 ε’ξέπταξαω

1237 1899 1307 1930 ΕΚ.
1341 1893 1380 1928 ἰώ
1397 1907 1466 1939 μοι,
1485 1892 1610 1928 τέκνον.

1238 1950 1398 1983 ΠΟΛΥΞ.
1426 1946 1461 1981 τί
1475 1961 1517 1991 με
1534 1946 1742 1991 δυσφημεῖς;
1771 1944 1913 1991 φροιμιά
1931 1956 1988 1989 μοι
2006 1942 2099 1978 κακά.

1238 2005 1309 2035 ΕΚ.
1342 2000 1421 2040 αἶαῖ,
1442 2001 1506 2036 σᾶς
1522 1999 1652 2046 ψυχᾶς.

1238 2054 1399 2089 ΠΟΑΥΞ.
1429 2051 1562 2096 ἐξαύδα,
1580 2051 1625 2096 μὴ
1644 2049 1776 2098 κρύψῃς
1793 2051 1905 2097 δαρόν.

1342 2104 1494 2150 δειμαίνω
1512 2104 1676 2149 δειμαίνω,
1695 2105 1810 2149 μᾶτερ,

1341 2155 1376 2190 τί
1390 2155 1465 2192 ποτ’
1483 2157 1685 2192 ἀναστένεις.

1240 2211 1311 2242 ΕΚ.
1340 2205 1455 2242 τέκνον
1473 2205 1512 2245 ὦ,
1531 2206 1646 2239 τέκνον
1662 2202 1784 2249 μελέας
1800 2203 1936 2248 ματρός.

1239 2262 1399 2294 ΠΟΛΥΞ.
1427 2260 1461 2293 τί
1476 2258 1546 2294 τόδ’
1564 2258 1768 2304 ἆγγέλλεις;

1239 2314 1309 2344 ΕΚ.
1343 2311 1475 2356 σφάξαι
1494 2310 1527 2344 ‹r'
1544 2309 1703 2356 Ἀργείων
1721 2310 1812 2344 κοινὰ

1343 2362 1500 2406 ξυντείνει
1517 2364 1600 2408 πρὸς
1617 2360 1743 2406 τύμβον
1758 2363 1871 2408 γνώμα

1342 2414 1491 2460 Πηλείδα
1506 2414 1615 2461 γέννᾳ.

1241 2472 1402 2504 ΠΟΛΥΞ.
1430 2465 1529 2512 οἶμοι,
1547 2468 1662 2512 μᾶτερ,
1681 2469 1751 2502 πῶς
1768 2465 1910 2513 φθέγγει

1343 2519 1510 2566 ἀμέγαρτα
1528 2522 1657 2559 nani-3115
1684 2519 1833 2563 μάνυσόν
1848 2532 1905 2563 μοι

1342 2573 1503 2617 μάνυσον,
1522 2572 1639 2616 μᾶτερ.

1247 2629 1319 2660 ΕΚ.
1352 2625 1452 2664 αὐδῶ,
1471 2625 1541 2662 παῖ,
1561 2621 1761 2668 δυσφήμους
1778 2623 1905 2670 φόμας’

1346 2673 1559 2723 ἀγγέλλουσ“
1576 2674 1736 2721 Ἀργείων
1753 2675 1848 2718 δόξαι

1345 2727 1457 2774 ψήφῳ
1474 2729 1533 2763 τᾶς
1551 2729 1614 2763 σᾶς
1630 2727 1709 2773 περί
1725 2741 1782 2771 μοι
1799 2727 1928 2773 ψυχᾶς.

1245 2784 1406 2817 ΠΟΛΥΞ.
1436 2779 1461 2813 ὦ
1480 2780 1569 2814 δεινὰ
1585 2774 1742 2818 ‚meave-⁵,
1762 2778 1788 2812 ὦ
1806 2779 2016 2825 παντλάμων,

1347 2831 1374 2867 ὃ
1391 2831 1557 2867 δυστάνου
1573 2833 1676 2876 μᾶτερ
1693 2832 1821 2872 βιοτᾶς,

1348 2881 1420 2919 οἷον
1437 2881 1509 2918 οἷαν
1526 2881 1568 2917 αὖ
1585 2897 1642 2917 σοι
1659 2879 1777 2924 λώβαν

1347 2935 1508 2981 ἐχθίσταν
1525 2933 1668 2980 ἀρρήταν
1684 2933 1713 2969 τ’

1347 2987 1456 3034 ὦρσέν
1472 3000 1522 3022 τις
1539 2986 1673 3031 δαίμων.

1350 3039 1458 3074 οὐκέτι
1476 3051 1534 3073 σοι
1550 3040 1628 3074 παῖς
1644 3035 1696 3075 ἅδ’
1712 3038 1822 3075 οὐκέτι
1839 3039 1878 3084 δὴ

1348 3090 1434 3138 γήρᾳ
1451 3091 1580 3126 δειλαία
1597 3090 1731 3140 δειλαίῳ

1349 3140 1594 3186 ξυνδουλεῦσω.

1350 3193 1496 3238 σκύμνον
1511 3195 1578 3241 γάρ
1594 3194 1628 3240 μ’
1648 3193 1728 3229 ὥστ’
1748 3193 1966 3240 οὖριθρέπταν

1348 3247 1482 3291 μόσχον
1498 3244 1628 3282 δειλαία
1645 3246 1792 3282 δειλαίαν

1351 3297 1488 3343 εἶσόψει
1504 3299 1617 3344 χειρὸς
1634 3297 1849 3345 ἇναρπαοτὰν

1352 3351 1416 3385 σᾶς
1433 3348 1511 3389 ἄπο,
1528 3351 1732 3395 λαιμότομόν
1749 3348 1784 3384 θ’
1796 3349 1896 3396 Ἀιδᾳ

1350 3402 1412 3447 γᾶς
1429 3400 1705 3446 ὑποπεμπομέναν
1723 3403 1856 3441 σκότον,
1875 3401 1953 3438 ἔνθα
1969 3404 2091 3451 νεκρῶν
2106 3400 2188 3448 μέτα

1352 3453 1490 3486 τάλαινα
1507 3453 1671 3502 κείσομαι.

1354 3505 1394 3538 σὲ
1411 3504 1482 3547 μὲν,
1503 3503 1529 3538 ὦ
1545 3506 1649 3551 μᾶτερ
1666 3504 1809 3541 δύστανε
1826 3505 1915 3550 βίον,

1353 3555 1456 3591 κλαίω
1473 3554 1670 3601 πανδῦρτοις
1687 3556 1829 3603 θρήνοις·

2167 279 2253 328 343

2195 492 2252 526 155

2198 744 2257 778 160

2199 988 2256 1048 '165

2202 1274 2261 1309 170

2206 1536 2261 1570 ¹75

2207 1842 2264 1874 180

2209 2105 2265 2146 ¹85

2213 2372 2273 2409 190

2212 2634 2270 2669 19⁵

2213 2895 2272 2918 200

2216 3258 2273 3290 ²05

2216 3465 2277 3492 210
