2488 3860
224 292 302 338 130

221 408 296 440 AN.
330 400 421 449 οἴμοι
438 402 591 443 τάλαινα,
611 402 672 438 ποῖ
688 398 812 451 φῦγως
844 402 946 440 ποίαν
961 403 1061 448 λάβω

325 456 410 492 θεῶν
427 455 547 503 ἄρηξιν
562 454 583 502 ἢ
599 456 758 503 βροτῶν;

218 514 291 547 ΧΟ.
793 509 828 545 τί
844 509 937 557 δρᾷς,
957 510 1056 556 ξένε;

220 568 287 599 KP.
323 563 388 610 οὐχ
406 562 541 610 ἅψομαι
558 560 650 597 τοῦδ’
669 561 801 610 ἀνδρὸς,
822 563 914 598 ἀλλὰ
932 565 991 608 τῆς
1009 564 1101 609 ἐμῆς.
1208 569 1271 609 830

219 622 277 652 OI.
324 616 350 651 ὦ
367 617 430 663 γῆς
447 615 598 652 ἄνακτες.
693 620 764 650 XO.
795 615 821 650 ὦ
840 615 919 661 ξέν’,
938 616 978 651 οὗ
997 616 1107 654 δίκαια
1125 617 1214 665 δρᾷς.

219 674 288 705 KP.
318 669 440 705 δίκαια.
498 674 569 705 XO.
599 671 672 705 πῶς
689 668 800 713 δίκαια
816 682 824 710 ;

218 727 287 758 KP.
865 721 944 759 τοὺς
962 722 1062 768 ἐμοὺς
1078 722 1163 771 ἄγω.

217 781 276 811 ΟῙ.
323 773 363 810 ἶὼ
380 777 494 812 πόλις.
1190 790 1268 823 στρ.

217 833 286 864 XO.
319 828 355 864 τί
372 829 464 875 δρᾷς,
484 827 510 863 ὦ
528 827 617 872 &xm
647 828 708 863 οὐκ
725 826 897 875 ἀφῆσειςς
927 827 1004 875 τάχ’
1019 828 1055 866 ἐς

320 882 475 924 βάσανον
492 878 527 916 εἶ
538 884 660 928 χερῶν.
1206 887 1267 927 835

217 940 285 970 KP.
319 933 446 982 εἵργου.
554 939 628 969 ΧΟ.
658 936 724 970 σοῦ
741 934 803 980 μὲν
820 934 860 969 οὒ
877 935 957 970 τάδε
974 950 1015 983 γε
1031 935 1197 981 μωμένου.

217 994 279 1030 ΚΡ,
316 989 417 1024 πόλει
434 989 538 1034 μαχεῖ
552 987 631 1035 γὰρ,
651 985 731 1022 εἴτι
747 990 908 1034 πημανεῖς
927 988 995 1033 ἐμέ.

218 1047 275 1077 ΟῙ.

217 1099 290 1131 ΧΟ.

321 1146 382 1193 τὴν
398 1147 503 1183 παῖδα
520 1145 668 1182 θᾶσσον.

219 1205 283 1242 ΚΡ,
706 1199 752 1245 μὴ
770 1199 925 1236 ’πίτασσ’
945 1198 966 1234 ἃ
983 1199 1028 1245 μὴ
1048 1202 1190 1248 κρατεῖς.

215 1259 289 1289 ΧΟ.
317 1254 430 1299 χαλᾶν
439 1251 532 1300 λέγω
546 1266 617 1288 σοι.
657 1257 724 1288 KP.
747 1253 805 1288 σοὶ
819 1253 849 1288 δ’
862 1252 960 1300 ἔγωγ’
973 1255 1174 1301 ὁδοιπορεῖν.
1204 1259 1268 1299 840

216 1312 286 1343 XO.
318 1305 470 1353 προβᾶθ’
490 1305 567 1346 ὧδε,
585 1307 672 1349 βᾶτε
689 1305 781 1348 βᾶτ’,
801 1306 947 1342 ἔντοποι.

321 1361 422 1395 πόλις
441 1359 617 1405 ἐναίρεται,
637 1360 740 1395 πόλις
758 1359 833 1405 ἐμὰ,
856 1358 982 1395 σθένει.

318 1411 470 1459 προβᾶθ’
491 1411 558 1446 ὧδέ
573 1425 643 1456 μοι.

317 1463 512 1511 ἀφέλκομαι
530 1462 708 1508 δύστηνος,
729 1464 755 1499 ὦ
774 1464 864 1508 ξένοι
883 1465 986 1509 ξένοι.

320 1520 398 1561 ποῦ,
418 1517 545 1557 τέκνον,
566 1514 601 1552 εἴ
613 1532 671 1563 μοι
686 1530 695 1558 ;
754 1523 830 1553 AN.
864 1519 950 1565 πρὸς
967 1518 1048 1561 βίαν
1064 1517 1262 1568 πορεύομαι.

319 1570 449 1618 ὄρεξον,
471 1570 496 1605 ὦ
514 1572 586 1610 παῖ,
606 1572 735 1618 χεῖρας.
791 1576 867 1607 AN.
897 1571 976 1607 ἀλλ’
996 1573 1094 1608 οὐδὲν
1113 1572 1236 1610 σθένω.

315 1625 374 1659 οὐκ
392 1623 489 1668 ἄξεθ’
507 1623 621 1668 ὑμεῖς;
732 1629 788 1658 ΟΙ.
825 1623 851 1658 ὦ
869 1625 975 1661 τάλας
993 1625 1071 1672 ἐγὼ,
1092 1626 1210 1663 τάλας.

317 1679 438 1711 οὔκουν
453 1676 528 1712 ποτ’
549 1676 586 1711 ἐκ
603 1675 737 1712 τούτοιν
753 1692 794 1723 γε
811 1677 856 1723 μὴ
876 1676 1063 1722 σκήπτροιν
1080 1678 1130 1715 ἕτι

318 1728 568 1776 ὁδοιπορήσεις·
598 1729 676 1765 ἀλλ’
698 1730 770 1765 ἐπεὶ
789 1732 881 1765 νικᾶν
899 1730 1013 1767 θέλεις

302 1782 460 1830 ,πατρίδα
477 1797 515 1817 τε
532 1782 593 1828 τὴν
612 1782 678 1827 σὴν
696 1783 749 1818 καὶ
767 1783 905 1829 φίλους,
927 1783 987 1830 ὑφ’
1007 1784 1052 1819 ὧν
1071 1784 1136 1832 ἐγὼ

315 1835 452 1881 ταχθεὶς
470 1835 540 1871 τάδ’
561 1837 659 1883 ἔρδω,
681 1836 734 1870 καὶ
752 1834 912 1883 τύραννος
930 1836 976 1871 ὣν
994 1836 1094 1882 ὅμως,

316 1889 401 1924 νίκα.
430 1890 543 1936 χρόνῳ
561 1890 638 1936 γὰρ,
661 1885 723 1924 οἶδ’
744 1889 822 1936 ἐγὼ,
841 1890 968 1935 γνώσει
985 1890 1078 1931 τάδε,

313 1939 459 1976 ὁθούνεκ’
480 1941 580 1978 αὐτὸς
598 1942 699 1976 αὑτὸν
717 1943 794 1976 οὔτε
812 1944 871 1977 νῦν
888 1941 975 1978 καλὰ

314 1994 394 2038 δρᾷς
413 2009 489 2028 ουτε
507 1994 660 2040 πρόσθεν
678 1994 827 2041 εἶργάσω
845 1994 906 2040 βίᾳ
925 1993 1054 2043 φίλων,

317 2044 401 2108 ὀργῇ
422 2045 523 2091 χάριν
542 2045 674 2085 δοὺς,”
652 2060 671 2090 η
693 2045 727 2079 σ’
748 2046 799 2080 ἀεὶ
817 2046 1026 2091 λυμαίνεται.

317 2097 458 2142 ἐπίσχες
477 2097 591 2138 αὐτοῦ,
613 2097 715 2141 ξεῖνε.
798 2103 865 2133 ΚΡ.
895 2099 940 2144 μὴ
959 2099 1085 2146 ψαύειν
1101 2101 1208 2151 λέγω.

316 2152 409 2184 οὔτοι
429 2149 462 2183 σ’
483 2149 623 2196 ἀφήσω,
644 2150 752 2185 τῶνδέ
767 2150 799 2198 γ’
820 2151 1053 2198 ἐστερημενος.

317 2203 371 2237 καὶ
389 2203 502 2247 μεῖζον
520 2202 621 2249 ἄρα’
602 2202 725 2250 ρύσιον
741 2205 841 2239 πόλει
860 2205 948 2251 τάχα

318 2254 455 2299 θήσεις;
487 2256 669 2302 ἐφάψομαι
687 2257 753 2303 γὰρ
772 2257 812 2291 οὐ
830 2255 966 2294 ταύταιν
982 2260 1113 2304 μόνοιν.

324 1041 384 1076 οὒκ
401 1039 565 1088 ἠγόρευον
581 1039 672 1076 ταῦτ’
691 1040 757 1087 ἐγώ
773 1054 783 1082 ;

813 1093 913 1140 μέθες
930 1096 1046 1141 χεροῖν

215 1472 291 1502 ΑΝ.

217 1525 274 1554 ΟΙ.

216 1578 273 1607 ΟΙ.

215 1631 280 1661 ΚΡ.

215 1683 282 1713 KP.

1202 1472 1266 1511 844

1200 1791 1263 1831 850

1204 2054 1264 2096 855

214 2102 286 2132 xo.

214 2155 286 2186 xo,

214 2208 281 2238 KP.

213 2313 287 2344 ΧΟ.
316 2308 394 2343 ἀλλ’
416 2308 449 2344 ἐς
467 2308 500 2343 τί
518 2309 661 2356 τρέψεις
1201 2317 1266 2352 860

214 2368 283 2398 KP.
720 2363 799 2398 τόνδ
828 2363 998 2410 ἀπάξομαι
1016 2366 1144 2409 λαβών.

214 2419 286 2450 ΧΟ.
316 2415 423 2450 δεινὸν
441 2414 566 2461 λέγεις.

214 2473 280 2502 KP.
625 2469 669 2504 ὡς
687 2471 788 2504 τοῦτο
807 2472 866 2506 νῦν
882 2470 1101 2518 πεπράξεται,

318 2519 358 2564 ἢν
375 2519 419 2565 μή
437 2519 471 2566 μ’
491 2522 509 2554 ὁ
529 2520 670 2568 κραίνων
688 2522 795 2567 τῆσδε
811 2524 874 2569 γῆς
892 2520 1097 2570 ἀπειργάθῃ.

216 2579 272 2608 ΟΙ.
317 2573 343 2607 ὦ
362 2572 487 2619 φθέγμ’
508 2574 650 2615 ἀναιδὲς,
670 2572 690 2618 ἦ
711 2574 756 2609 σὺ
772 2576 839 2623 γὰρ
857 2574 1009 2623 ψαύσεις
1027 2577 1130 2623 ἐμοῦ;

215 2632 282 2661 KP.
317 2626 406 2661 αὐδῶ
425 2627 571 2661 σιωπᾶν.

215 2685 272 2714 ΟΙ.
629 2680 674 2726 μὴ
693 2681 759 2727 γὰρ
778 2678 850 2716 αἵδε
869 2681 1024 2727 δαίμονες

289 2728 294 2736 “
318 2731 406 2767 θεῖέν
422 2731 456 2778 μ’
471 2731 610 2778 ἄφωνον
627 2734 732 2778 τῆσδε
750 2735 809 2779 τῆς
826 2734 909 2781 ἀρᾶς
928 2735 989 2775 ἔτι,
1200 2739 1260 2782 865

319 2785 356 2821 ὅς
373 2783 419 2830 μ’,
441 2784 467 2819 ὦ
486 2786 635 2825 κάκιστε,
655 2786 765 2831 ψιλὸν
783 2784 861 2832 ὄμμ’
875 2789 1082 2825 ἀποσπάσας

318 2837 403 2883 πρὸς
421 2837 570 2883 ὄμμασιν
587 2840 657 2874 τοῖς
674 2838 826 2885 πρόσθεν
845 2839 972 2885 ἐξοίχει
989 2841 1063 2887 βίᾳ.

318 2891 437 2937 τοιγὰρ
458 2889 501 2925 σε’
518 2889 546 2924 τ’
566 2890 667 2925 αὐτὸν
685 2892 739 2926 καὶ
756 2891 854 2938 γένος
872 2893 911 2927 τὸ
932 2895 995 2928 σὸν
1014 2893 1099 2930 θεῶν

320 2945 339 2977 ὁ
357 2944 466 2978 πάντα
482 2941 645 2978 λεύσσων
658 2942 784 2979 Ἥλιος
803 2944 875 2989 δοίη
894 2945 973 2987 βίον

319 2998 473 3031 τοιοῦτον
491 2992 563 3030 οἷον
582 2996 664 3041 κάμὲ
681 2997 822 3043 γηράναι
840 2997 936 3032 ποτέ.
1201 3005 1265 3047 870

216 3054 284 3085 KP.
319 3051 420 3095 ὁρᾶτε
437 3051 552 3088 ταῦτα,
573 3049 679 3093 τῆσδε
696 3051 759 3095 γῆς
778 3049 958 3096 ἐγχώριοι;

217 3108 272 3138 ΟῙ.
317 3104 424 3148 ὁρῶσι
442 3101 523 3146 κάμὲ
543 3101 596 3135 καὶ
617 3101 670 3140 σὲ,
690 3102 744 3136 καὶ
762 3102 933 3148 φρονοῦσ’
953 3102 1004 3137 ὅτι

319 3155 431 3202 ἔργοις
448 3153 624 3189 πεπονθὼς
641 3152 790 3200 ῥήμασίν
809 3153 842 3188 σ’
862 3153 1039 3200 ἀμύνομαι.

217 3213 283 3243 KP.
318 3209 410 3242 οὔτοι
429 3206 557 3249 καθέξω
578 3205 693 3250 θυμὸν,
713 3206 792 3240 ἀλλ’
812 3206 881 3250 ἅξω
900 3207 961 3253 βίᾳ

321 3260 370 3295 κεῖ
387 3261 509 3304 μοῦνός
527 3258 594 3303 εἶμι
612 3258 709 3293 τόνδε
727 3259 780 3293 καὶ
797 3261 910 3307 χρόνῳ
927 3259 1067 3307 βραδύς.
1203 3269 1242 3309 87
1247 3277 1263 3309 5

218 3319 275 3349 01.
321 3313 359 3347 ἷὼ
378 3313 495 3348 τάλας.
1190 3317 1262 3353 ἀντ..

217 3372 289 3402 ΧΟ.
319 3365 404 3400 ὅσον
420 3364 499 3410 λῆμ’
520 3365 607 3410 ἔχων
625 3363 763 3410 ἀφίκου,
784 3363 863 3409 ξέν’,
884 3364 914 3399 εἶ

321 3418 401 3453 τάδε
419 3418 526 3453 δοκεῖς
543 3419 666 3452 τελεῖν.
1284 3433 1288 3484 Ι

219 3475 286 3507 ΚΡ.
319 3471 419 3506 δοκῶ.
526 3475 599 3504 XO.
627 3469 719 3505 τάνδ’
738 3469 789 3517 ἄρ’
810 3470 869 3505 οὐκ
888 3471 937 3505 ἔτι
956 3476 1042 3517 νεμῶ
1060 3475 1173 3510 πόλιν.

218 3530 285 3560 KP.
319 3525 391 3559 τοῖς
407 3537 460 3558 τοι
478 3523 617 3559 δικαίοις
634 3523 686 3568 χώ
703 3523 836 3569 βραχὺς
854 3524 926 3570 νικᾷ
943 3524 1058 3572 μέγαν.
1203 3533 1263 3564 880

219 3582 277 3613 01.
321 3574 455 3612 ἀκούεθ’
475 3572 529 3611 οἶα
547 3575 754 3623 φθέγγεται;

217 3635 289 3666 ΧΟ.
813 3630 854 3664 τά
871 3627 904 3676 γ’
923 3629 962 3664 οὐ
980 3631 1080 3665 τελεῖ.
1278 3646 1283 3660 ι

1316 460 1381 491 ΚΡ.

1315 513 1386 545 ΧΟ.

1315 566 1386 598 XO.

1314 726 1392 756 GH.

1314 937 1371 968 01.

1314 1044 1392 1075 GH.

1313 1097 1372 1128 01.

1314 1204 1392 1234 GH.

1314 1257 1391 1287 ΘΗ.

1311 3371 1383 3401 ΧΟ.

1311 3479 1379 3509 ΚΡ.

1099 302 1504 346 ΣΟΦΟΚΛΕΟΥΣ

1419 408 1707 432 ..ΟΙΟ

1750 452 1832 492 Ζεὺς
1849 453 1940 492 ταῦτ’
1959 454 2001 492 ἂν
2018 454 2133 503 είδείη,
2153 454 2200 493 σὺ
2218 454 2248 494 δ’
2266 457 2322 496 οὔ.

1415 507 1467 557 ἆρ’
1487 508 1553 556 οὐχ
1570 505 1671 556 ὕβρις
1688 505 1762 545 τάδ’
1775 521 1784 550 ;
1867 514 1935 546 KP.
1963 507 2075 558 ὕβρις,
2095 507 2175 547 ἀλλ’
2195 511 2347 553 ἀνεκτέα.

1417 561 1455 597 ἰὼ
1473 563 1539 598 πᾶς
1556 562 1656 602 λεὼς,
1677 561 1716 596 ἰὼ
1733 562 1797 609 γᾶς
1813 563 1951 610 πρόμοι,

1417 617 1542 661 μόλετε
1560 614 1626 650 σὺν
1643 614 1904 661 τάχει,“μόλετ’·
1935 616 2008 652 ἐπεὶ
2025 615 2131 664 πέραν

1418 667 1545 716 nepae*
1565 666 1637 704 οἵδε
1655 667 1709 714 δὴ.

1419 721 1471 758 τίς
1488 720 1571 756 ποθ’
1589 721 1610 766 ἡ
1621 719 1714 767 βοή·
1705 748 1714 763 ,
1744 719 1779 756 τί
1795 723 1960 770 τοῦργονς
1990 722 2027 758 ἐκ
2044 722 2135 760 τίνος
2149 723 2266 770 φόβου
2283 724 2366 761 ποτὶ

1416 774 1648 816 βουθυτοῦντά
1665 773 1699 820 μ’
1719 774 1810 822 ἀμφὶ
1827 776 1945 821 βωμὸν
1962 775 2077 822 ἕσχετ’
2097 774 2220 828 ἐναλίω
2239 775 2304 827 θεῷ

1418 826 1507 862 τοῦδ’
1528 827 1693 873 ἐπιστάτῃ
1713 829 1899 863 Κολωνοῦ·
1890 855 1900 870 ,
1929 828 2063 874 λέξαθ’,
2084 829 2129 865 ὡς
2147 829 2225 865 εἰδῶ
2243 831 2282 866 τὸ
2299 832 2366 867 πᾶν

1420 879 1460 915 ου
1477 881 1578 928 χάριν
1596 880 1685 927 δεῦρ’
1704 877 1770 926 ᾖξα
1788 880 1958 917 θᾶσσον*
1940 897 1960 927 η
1980 881 2057 917 καθ’
2076 881 2199 927 ἡδονὴν
2215 884 2333 920 ποδός.

2304 623 2366 665 885

1417 932 1442 967 ὦ
1461 933 1614 979 φίλτατ’,
1634 934 1740 981 ἔγνων
1756 934 1823 981 γὰρ
1841 935 1880 969 τὸ
1897 935 2139 982 προσφώνημά
2157 949 2235 977 σου,
2301 941 2362 983 891

1416 986 1569 1022 πέπονθα
1587 987 1678 1022 δεινὰ
1696 986 1787 1022 τοῦδ’
1806 986 1861 1023 ὑπ’
1881 987 2001 1035 ἀνδρὸς
2019 988 2154 1035 ἀρτίως.

1419 1040 1461 1074 τὰ
1477 1042 1559 1075 ποῖα
1576 1042 1692 1081 ταῦτα,
1712 1040 1764 1076 τίς
1782 1039 1812 1075 δ’
1831 1042 1850 1075 ὁ
1867 1039 2040 1086 πημήνας;
2069 1041 2164 1088 λέγε.

1418 1093 1534 1140 Κρέων
1552 1092 1614 1133 ὅδ’,
1634 1092 1673 1128 ὃν
1691 1093 1862 1139 δέδορκας,
1881 1091 2012 1139 οἴχεται
2029 1093 2154 1130 τέκνων
2390 1133 2395 1139 ,

1417 1145 1627 1183 ἀποσπάσας
1643 1161 1709 1192 μου
1727 1145 1788 1191 τὴν
1804 1147 1908 1192 μόνην
1925 1146 2105 1194 ξυνωρίδα.
2297 1139 2359 1195 893

1417 1202 1490 1235 πῶς
1507 1196 1623 1240 ebrus-3
1749 1204 1807 1234 01.
1837 1196 1892 1234 οἷά
1908 1214 1973 1247 περ
1990 1199 2135 1235 πέπονθ’
2153 1199 2309 1246 ἀκήκοας.

1419 1254 1539 1288 οὔκουν
1556 1267 1607 1289 τις
1626 1253 1670 1289 ὣς
1688 1253 1836 1298 τάχιστα
1853 1254 2065 1299 προσπόλων
2081 1254 2198 1298 μολὼν

1416 1307 1502 1352 πρὸς
1519 1304 1645 1341 τούσδε
1662 1305 1799 1351 βωμοὺς
1816 1307 1913 1346 πάντ’
1930 1306 2114 1353 ἀναγκάσει
2132 1308 2221 1342 λεὼν

1419 1358 1564 1394 ἄνιππον
1582 1360 1727 1402 ἱππότην
1744 1373 1781 1393 τε
1800 1357 1956 1404 θυμάτων
1973 1359 2040 1394 ἄπο

1418 1410 1578 1447 σπεύδειν
1595 1411 1661 1448 ἄπο
1679 1411 1834 1459 ῥυτῆρος,
1854 1411 1934 1447 ἔνθα
1952 1411 2111 1458 δίστομοι

1417 1466 1571 1509 μάλιστα
1590 1465 1857 1510 συμβάλλουσιν
1875 1465 2030 1512 ἐμπόρων
2048 1465 2134 1505 ὁδοὶ,

1417 1519 1461 1554 ὡς
1478 1517 1523 1563 μὴ
1542 1516 1740 1565 παρέλθωσ’
1760 1518 1795 1552 αἶ
1813 1519 1919 1565 κόραι,
1938 1517 2051 1565 γέλως
2068 1517 2097 1553 δ’
2117 1517 2184 1566 ἐγὼ

1418 1571 1502 1619 ξένῳ
1520 1571 1667 1618 γένωμαι
1685 1571 1781 1620 τῷδε,
1800 1570 1977 1617 χειρωθεὶς
1993 1571 2067 1617 βίᾳ.

1416 1622 1479 1665 ἴθ’,
1500 1625 1545 1660 ὡς
1562 1623 1686 1671 ἄνωγα,
1707 1622 1772 1659 σὺν
1789 1625 1897 1670 τάχει.
1928 1627 2048 1660 τοῦτον
2066 1623 2095 1660 δ’
2115 1624 2194 1669 ἐγὼ,

1417 1676 1446 1711 εἶ
1464 1677 1525 1722 μὲν
1543 1676 1584 1712 δι’
1604 1677 1707 1724 ὀργῆς
1724 1675 1816 1721 ἧκον,
1836 1676 1875 1722 ἧς
1893 1676 1941 1713 ὅδ’
1961 1677 2067 1722 ἄξιος,

1415 1729 1566 1777 ἄτρωτον
1583 1730 1623 1765 οὗ
1640 1729 1755 1775 μεθῆκ’
1775 1729 1816 1765 ἂν
1834 1730 1909 1795 ἐξ’
1891 1732 1971 1776 εμῆς
1987 1732 2102 1778 χερός·

1416 1785 1474 1818 νῦν
1492 1782 1520 1818 δ’
1540 1781 1672 1830 οὕσπερ
1690 1783 1791 1819 αὐτὸς
1808 1783 1887 1820 τοὺς
1905 1785 2027 1829 νόμους
2044 1783 2182 1830 εἰσῆλθ’
2201 1784 2302 1840 ἔχων,

1416 1850 1570 1871 τουτοισι
1588 1836 1669 1870 κοῦκ
1686 1835 1849 1871 ἄλλοισιν
1867 1835 2136 1884 ἁρμοσθῆσεται.

1415 1889 1455 1924 οὗ
1472 1889 1539 1937 γάρ
1556 1887 1632 1925 ποτ’
1652 1888 1720 1933 ἕξει
1738 1890 1844 1934 τῆσδε
1861 1891 1921 1935 τῆς
1938 1891 2063 1937 χώρας,
2079 1891 2163 1938 πρὶν
2179 1890 2221 1933 ἂν
2247 1890 2249 1892 ’

1415 1941 1522 1979 κείνας
1541 1942 1690 1990 ἐναργεῖς
1708 1942 1807 1990 δεῦρό
1825 1956 1883 1987 μοι
1903 1942 2036 1988 στήσῃς
2053 1942 2156 1989 ἄγων·

1413 1996 1486 2030 ἐπεὶ
1504 1995 1664 2042 δέδρακας
1682 1994 1750 2029 οὔτ’
1771 1995 1853 2035 ἐμοῦ
1872 1996 2036 2040 καταξίως

1414 2044 1490 2080 οὔθ’
1511 2044 1557 2080 ὧν
1573 2045 1729 2091 πέφυκας
1747 2044 1847 2081 αὐτὸς
1865 2046 1943 2080 οὔτε
1963 2046 2027 2090 σῆς
2043 2044 2180 2091 χθονὸς,

1417 2097 1514 2134 ὅστις
1533 2098 1629 2133 δίκαι’
1649 2098 1826 2133 ἀσκοῦσαν
1844 2097 2012 2133 εἰσελθὼν
2028 2100 2131 2133 πόλιν

1416 2150 1512 2186 κᾶνευ
1531 2152 1634 2196 νόμου
1653 2150 1858 2197 κραίνουσαν
1875 2151 1986 2189 οὐδὲν,
2007 2147 2066 2185 εἶτ’
2085 2150 2187 2197 ἀφεὶς

1415 2204 1458 2239 τὰ
1475 2204 1581 2249 τῆσδε
1599 2205 1659 2249 τῆς
1675 2204 1739 2250 γῆς
1757 2201 1840 2250 κύρι’
1865 2200 1922 2237 ὧδ’
1942 2200 2147 2237 ἐπεσπεσὼν

1417 2256 1509 2305 ἦγεις
1527 2252 1563 2291 θ’
1582 2254 1604 2290 ἃ
1621 2255 1757 2303 χρῄζεις
1775 2256 1830 2290 καὶ
1847 2256 2059 2302 παρίστασαι
2076 2255 2147 2300 βίᾳ.

1418 2309 1472 2344 καί
1489 2324 1547 2354 μοι
1565 2311 1668 2345 πόλιν
1686 2309 1865 2355 κένανδρον
1882 2307 1902 2353 ἢ
1923 2306 2049 2352 δούλην
2066 2309 2141 2346 τινὰ

1417 2362 1537 2406 ἔδοξας
1555 2358 1650 2402 εἷναι,
1672 2360 1747 2407 κᾶμ’
1765 2359 1846 2397 ἴσον
1863 2362 1911 2410 τῷ
1928 2360 2059 2407 μηδενί.

1416 2415 1523 2450 καίτοι
1542 2430 1585 2450 σε
1603 2414 1716 2460 Θῆβαί
1732 2413 1765 2461 γ’
1785 2415 1846 2449 οὐκ
1865 2413 2069 2450 ἐπαίδευσαν
2087 2415 2200 2449 κακόν·

1415 2468 1454 2503 οὔ
1472 2468 1538 2514 γὰρ
1557 2468 1725 2514 φιλοῦσιν
1743 2466 1866 2515 ἄνδρας
1885 2467 2035 2504 ἐκδίκους
2052 2466 2203 2515 τρέφειν,

1416 2520 1485 2556 οὐδ’
1506 2521 1546 2555 ἅν
1565 2520 1599 2555 σ’
1620 2520 1842 2562 ἐπαινέσειαν,
1862 2519 1892 2554 εἶ
1909 2519 2074 2556 πυθοίατο

1417 2576 1575 2609 συλῶντα
1593 2573 1681 2619 τάμὰ
1700 2574 1754 2608 καὶ
1772 2574 1814 2608 τὰ
1831 2577 1898 2608 τῶν
1916 2572 2013 2614 θεῶν,
2032 2572 2094 2619 βίᾳ

1415 2627 1540 2674 ἄγοντα
1558 2628 1684 2673 φωτῶν
1701 2625 1860 2662 ἀθλίων“
1849 2625 1990 2672 ικτὴρια.

1416 2681 1537 2714 οὔκουν
1555 2681 1658 2746 ἔγωγ’
1673 2679 1715 2714 ἂν
1734 2681 1798 2725 σῆς
1817 2678 2030 2724 ἐπεμβαίνων
2046 2677 2182 2725 χθονὸς,

1415 2732 1484 2768 οὐδ’
1505 2732 1534 2767 εἷ
1552 2733 1594 2767 τὰ
1611 2733 1745 2768 πάντων
1763 2729 1858 2778 εἶχον
1876 2732 2088 2771 ἐνδικώτατα,

1416 2785 1494 2820 ἄνευ
1512 2801 1553 2833 γε
1570 2788 1631 2820 τοῦ
1651 2785 1856 2832 κραίνοντος,
1877 2784 1975 2820 ὅστις
1992 2782 2044 2828 ἦν,
2064 2783 2201 2832 χθονὸς,

1416 2837 1491 2873 οὔθ’
1512 2835 1630 2874 εἷλκον
1648 2837 1717 2873 οὔτ’
1737 2838 1778 2873 ἂν
1795 2836 1890 2885 ἦγον,
1910 2837 1990 2873 ἀλλ’
2009 2835 2204 2883 ἠπιστάμην

1417 2891 1513 2935 ξένον
1530 2890 1608 2938 παρ’
1628 2891 1747 2928 ἀστοῖς
1765 2891 1810 2927 ὡς
1828 2890 2021 2926 διαιτᾶσθαι
2038 2890 2162 2937 χρεών.

1417 2944 1462 2978 σὺ
1481 2943 1509 2979 δ’
1530 2944 1627 2988 ἀξίαν
1645 2944 1705 2979 οὐκ
1724 2942 1832 2980 οὖσαν
1849 2941 2024 2989 αἷσχῦνεις
2040 2944 2144 2978 πόλιν

1415 2996 1476 3042 τὴν
1493 2997 1593 3033 αὐτὸς
1611 2997 1726 3037 αὑτοῦ,
1748 2997 1802 3032 καί
1820 2995 1854 3032 σ’
1874 2998 1893 3032 ὁ
1910 2994 2072 3040 πληθύων
2087 2996 2212 3042 χρόνος

1414 3048 1551 3097 γέρονθ’
1571 3051 1656 3095 ὁμοῦ
1674 3049 1790 3094 τίθησι
1809 3049 1863 3084 καὶ
1880 3050 1941 3084 τοῦ
1959 3051 2018 3084 νοῦ
2036 3049 2142 3083 κενόν.

1416 3099 1511 3137 εἶπον
1527 3102 1589 3147 μὲν
1606 3101 1666 3137 οὖν
1684 3103 1738 3137 καὶ
1756 3101 1920 3145 πρόσθεν,
1941 3099 2065 3137 ἐννέπω
2084 3100 2121 3136 δὲ
2139 3101 2210 3143 νῦν,

1415 3155 1475 3191 τὰς
1491 3155 1612 3192 παῖδας
1630 3155 1675 3191 ὡς
1692 3156 1841 3201 τάχιστα
1859 3153 1946 3202 δεῦρ’
1965 3153 2060 3201 ἄγειν
2076 3152 2163 3195 τινὰ,

1415 3207 1445 3242 εἷ
1462 3207 1506 3253 μὴ
1525 3208 1678 3252 μέτοικος
1695 3208 1802 3253 τῆσδε
1820 3209 1879 3252 τῆς
1895 3207 2010 3254 χώρας
2028 3205 2142 3242 θέλεις

1415 3257 1497 3295 εἶναι
1515 3260 1576 3305 βίᾳ
1594 3275 1631 3295 τε
1650 3260 1734 3306 κουχ
1753 3261 1847 3295 εκών·
1877 3260 1931 3295 καὶ
1948 3259 2052 3297 ταῦτά
2070 3273 2129 3294 σοι

1413 3315 1460 3362 τῷ
1480 3317 1524 3362 νῷ
1542 3313 1576 3347 θ’
1592 3314 1715 3358 ὁμοίως
1733 3313 1819 3348 κάπὸ
1837 3314 1897 3358 τῆς
1913 3313 2080 3358 γλώσσης
2097 3310 2203 3359 λέγω.

1413 3368 1493 3413 ὁρᾷς
1511 3364 1550 3400 ἵν’
1570 3365 1671 3411 ἥκεις,
1692 3365 1718 3400 ὧ
1737 3365 1826 3413 ξέν’·
1818 3392 1827 3406 ,
1858 3365 1903 3401 ὡς
1919 3363 1982 3410 ἀφ’
2001 3364 2047 3399 ὧν
2063 3378 2125 3410 μεν
2143 3360 2178 3399 εἷ

1413 3419 1528 3465 φαίνει
1547 3419 1685 3459 δίκαιος,
1706 3419 1794 3465 δρῶν
1812 3417 1840 3453 δ’
1861 3417 2058 3464 ἐφευρίσκει
2076 3417 2173 3452 κακά.

1418 3472 1484 3519 ἐγὼ
1502 3471 1570 3506 οὔτ’
1591 3471 1753 3518 ἄνανδρον
1771 3469 1869 3516 τὴνδε
1886 3468 1947 3515 τὴν
1963 3471 2066 3505 πόλιν
2082 3469 2207 3517 λέγων,

1415 3524 1440 3560 ὦ
1458 3523 1573 3559 τέκνον
1591 3523 1731 3569 Αἰγέως,
1751 3522 1820 3559 οὔτ’
1839 3522 2002 3565 ἄβουλον,
2023 3522 2068 3558 ὣς
2086 3521 2132 3556 σὺ
2150 3521 2231 3568 φῂς,

1414 3579 1558 3624 τοῦργον
1575 3576 1643 3611 τόδ’
1665 3575 1844 3623 ἐξέπραξα,
1863 3574 2063 3622 γιγνώσκων
2081 3573 2110 3610 δ’
2129 3573 2182 3609 ὅτι
2223 3576 2228 3581 ”

1415 3630 1525 3666 οὐδείς
1540 3628 1616 3665 ποτ’
1635 3629 1756 3665 αὐτοὺς
1773 3631 1840 3663 τῶν
1857 3627 1945 3670 ἐμῶν
1962 3627 2003 3662 ἂν
2021 3627 2165 3672 ἐμπέσοι

2298 1692 2402 1726 905.

2294 1957 2358 1991 910

2304 2216 2364 2267 ⁹¹⁵

2297 2479 2362 2512 920

2299 2741 2360 2777 925

2301 3008 2360 3040 930

2299 3268 2360 3305 9³⁵

2296 3534 2359 3569 940
