2488 3860
669 683 1465 741 ΑΡΙΣΤΟΦΑΝΟΎΣ

1542 679 1878 737 ΙΠΠΗΣ.

690 949 694 953 ’
743 948 823 986 ΤΑ
876 946 1007 985 ΤΟΎ
1058 943 1426 984 ΔΡΛΜΑΤΟΣ
1475 941 1799 982 ΠΡΟΣΩΠΑ

457 1042 711 1073 ΔῘῖΜΟΣΘΕΝΗ
716 1041 748 1072 Σ.

456 1096 611 1126 ΝῙΚῙΑΣ.

458 1148 786 1181 ΑΛΛΑΝΤΟΠΩΛΗΣ
809 1144 845 1177 οὗ
867 1145 962 1185 ὄνομα

500 1203 787 1234 ΑΓΟΡΑΚΡῙΤΟΣ.

1637 1036 1783 1064 ΚΛΕΩΝ.

1637 1088 1773 1119 ΧΟΡΟΣ
1795 1088 1962 1119 1111!an-

1638 1144 1692 1172 ΔΗ
1697 1141 1791 1173 MOE-

1188 1330 1378 1337 ——-

1056 1430 1477 1470 ΎΠΟΘΕΣΙΣ.

254 1522 298 1559 Τὸ
323 1523 431 1569 δρᾶμα
452 1523 519 1555 τῶν
534 1518 676 1554 Ἱππέων
697 1519 840 1553 ποιεῖται
863 1516 909 1553 εἷς
931 1517 1081 1558 Κλέωνα,
1101 1518 1160 1553 τὸν
1179 1522 1245 1553 τῶν

205 1575 385 1621 Ἀθηναίων
403 1573 612 1619 δημαγωγόν.
641 1570 811 1604 ὑπόκειται
830 1569 866 1604 δὲ
885 1570 929 1605 ὡς
947 1570 1147 1617 Παφλαγὼν
1165 1572 1243 1606 νεώ-

205 1643 312 1674 νητος,
334 1625 502 1662 δουλεύων
522 1627 569 1672 τῷ
594 1621 709 1670 Δήμῳ,
729 1621 782 1657 καὶ
806 1623 1034 1668 προαγόμενος
1055 1622 1132 1669 παρ’
1157 1622 1245 1671 αὐτῷ

206 1682 450 1728 περιττότερον.
478 1675 710 1720 ἐπιτιθεμένων
736 1674 772 1709 δέ
796 1674 884 1723 αὐτῷ
903 1675 995 1709 δυοῖν
1016 1673 1243 1720 τοῖνὸμοδοῦ-

204 1735 291 1772 λοιν,
307 1733 360 1767 καὶ
378 1731 459 1766 κατά
475 1744 548 1765 τινα
565 1730 665 1776 λόγια
681 1726 822 1774 πονηρίᾳ
840 1727 1004 1771 διάσημον
1021 1727 1241 1770 ἀλλαντοπώ-

205 1788 268 1829 λην
284 1785 522 1831 Ἀγοράκριτον
539 1781 746 1828 ἐπαγόντοιν,
762 1779 806 1815 ὡς
820 1777 1045 1826 ἐπιτροπεύσῃ
1063 1781 1123 1813 τοῦ
1137 1777 1242 1823 δήμου

205 1842 270 1873 τῶν
286 1836 478 1881 Ἀθηναίων,
498 1834 592 1869 αὐτοὶ
612 1833 644 1868 οἶ
660 1831 843 1876 Ἀθηναίων
862 1830 988 1867 Ἱππεῖς
1010 1832 1244 1873 συλλαβόντες

205 1891 241 1925 ἐν
257 1892 362 1936 χοροῦ
381 1887 529 1934 σχῆματι
549 1884 827 1933 παραφαίνονται·
855 1882 916 1930 ὑφ’
935 1883 981 1918 ὧν
996 1883 1243 1930 προπηλακιζό-

205 1957 302 1987 μενος
333 1942 352 1975 ὁ
378 1940 496 1975 Κλέων
521 1938 708 1985 ἀγανακτεῖ,
736 1937 790 1972 καὶ
820 1935 1000 1982 διενεχθεὶς
1027 1936 1143 1972 ἱκανῶς
1168 1935 1244 1982 περὶ

205 1997 265 2029 τοῦ
289 1995 451 2039 ἀνώτερος
475 1988 556 2027 εἶναι
580 1994 646 2025 τῶν
670 1988 935 2034 ἐναντιουμένων,
959 1988 1054 2035 σφὰς
1075 1988 1119 2024 ὣς
1143 2002 1243 2023 συνο-

205 2049 399 2092 μωμοκότας
430 2045 511 2080 κατὰ
541 2044 598 2088 τῆς
623 2044 754 2078 πόλεως
783 2041 868 2088 πρὸς
897 2040 957 2086 τὴν
986 2040 1116 2086 βουλὴν
1146 2038 1240 2074 ἵεται·

207 2099 385 2143 διώξαντος
416 2097 453 2132 δὲ
484 2096 537 2131 καὶ
567 2097 627 2130 τοῦ
658 2094 924 2129 ἇλλαντοπώλου
956 2093 1037 2128 κατὰ
1069 2092 1185 2133 πόδας,
1214 2093 1244 2126 οἱ

204 2151 331 2187 Ἱππεῖς
353 2149 431 2196 περί
450 2164 487 2184 τε
504 2150 564 2183 τοῦ
582 2149 721 2192 ποιητοῦ
738 2161 811 2182 τινα
832 2146 885 2180 καὶ
905 2148 971 2181 τῶν
991 2146 1176 2192 προγόνων,
1196 2145 1242 2179 ἔτι

207 2204 243 2238 δὲ
271 2204 324 2238 καὶ
350 2206 416 2237 τῶν
443 2200 763 2249 συγκινδυνευόντων
790 2198 918 2244 σφίσιν
944 2197 999 2233 ἐπὶ
1025 2199 1095 2233 ταῖς
1121 2198 1243 2242 μάχαις

205 2255 327 2296 ἵππων,
346 2255 431 2301 πρὸς
448 2254 526 2290 τοὺς
546 2252 689 2289 πολίτας
710 2251 896 2298 ἁδροτέρως
916 2249 1139 2297 διαλέγονται.
1167 2251 1186 2284 ὁ
1209 2249 1244 2284 δέ

1295 1522 1361 1555 θὼν
1387 1520 1485 1556 οὗτος
1511 1520 1758 1566 διαφερομένων
1784 1519 1954 1567 ἀκροᾶται.
1988 1522 2102 1568 λόγων
2127 1521 2165 1556 δὲ
2192 1523 2331 1558 πολλῶν

1293 1573 1477 1619 γενομένων
1503 1573 1585 1607 κατὰ
1615 1574 1675 1606 τοῦ
1702 1571 1868 1612 Κλέωνος,
1893 1574 1953 1607 τοῦ
1978 1571 2218 1621 Ἀγορακρίτου
2247 1575 2319 1619 μάλ

1294 1626 1454 1671 ἐντέχνως
1477 1626 1547 1661 τοῖς
1570 1621 1768 1670 ἐπινοήμασι
1792 1625 1845 1660 καὶ
1867 1627 1939 1661 ταῖς
1957 1624 2123 1666 θωπείαις,
2143 1627 2196 1662 καὶ
2217 1641 2329 1673 προσ-

1293 1678 1341 1712 έτι
1372 1679 1443 1714 ταῖς
1470 1677 1505 1711 ἐκ
1536 1680 1602 1711 τῶν
1626 1676 1754 1723 λογίων
1780 1677 1985 1724 ὑπερβολαῖς
2011 1680 2221 1725 κρατοῦντος,
2244 1679 2328 1713 κατὰ

1292 1732 1408 1777 μικρὸν
1434 1731 1504 1765 τοῖς
1533 1730 1651 1776 λόγοις
1677 1731 1695 1763 ὁ
1727 1730 1840 1774 Δῆμος
1867 1729 2123 1776 συνεφέλκεται.
2156 1730 2328 1768 δείσαντος
2352 1775 2354 1777 v

1292 1783 1327 1818 δέ
1354 1785 1414 1817 τοῦ
1442 1781 1608 1821 Κλέωνος,
1634 1781 1713 1816 κάπὶ
1738 1782 1777 1816 τὸ
1803 1781 1971 1828 ψωμίζειν
1995 1784 2054 1818 τὸν
2079 1784 2194 1829 Δῆμον
2225 1781 2328 1830 ὁρμή·
2349 1779 2353 1782 ’

1293 1850 1426 1874 σαντος,
1451 1833 1690 1880 ἀντιψωμίζειν
1719 1834 1836 1880 ἅτερος
1867 1834 2023 1882 ἐγχειρεῖ.
2060 1835 2116 1870 καὶ
2141 1835 2240 1871 τέλος
2270 1837 2330 1870 τοῦ

1291 1884 1406 1926 Δήμου
1438 1886 1497 1929 τὴν
1534 1886 1689 1930 ἐκατέρου
1720 1887 1837 1931 κίστην
1874 1887 2042 1927 συνέντος,
2075 1884 2146 1922 εἶτα
2181 1888 2240 1932 τῆς
2269 1887 2328 1929 μὲν

1288 1939 1392 1982 κενῆς,
1418 1940 1477 1982 τῆς
1504 1938 1539 1973 δὲ
1566 1940 1626 1972 τοῦ
1658 1938 1813 1974 Κλέωνος
1839 1939 1965 1982 μεστῆς
1995 1936 2199 1984 εὑρεθείσης,
2225 1937 2328 1982 ἐλεγ·

1287 1989 1382 2035 χθεὶς
1405 1990 1503 2025 αὐτὸς
1521 1990 1564 2026 ὡς
1581 1990 1773 2036 περιφανῶς
1793 1990 1835 2024 τὰ
1851 1992 1911 2024 τοῦ
1930 1988 2044 2035 Δήμου
2067 1987 2231 2028 κλέπτων,
2250 1985 2327 2022 εἴκει

1289 2042 1416 2090 θατέρῳ
1444 2043 1502 2087 τῆς
1526 2042 1748 2088 ἐπιτροπείας.
1777 2042 1861 2088 μετὰ
1883 2044 1986 2077 ταῦτα
2013 2041 2050 2076 δὲ
2076 2043 2136 2078 τοῦ
2162 2041 2325 2076 ἀλλαντο-

1288 2096 1406 2130 πώλου
1427 2095 1486 2129 τὸν
1506 2095 1620 2140 Δῆμον
1641 2093 1900 2141 ἇφεψῆσαντος,
1919 2091 1990 2130 εἶτα
2011 2095 2170 2140 νεώτερον
2191 2092 2327 2138 ἐξαυτῆς

1290 2148 1324 2183 ἐς
1341 2147 1531 2193 τούμφανὲς
1547 2149 1710 2194 γεγονότα
1726 2148 1945 2195 προάγοντος,
1969 2146 2087 2182 Κλέων
2103 2145 2328 2193 περικείμενος

1290 2199 1350 2244 τὴν
1361 2198 1602 2246 Ἀγορακρίτου
1617 2199 1738 2244 σκευὴν
1752 2199 1807 2235 ἐπὶ
1825 2199 2143 2247 παραδειγματισμῷ
2157 2198 2213 2233 διὰ
2224 2197 2342 2243 μέσης

1289 2254 1421 2288 πόλεως
1445 2252 1718 2287 ἀλλαντοπωλῶν
1734 2251 1797 2287 ἀνὰ
1813 2251 1924 2298 μέρος,
1944 2253 1998 2287 καὶ
2014 2254 2056 2297 τῇ
2077 2251 2178 2297 τέχνῃ
2195 2250 2324 2298 χρησά-

207 2308 471 2351 ἁλλαντοπῶλης
489 2304 783 2353 περιγεγενημένος
805 2303 840 2338 ἐν
859 2304 970 2348 βουλῇ
989 2303 1080 2348 μάλα
1102 2302 1244 2350 γελοίως
1290 2319 1389 2350 μενος
1405 2305 1581 2350 πέμπεται,
1601 2305 1655 2339 καὶ
1671 2303 1691 2348 ἡ
1711 2304 1872 2351 ἐπιτροπὴ
1890 2307 1937 2352 τῷ
1958 2304 2205 2348 ἀλλαντοπώλῃ
2221 2317 2329 2351 παρα-

208 2363 267 2396 τοῦ
280 2360 446 2398 Κλέωνος,
460 2359 513 2395 καὶ
524 2357 782 2404 λοιδορούμενος
795 2354 887 2392 αὖθις
901 2355 988 2402 αὐτῷ
1000 2355 1239 2401 προσέρχεται·

209 2412 472 2456 ἐκκαλεσαμένου
506 2411 542 2446 δὲ
573 2412 634 2445 τοῦ
661 2408 815 2445 Κλέωνος
845 2409 903 2443 τὸν
934 2408 1058 2452 Δῆμον,
1085 2407 1237 2450 προσελ-

1292 2357 1433 2393 δίδοται.
1461 2358 1500 2392 τὸ
1518 2357 1555 2392 δὲ
1573 2357 1682 2403 δρᾶμα
1698 2360 1764 2393 τῶν
1781 2356 1866 2404 ἄγαν
1882 2359 1993 2394 καλῶς
2009 2357 2248 2403 πεποιημένων.

1139 2637 1405 2677 ΑΛΛΩΣ.

255 2741 293 2775 Ὅ
315 2742 439 2776 σκοπὸς
457 2741 545 2789 αὐτῷ
558 2742 642 2787 πρὸς
660 2743 698 2776 τὸ
716 2741 868 2776 καθελεῖν
886 2741 1036 2775 Κλέωνα.
1066 2738 1163 2777 οὗτος
1176 2740 1242 2787 γὰρ

206 2794 432 2839 βυρσοπώλης
458 2793 503 2828 ὢν
527 2794 655 2839 ἐκράτει
681 2797 747 2828 τῶν
769 2793 952 2838 Ἀθηναίων
975 2792 1011 2827 ἐκ
1036 2794 1244 2839 προφάσεως

206 2844 368 2889 τοιαύτης.
389 2844 557 2889 Ἀθηναῖοι
570 2847 671 2880 πόλιν
681 2844 809 2886 Πύλον,
821 2846 1006 2893 λεγομένην
1019 2847 1242 2892 Σφακτηρίαν,

206 2897 424 2943 ἐπολιόρκουν
455 2898 509 2931 διὰ
536 2897 771 2942 Δημοσθένους
803 2900 994 2945 στρατηγοῦ
1025 2899 1078 2933 καὶ
1110 2898 1240 2933 Νικίου·

207 2949 251 2983 ὢν
276 2952 471 2996 στρατηγῶν
494 2951 723 2996 χρονισάντων
747 2951 986 2996 ἐδυσχέραινον
1009 2952 1041 2985 οἱ
1061 2950 1242 2995 Ἀθηναῖοι.

207 3002 260 3036 καὶ
278 3001 325 3037 εἷς
343 3002 522 3045 ἐκκλησίαν
541 3003 772 3038 συνελθόντων
785 3003 893 3038 αὐτῶν
910 3004 964 3038 καὶ
981 3002 1243 3049 ἇδημονοῦντων,

207 3054 324 3088 Κλέων
337 3068 387 3090 τις
404 3055 633 3100 βυρσοπώλης
651 3056 796 3091 ἀναστὰς
814 3055 983 3101 ὑπέσχετο
1003 3056 1161 3101 δεσμίους
1178 3055 1243 3100 φέ-

206 3121 276 3153 ρειν
293 3106 370 3142 τοὺς
388 3106 600 3143 ὑπεναντίους
618 3105 698 3141 εἵσω
713 3106 840 3142 ε’ίκοσιν
856 3107 997 3155 ἡμερῶν,
1011 3107 1039 3142 εἶ
1059 3108 1244 3155 στρατηγὸς

207 3158 363 3205 αἱρεθείη·
393 3158 474 3204 ὅπερ
506 3159 559 3193 καὶ
587 3159 717 3206 γέγονε.
751 3160 833 3194 κατὰ
859 3161 918 3196 τὰς
948 3160 1155 3206 ὑποσχέσεις
1185 3157 1244 3194 οὖν

208 3209 417 3257 ἐστρατήγει,
438 3214 543 3245 κυκῶν
560 3210 619 3255 τὴν
642 3214 754 3247 πόλιν.
784 3211 838 3258 ἐφ’
859 3210 908 3248 οἷς
928 3213 972 3257 μὴ
995 3213 1135 3260 ἐνεγκὼν
1151 3212 1243 3258 Ἀρι-

210 3264 382 3309 στοφάνης
400 3263 535 3307 καθίησι
552 3264 591 3298 τὸ
609 3266 675 3298 τῶν
691 3263 831 3299 Ἱππέων
853 3265 961 3310 δρᾶμα
979 3265 1019 3300 δι’
1039 3265 1153 3304 αὑτοῦ,
1174 3263 1245 3299 ἐπεὶ

208 3319 275 3350 τῶν
298 3319 505 3350 σκευοποιῶν
527 3315 635 3351 οὐδεὶς
653 3316 827 3351 ἐπλάσατο
848 3318 887 3351 τὸ
906 3319 965 3351 τοῦ
990 3318 1144 3353 Κλέωνος
1161 3317 1245 3362 πρό-

210 3382 326 3403 σωπον
343 3369 397 3403 διὰ
414 3369 539 3413 φόβον.
567 3367 620 3402 καὶ
633 3368 674 3402 τὰ
690 3368 751 3413 μὲν
763 3371 878 3414 πρῶτα
893 3367 1006 3404 κόπτει
1019 3367 1243 3415 φοβούμενος·

209 3417 280 3455 εἶτα
296 3421 480 3467 προφανεὶς
497 3420 596 3456 αὐτὸς
613 3420 783 3464 ἀνεδίδαξε
801 3421 839 3455 τὸ
858 3421 978 3467 δρᾶμα.

252 3471 388 3507 Ἔοικεν
406 3475 424 3507 ὁ
442 3472 655 3519 προλογίζων
672 3469 754 3507 εἶναι
773 3473 999 3517 Δημοσθένης,
1020 3472 1056 3510 ὃς
1078 3471 1246 3518 ἐκεκμῆκει

209 3525 286 3571 περὶ
303 3525 362 3569 τὴν
375 3523 493 3559 Πύλου
510 3524 718 3571 πολιορκίαν,
735 3524 888 3571 ἀφῃρέθη
907 3525 943 3559 δὲ
961 3525 1021 3570 τὴν
1040 3524 1246 3572 στρατηγίαν

211 3578 276 3615 ὑπὸ
297 3577 462 3622 Κλέωνος,
481 3576 718 3624 ὑποσχομένου
741 3578 817 3612 τότε
838 3578 908 3613 τοῖς
930 3576 1118 3622 Ἀθηναίοις
1139 3589 1246 3623 παρα·

1293 2740 1487 2787 στήσασθαι
1501 2740 1560 2785 τὴν
1574 2742 1692 2776 Πυλον
1706 2739 1788 2776 ε’ίσω
1802 2739 1929 2776 εἴκοσιν
1942 2739 2082 2787 ἡμερῶν·
2104 2739 2123 2775 ὃ
2137 2739 2192 2776 καὶ
2205 2740 2330 2786 κατώρ·

1292 2794 1383 2829 θωσε
1415 2794 1469 2828 διὰ
1503 2794 1541 2828 τὸ
1578 2794 1725 2829 πλεῖστα
1761 2794 1821 2838 τῆς
1856 2792 2018 2829 ἁλώσεως
2055 2791 2331 2839 προπεπονῆσθσι

1293 2845 1513 2891 Δημοσθένει.
1542 2845 1628 2880 ἔοικε
1642 2846 1678 2880 δέ
1697 2846 1740 2882 ὧς
1759 2845 1814 2881 ἐπὶ
1826 2844 1931 2881 οἰκίας
1948 2845 2149 2889 δεσποτικῆς
2161 2842 2331 2879 ποιεῖσθαι

1292 2900 1349 2933 τὸν
1370 2900 1487 2945 λόγον.
1517 2895 1565 2942 εἴη
1589 2897 1617 2932 δ’
1637 2897 1677 2932 ἂν
1699 2898 1866 2941 δεσπότης
1887 2899 1906 2932 ὁ
1925 2898 2048 2941 Δῆμος,
2068 2896 2156 2931 οἷκία
2177 2895 2197 2940 ἡ
2215 2897 2329 2931 πόλις.

1292 2950 1414 2986 οἰκέται
1433 2951 1469 2984 δὲ
1488 2949 1546 2985 δύο
1565 2951 1625 2985 τοῦ
1644 2948 1759 2995 Δῆμου
1776 2948 2033 2996 προλογίζουσι,
2053 2951 2158 2985 κακῶς
2175 2948 2329 2993 πάσχον-

1292 3017 1345 3038 τες
1367 3003 1431 3037 ὑπὸ
1457 3002 1622 3038 Κλέωνος.
1653 3004 1672 3037 ὁ
1696 3002 1732 3038 δὲ
1755 3002 1859 3048 χορὸς
1880 3001 1916 3036 ἐκ
1939 3004 2006 3036 τῶν
2024 3001 2150 3036 ἱππέων
2175 2999 2280 3039 ἐστὶν,
2300 2995 2331 3034 οἳ

1292 3055 1345 3088 καὶ
1360 3054 1546 3099 ἐζημίωσαν
1559 3055 1617 3089 τὸν
1631 3054 1770 3089 Κλέωνα
1782 3053 1880 3089 πέντε
1892 3054 2068 3088 ταλάντοις
2079 3052 2134 3087 ἐπὶ
2148 3051 2330 3098 δωροδοκίᾳ

1292 3107 1427 3141 ἁλόντα.
1457 3107 1598 3152 λέγουσι
1626 3107 1662 3141 δὲ
1688 3109 1755 3141 τῶν
1780 3105 1916 3140 οἰκετῶν
1941 3105 1999 3139 τὸν
2021 3105 2082 3149 μὲν
2107 3100 2189 3138 εἶναι
2216 3108 2328 3148 Δημο-

1292 3158 1424 3202 σθένην,
1442 3160 1500 3192 τὸν
1518 3159 1554 3192 δὲ
1573 3158 1702 3198 Νικίαν,
1722 3156 1776 3193 ἵνα
1793 3157 1860 3192 ὦσι
1877 3157 2060 3203 δημηγόροι
2077 3156 2110 3190 οἶ
2128 3154 2199 3190 δύο.

1342 3209 1524 3255 Ἐδιδάχθη
1539 3211 1577 3244 τὸ
1596 3211 1704 3256 δρᾶμα
1718 3210 1773 3245 ἐπὶ
1791 3211 2037 3255 Στρατοκλέους
2050 3207 2213 3253 ἄρχοντος
2226 3207 2328 3252 δημο-

1292 3262 1352 3308 σίᾳ
1379 3262 1425 3298 εἷς
1453 3261 1587 3306 Λήναια,
1613 3261 1654 3296 δι’
1679 3262 1781 3297 αὐτοῦ
1805 3263 1866 3296 τοῦ
1890 3260 2171 3307 Ἀριστοφάνους.
2199 3263 2330 3306 πρῶτος

1291 3315 1392 3349 ἐνίκα·
1423 3313 1577 3360 δεύτερος
1589 3316 1750 3360 Κρατῖνος
1764 3312 1936 3360 Σατύροις·
1964 3312 2076 3359 τρίτος
2091 3310 2329 3358 Ἀριστομένης

1291 3366 1507 3412 ’,Υλοφόροιςκ

1341 3417 1470 3453 Ἰστέον
1496 3418 1547 3452 ὅτι
1575 3417 1622 3454 εἷς
1648 3418 1789 3465 τέτταρα
1814 3417 1898 3464 μέρη
1924 3415 2058 3463 διῄρητο
2085 3417 2105 3450 ὁ
2131 3415 2234 3460 δῆμος
2260 3418 2327 3450 τῶν

1291 3469 1483 3515 Ἀθηναίων,
1517 3470 1564 3505 εἷς
1602 3469 1993 3515 πεντακοσιομεδίμνους,
2025 3467 2073 3505 εἷς
2111 3467 2242 3509 ἱππέας,
2279 3466 2326 3504 εἷς

1291 3522 1440 3569 ζευγίτας
1459 3522 1512 3556 καὶ
1528 3521 1575 3557 εἷς
1594 3521 1706 3566 θῆτας.
