<?xml version="1.0" encoding="UTF-8"?>
<!DOCTYPE html PUBLIC "-//W3C//DTD XHTML 1.0 Transitional//EN"
    "http://www.w3.org/TR/xhtml1/DTD/xhtml1-transitional.dtd">
<html xmlns="http://www.w3.org/1999/xhtml" xml:lang="en" lang="en">
 <head>
  <title>
</title>
<meta http-equiv="Content-Type" content="text/html;charset=utf-8" />
  <meta name='ocr-system' content='tesseract 3.04.00' />
  <meta name='ocr-capabilities' content='ocr_page ocr_carea ocr_par ocr_line ocrx_word'/>
</head>
<body>
  <div class='ocr_page' id='page_1' title='image "./poetarumscenicor00dinduoft_0304.png"; bbox 0 0 2488 3860; ppageno 0'>
   <div class='ocr_carea' id='block_1_1' title="bbox 247 276 329 319">
    <p class='ocr_par' dir='ltr' id='par_1_1' title="bbox 247 276 329 319">
     <span class='ocr_line' id='line_1_1' title="bbox 247 276 329 319; baseline -0.012 0"><span class='ocrx_word' id='word_1_1' title='bbox 247 276 329 319; x_wconf 74' lang='lat' dir='ltr'>29ss</span> 
     </span>
    </p>
   </div>
   <div class='ocr_carea' id='block_1_2' title="bbox 232 693 301 724">
    <p class='ocr_par' dir='ltr' id='par_1_2' title="bbox 232 693 301 724">
     <span class='ocr_line' id='line_1_2' title="bbox 232 693 301 724; baseline -0.014 0"><span class='ocrx_word' id='word_1_2' title='bbox 232 693 301 724; x_wconf 88' lang='grc' dir='ltr'>ΧΟ.</span> 
     </span>
    </p>
   </div>
   <div class='ocr_carea' id='block_1_3' title="bbox 234 799 307 831">
    <p class='ocr_par' dir='ltr' id='par_1_3' title="bbox 234 799 307 831">
     <span class='ocr_line' id='line_1_3' title="bbox 234 799 307 831; baseline 0.014 -2"><span class='ocrx_word' id='word_1_3' title='bbox 234 799 307 831; x_wconf 90' lang='grc' dir='ltr'>ΜΕ.</span> 
     </span>
    </p>
   </div>
   <div class='ocr_carea' id='block_1_4' title="bbox 227 1741 305 1772">
    <p class='ocr_par' dir='ltr' id='par_1_4' title="bbox 227 1741 305 1772">
     <span class='ocr_line' id='line_1_4' title="bbox 227 1741 305 1772; baseline -0.013 0"><span class='ocrx_word' id='word_1_4' title='bbox 227 1741 305 1772; x_wconf 88' lang='grc' dir='ltr'>ΠΗ.</span> 
     </span>
    </p>
   </div>
   <div class='ocr_carea' id='block_1_5' title="bbox 226 1899 298 1931">
    <p class='ocr_par' dir='ltr' id='par_1_5' title="bbox 226 1899 298 1931">
     <span class='ocr_line' id='line_1_5' title="bbox 226 1899 298 1931; baseline 0.014 -1"><span class='ocrx_word' id='word_1_5' title='bbox 226 1899 298 1931; x_wconf 87' lang='grc' dir='ltr'>ΑΝ.</span> 
     </span>
    </p>
   </div>
   <div class='ocr_carea' id='block_1_6' title="bbox 223 2269 301 2299">
    <p class='ocr_par' dir='ltr' id='par_1_6' title="bbox 223 2269 301 2299">
     <span class='ocr_line' id='line_1_6' title="bbox 223 2269 301 2299; baseline 0 0"><span class='ocrx_word' id='word_1_6' title='bbox 223 2269 301 2299; x_wconf 86' lang='grc' dir='ltr'>ΠΗ.</span> 
     </span>
    </p>
   </div>
   <div class='ocr_carea' id='block_1_7' title="bbox 221 2738 292 2771">
    <p class='ocr_par' dir='ltr' id='par_1_7' title="bbox 221 2738 292 2771">
     <span class='ocr_line' id='line_1_7' title="bbox 221 2738 292 2771; baseline 0 -1"><span class='ocrx_word' id='word_1_7' title='bbox 221 2738 292 2771; x_wconf 83' lang='lat' dir='ltr'>XO.</span> 
     </span>
    </p>
   </div>
   <div class='ocr_carea' id='block_1_8' title="bbox 1137 274 1466 314">
    <p class='ocr_par' dir='ltr' id='par_1_8' title="bbox 1137 274 1466 314">
     <span class='ocr_line' id='line_1_8' title="bbox 1137 274 1466 314; baseline 0 -2"><span class='ocrx_word' id='word_1_8' title='bbox 1137 274 1466 314; x_wconf 74' lang='grc' dir='ltr'>ΕΥΡΙΠΙΔΟΥ</span> 
     </span>
    </p>
   </div>
   <div class='ocr_carea' id='block_1_9' title="bbox 319 374 1259 2730">
    <p class='ocr_par' dir='ltr' id='par_1_9' title="bbox 333 374 1187 736">
     <span class='ocr_line' id='line_1_9' title="bbox 335 374 980 421; baseline 0.002 -11"><span class='ocrx_word' id='word_1_9' title='bbox 335 375 355 421; x_wconf 87' lang='grc' dir='ltr'>ἢ</span> <span class='ocrx_word' id='word_1_10' title='bbox 373 374 418 420; x_wconf 84' lang='grc' dir='ltr'>μὴ</span> <span class='ocrx_word' id='word_1_11' title='bbox 437 374 538 421; x_wconf 82' lang='grc' dir='ltr'>ξίφος</span> <span class='ocrx_word' id='word_1_12' title='bbox 554 374 701 417; x_wconf 86' lang='grc' dir='ltr'>λαβοῦσ’</span> <span class='ocrx_word' id='word_1_13' title='bbox 721 374 921 420; x_wconf 81' lang='grc' dir='ltr'>ἀμυνάθοιτό</span> <span class='ocrx_word' id='word_1_14' title='bbox 938 390 980 411; x_wconf 85' lang='grc' dir='ltr'>σε</span> 
     </span>
     <span class='ocr_line' id='line_1_10' title="bbox 336 424 1121 475; baseline 0.003 -12"><span class='ocrx_word' id='word_1_15' title='bbox 336 428 492 467; x_wconf 79' lang='grc' dir='ltr'>ἕδεισας,·</span> <span class='ocrx_word' id='word_1_16' title='bbox 520 426 599 473; x_wconf 82' lang='grc' dir='ltr'>ἕρπε</span> <span class='ocrx_word' id='word_1_17' title='bbox 617 424 706 474; x_wconf 82' lang='grc' dir='ltr'>δεῦρ’</span> <span class='ocrx_word' id='word_1_18' title='bbox 727 426 783 463; x_wconf 78' lang='grc' dir='ltr'>ὑπ’</span> <span class='ocrx_word' id='word_1_19' title='bbox 802 427 961 475; x_wconf 80' lang='grc' dir='ltr'>ἀγκάλας,</span> <span class='ocrx_word' id='word_1_20' title='bbox 980 428 1121 475; x_wconf 83' lang='grc' dir='ltr'>βρέφος,</span> 
     </span>
     <span class='ocr_line' id='line_1_11' title="bbox 336 479 1040 527; baseline 0 -12"><span class='ocrx_word' id='word_1_21' title='bbox 336 479 463 523; x_wconf 82' lang='grc' dir='ltr'>ξύλλυε</span> <span class='ocrx_word' id='word_1_22' title='bbox 479 479 588 524; x_wconf 80' lang='grc' dir='ltr'>δεσμὰ</span> <span class='ocrx_word' id='word_1_23' title='bbox 604 481 738 526; x_wconf 89' lang='grc' dir='ltr'>μητρός·</span> <span class='ocrx_word' id='word_1_24' title='bbox 765 479 801 515; x_wconf 88' lang='grc' dir='ltr'>ἐν</span> <span class='ocrx_word' id='word_1_25' title='bbox 818 480 903 527; x_wconf 78' lang='grc' dir='ltr'>Φθίᾳ</span> <span class='ocrx_word' id='word_1_26' title='bbox 921 481 955 515; x_wconf 85' lang='grc' dir='ltr'>σ“</span> <span class='ocrx_word' id='word_1_27' title='bbox 975 481 1040 526; x_wconf 79' lang='grc' dir='ltr'>ἐγὼ</span> 
     </span>
     <span class='ocr_line' id='line_1_12' title="bbox 336 530 1187 579; baseline 0.002 -13"><span class='ocrx_word' id='word_1_28' title='bbox 336 532 455 578; x_wconf 79' lang='grc' dir='ltr'>θρέψω</span> <span class='ocrx_word' id='word_1_29' title='bbox 473 531 578 578; x_wconf 92' lang='grc' dir='ltr'>μέγαν</span> <span class='ocrx_word' id='word_1_30' title='bbox 593 530 702 566; x_wconf 77' lang='grc' dir='ltr'>τοῖσδ’</span> <span class='ocrx_word' id='word_1_31' title='bbox 721 531 854 579; x_wconf 75' lang='grc' dir='ltr'>ἐχθρόν.</span> <span class='ocrx_word' id='word_1_32' title='bbox 891 533 921 568; x_wconf 86' lang='grc' dir='ltr'>εἶ</span> <span class='ocrx_word' id='word_1_33' title='bbox 939 534 967 568; x_wconf 83' lang='grc' dir='ltr'>δ’</span> <span class='ocrx_word' id='word_1_34' title='bbox 986 533 1074 577; x_wconf 85' lang='grc' dir='ltr'>ἀπῆν</span> <span class='ocrx_word' id='word_1_35' title='bbox 1090 534 1187 579; x_wconf 85' lang='grc' dir='ltr'>δορὸς</span> 
     </span>
     <span class='ocr_line' id='line_1_13' title="bbox 335 583 1051 631; baseline 0 -12"><span class='ocrx_word' id='word_1_36' title='bbox 335 587 404 619; x_wconf 88' lang='grc' dir='ltr'>τοῖς</span> <span class='ocrx_word' id='word_1_37' title='bbox 422 585 640 628; x_wconf 80' lang='grc' dir='ltr'>Σπαρτιάταις</span> <span class='ocrx_word' id='word_1_38' title='bbox 658 583 740 627; x_wconf 82' lang='grc' dir='ltr'>δόξα</span> <span class='ocrx_word' id='word_1_39' title='bbox 758 585 811 619; x_wconf 86' lang='grc' dir='ltr'>καὶ</span> <span class='ocrx_word' id='word_1_40' title='bbox 827 587 936 630; x_wconf 84' lang='grc' dir='ltr'>μάχης</span> <span class='ocrx_word' id='word_1_41' title='bbox 950 586 1051 631; x_wconf 81' lang='grc' dir='ltr'>ἀγὼν,</span> 
     </span>
     <span class='ocr_line' id='line_1_14' title="bbox 333 634 993 681; baseline 0.003 -10"><span class='ocrx_word' id='word_1_42' title='bbox 333 635 432 671; x_wconf 70' lang='grc' dir='ltr'>τᾶλλ’</span> <span class='ocrx_word' id='word_1_43' title='bbox 452 635 543 672; x_wconf 81' lang='grc' dir='ltr'>ὅντες</span> <span class='ocrx_word' id='word_1_44' title='bbox 559 634 635 671; x_wconf 68' lang='lat' dir='ltr'><em>&#39;lo-re</em></span> <span class='ocrx_word' id='word_1_45' title='bbox 653 637 791 681; x_wconf 89' lang='grc' dir='ltr'>μηδενὸς</span> <span class='ocrx_word' id='word_1_46' title='bbox 807 638 993 679; x_wconf 79' lang='grc' dir='ltr'>βελτίονες.</span> 
     </span>
     <span class='ocr_line' id='line_1_15' title="bbox 334 688 985 736; baseline 0.002 -13"><span class='ocrx_word' id='word_1_47' title='bbox 334 688 502 734; x_wconf 84' lang='grc' dir='ltr'>ἀνειμένον</span> <span class='ocrx_word' id='word_1_48' title='bbox 518 702 551 723; x_wconf 89' lang='grc' dir='ltr'>τι</span> <span class='ocrx_word' id='word_1_49' title='bbox 567 691 682 735; x_wconf 87' lang='grc' dir='ltr'>χρῆμα</span> <span class='ocrx_word' id='word_1_50' title='bbox 698 690 902 735; x_wconf 85' lang='grc' dir='ltr'>πρεσβυτῶν</span> <span class='ocrx_word' id='word_1_51' title='bbox 920 690 985 736; x_wconf 83' lang='grc' dir='ltr'>ἕφυ</span> 
     </span>
    </p>

    <p class='ocr_par' dir='ltr' id='par_1_10' title="bbox 335 740 936 787">
     <span class='ocr_line' id='line_1_16' title="bbox 335 740 936 787; baseline -0.002 -11"><span class='ocrx_word' id='word_1_52' title='bbox 335 742 388 776; x_wconf 78' lang='grc' dir='ltr'>καὶ</span> <span class='ocrx_word' id='word_1_53' title='bbox 406 740 647 787; x_wconf 84' lang='grc' dir='ltr'>δυσφύλακτον</span> <span class='ocrx_word' id='word_1_54' title='bbox 663 740 844 786; x_wconf 84' lang='grc' dir='ltr'>ὀξυθυμίας</span> <span class='ocrx_word' id='word_1_55' title='bbox 861 740 936 777; x_wconf 79' lang='grc' dir='ltr'>ὕπο.</span> 
     </span>
    </p>

    <p class='ocr_par' dir='ltr' id='par_1_11' title="bbox 335 793 1023 841">
     <span class='ocr_line' id='line_1_17' title="bbox 335 793 1023 841; baseline 0 -14"><span class='ocrx_word' id='word_1_56' title='bbox 335 793 420 840; x_wconf 74' lang='grc' dir='ltr'>ἄγαν</span> <span class='ocrx_word' id='word_1_57' title='bbox 435 793 612 840; x_wconf 89' lang='grc' dir='ltr'>προνωπὴς</span> <span class='ocrx_word' id='word_1_58' title='bbox 630 793 664 829; x_wconf 88' lang='grc' dir='ltr'>ἐς</span> <span class='ocrx_word' id='word_1_59' title='bbox 680 794 719 828; x_wconf 89' lang='grc' dir='ltr'>τὸ</span> <span class='ocrx_word' id='word_1_60' title='bbox 736 794 903 841; x_wconf 80' lang='grc' dir='ltr'>λοιδορεῖν</span> <span class='ocrx_word' id='word_1_61' title='bbox 916 794 1023 840; x_wconf 89' lang='grc' dir='ltr'>φέρει-</span> 
     </span>
    </p>

    <p class='ocr_par' dir='ltr' id='par_1_12' title="bbox 330 845 1126 1207">
     <span class='ocr_line' id='line_1_18' title="bbox 332 845 1053 892; baseline -0.001 -11"><span class='ocrx_word' id='word_1_62' title='bbox 332 847 399 892; x_wconf 84' lang='grc' dir='ltr'>ἐγὼ</span> <span class='ocrx_word' id='word_1_63' title='bbox 417 845 454 881; x_wconf 80' lang='grc' dir='ltr'>δὲ</span> <span class='ocrx_word' id='word_1_64' title='bbox 471 846 556 892; x_wconf 87' lang='grc' dir='ltr'>πρὸς</span> <span class='ocrx_word' id='word_1_65' title='bbox 573 845 654 888; x_wconf 85' lang='grc' dir='ltr'>βίαν</span> <span class='ocrx_word' id='word_1_66' title='bbox 670 846 742 891; x_wconf 83' lang='grc' dir='ltr'>μὲν,</span> <span class='ocrx_word' id='word_1_67' title='bbox 760 845 796 882; x_wconf 84' lang='grc' dir='ltr'>ἐς</span> <span class='ocrx_word' id='word_1_68' title='bbox 814 846 917 881; x_wconf 85' lang='grc' dir='ltr'>Φθίαν</span> <span class='ocrx_word' id='word_1_69' title='bbox 929 847 1053 891; x_wconf 85' lang='grc' dir='ltr'>μολὼν,</span> 
     </span>
     <span class='ocr_line' id='line_1_19' title="bbox 332 896 1120 945; baseline -0.001 -12"><span class='ocrx_word' id='word_1_70' title='bbox 332 897 403 933; x_wconf 79' lang='grc' dir='ltr'>οὔτ’</span> <span class='ocrx_word' id='word_1_71' title='bbox 423 896 481 933; x_wconf 79' lang='grc' dir='ltr'>οὖν</span> <span class='ocrx_word' id='word_1_72' title='bbox 498 912 531 933; x_wconf 86' lang='grc' dir='ltr'>τι</span> <span class='ocrx_word' id='word_1_73' title='bbox 549 898 664 945; x_wconf 83' lang='grc' dir='ltr'>δράσω</span> <span class='ocrx_word' id='word_1_74' title='bbox 683 899 839 944; x_wconf 87' lang='grc' dir='ltr'>φλαῦρον</span> <span class='ocrx_word' id='word_1_75' title='bbox 856 901 932 933; x_wconf 79' lang='grc' dir='ltr'>οὔτε</span> <span class='ocrx_word' id='word_1_76' title='bbox 949 897 1120 943; x_wconf 86' lang='grc' dir='ltr'>πείσομαι.</span> 
     </span>
     <span class='ocr_line' id='line_1_20' title="bbox 335 950 1106 997; baseline -0.001 -11"><span class='ocrx_word' id='word_1_77' title='bbox 335 951 388 986; x_wconf 79' lang='grc' dir='ltr'>καὶ</span> <span class='ocrx_word' id='word_1_78' title='bbox 406 953 464 986; x_wconf 87' lang='grc' dir='ltr'>νῦν</span> <span class='ocrx_word' id='word_1_79' title='bbox 480 951 551 995; x_wconf 80' lang='grc' dir='ltr'>μὲν,</span> <span class='ocrx_word' id='word_1_80' title='bbox 570 951 609 984; x_wconf 84' lang='grc' dir='ltr'>οὗ</span> <span class='ocrx_word' id='word_1_81' title='bbox 626 951 691 997; x_wconf 84' lang='grc' dir='ltr'>γὰρ</span> <span class='ocrx_word' id='word_1_82' title='bbox 709 950 860 996; x_wconf 77' lang='grc' dir='ltr'>ἄφθονον</span> <span class='ocrx_word' id='word_1_83' title='bbox 877 950 1009 996; x_wconf 88' lang='grc' dir='ltr'>σχολὴν</span> <span class='ocrx_word' id='word_1_84' title='bbox 1027 951 1106 996; x_wconf 82' lang='grc' dir='ltr'>ἔχω,</span> 
     </span>
     <span class='ocr_line' id='line_1_21' title="bbox 330 1001 1073 1050; baseline -0.001 -12"><span class='ocrx_word' id='word_1_85' title='bbox 330 1002 440 1049; x_wconf 72' lang='grc' dir='ltr'>ἄπειμ’</span> <span class='ocrx_word' id='word_1_86' title='bbox 456 1003 490 1039; x_wconf 89' lang='grc' dir='ltr'>ἐς</span> <span class='ocrx_word' id='word_1_87' title='bbox 507 1001 627 1038; x_wconf 77' lang='grc' dir='ltr'>οἴκους·</span> <span class='ocrx_word' id='word_1_88' title='bbox 655 1004 730 1038; x_wconf 81' lang='grc' dir='ltr'>ἔστι</span> <span class='ocrx_word' id='word_1_89' title='bbox 747 1003 813 1050; x_wconf 89' lang='grc' dir='ltr'>γάρ</span> <span class='ocrx_word' id='word_1_90' title='bbox 831 1017 881 1039; x_wconf 94' lang='grc' dir='ltr'>τις</span> <span class='ocrx_word' id='word_1_91' title='bbox 898 1003 937 1037; x_wconf 86' lang='grc' dir='ltr'>οὐ</span> <span class='ocrx_word' id='word_1_92' title='bbox 955 1004 1073 1047; x_wconf 90' lang='grc' dir='ltr'>πρόσω</span> 
     </span>
     <span class='ocr_line' id='line_1_22' title="bbox 332 1053 1126 1102; baseline -0.004 -11"><span class='ocrx_word' id='word_1_93' title='bbox 332 1057 483 1102; x_wconf 82' lang='grc' dir='ltr'>Σπάρτης</span> <span class='ocrx_word' id='word_1_94' title='bbox 499 1056 599 1091; x_wconf 82' lang='grc' dir='ltr'>πόλις</span> <span class='ocrx_word' id='word_1_95' title='bbox 616 1070 677 1099; x_wconf 91' lang='grc' dir='ltr'>τις,</span> <span class='ocrx_word' id='word_1_96' title='bbox 696 1054 716 1100; x_wconf 81' lang='grc' dir='ltr'>ἢ</span> <span class='ocrx_word' id='word_1_97' title='bbox 734 1056 800 1100; x_wconf 89' lang='grc' dir='ltr'>πρὸ</span> <span class='ocrx_word' id='word_1_98' title='bbox 817 1057 876 1090; x_wconf 87' lang='grc' dir='ltr'>τοῦ</span> <span class='ocrx_word' id='word_1_99' title='bbox 894 1055 954 1100; x_wconf 85' lang='grc' dir='ltr'>μὲν</span> <span class='ocrx_word' id='word_1_100' title='bbox 972 1053 1011 1098; x_wconf 76' lang='grc' dir='ltr'>ἦν</span> <span class='ocrx_word' id='word_1_101' title='bbox 1029 1055 1126 1100; x_wconf 86' lang='grc' dir='ltr'>φίλη,</span> 
     </span>
     <span class='ocr_line' id='line_1_23' title="bbox 332 1106 1119 1154; baseline -0.003 -11"><span class='ocrx_word' id='word_1_102' title='bbox 332 1111 390 1143; x_wconf 88' lang='grc' dir='ltr'>νῦν</span> <span class='ocrx_word' id='word_1_103' title='bbox 406 1106 438 1143; x_wconf 83' lang='grc' dir='ltr'>δ’</span> <span class='ocrx_word' id='word_1_104' title='bbox 458 1107 563 1154; x_wconf 87' lang='grc' dir='ltr'>ἐχθρὰ</span> <span class='ocrx_word' id='word_1_105' title='bbox 580 1110 678 1143; x_wconf 90' lang='grc' dir='ltr'>ποιεῖ·</span> <span class='ocrx_word' id='word_1_106' title='bbox 705 1107 796 1152; x_wconf 87' lang='grc' dir='ltr'>τήνδ’</span> <span class='ocrx_word' id='word_1_107' title='bbox 815 1106 1010 1150; x_wconf 79' lang='grc' dir='ltr'>ἐπεξελθεῖν</span> <span class='ocrx_word' id='word_1_108' title='bbox 1029 1106 1119 1142; x_wconf 88' lang='grc' dir='ltr'>θέλω</span> 
     </span>
     <span class='ocr_line' id='line_1_24' title="bbox 332 1159 995 1207; baseline -0.005 -11"><span class='ocrx_word' id='word_1_109' title='bbox 332 1159 611 1207; x_wconf 83' lang='grc' dir='ltr'>στρατηλατήσας</span> <span class='ocrx_word' id='word_1_110' title='bbox 627 1159 845 1206; x_wconf 82' lang='grc' dir='ltr'>χῦποχείριον</span> <span class='ocrx_word' id='word_1_111' title='bbox 863 1160 995 1201; x_wconf 84' lang='grc' dir='ltr'>λαβεῖν.</span> 
     </span>
    </p>

    <p class='ocr_par' dir='ltr' id='par_1_13' title="bbox 335 1211 1003 1258">
     <span class='ocr_line' id='line_1_25' title="bbox 335 1211 1003 1258; baseline 0 -11"><span class='ocrx_word' id='word_1_112' title='bbox 335 1212 416 1249; x_wconf 83' lang='grc' dir='ltr'>ὅταν</span> <span class='ocrx_word' id='word_1_113' title='bbox 433 1213 469 1247; x_wconf 82' lang='grc' dir='ltr'>δὲ</span> <span class='ocrx_word' id='word_1_114' title='bbox 486 1212 579 1247; x_wconf 87' lang='grc' dir='ltr'>τάκεῖ</span> <span class='ocrx_word' id='word_1_115' title='bbox 597 1211 644 1246; x_wconf 90' lang='grc' dir='ltr'>θῶ</span> <span class='ocrx_word' id='word_1_116' title='bbox 662 1213 743 1246; x_wconf 88' lang='grc' dir='ltr'>κατὰ</span> <span class='ocrx_word' id='word_1_117' title='bbox 761 1212 894 1258; x_wconf 83' lang='grc' dir='ltr'>γνώμην</span> <span class='ocrx_word' id='word_1_118' title='bbox 912 1212 1003 1257; x_wconf 83' lang='grc' dir='ltr'>ἐμὴν,</span> 
     </span>
    </p>

    <p class='ocr_par' dir='ltr' id='par_1_14' title="bbox 330 1264 1107 1573">
     <span class='ocr_line' id='line_1_26' title="bbox 330 1264 1073 1312; baseline -0.001 -12"><span class='ocrx_word' id='word_1_119' title='bbox 330 1265 413 1310; x_wconf 80' lang='grc' dir='ltr'>ἥξω.</span> <span class='ocrx_word' id='word_1_120' title='bbox 450 1265 564 1312; x_wconf 82' lang='grc' dir='ltr'>παρὼν</span> <span class='ocrx_word' id='word_1_121' title='bbox 582 1264 618 1298; x_wconf 81' lang='grc' dir='ltr'>δὲ</span> <span class='ocrx_word' id='word_1_122' title='bbox 635 1265 719 1311; x_wconf 87' lang='grc' dir='ltr'>πρὸς</span> <span class='ocrx_word' id='word_1_123' title='bbox 734 1266 900 1310; x_wconf 87' lang='grc' dir='ltr'>παρόντας</span> <span class='ocrx_word' id='word_1_124' title='bbox 918 1265 1073 1310; x_wconf 84' lang='grc' dir='ltr'>ἐμφανῶς</span> 
     </span>
     <span class='ocr_line' id='line_1_27' title="bbox 331 1316 1061 1364; baseline -0.004 -11"><span class='ocrx_word' id='word_1_125' title='bbox 331 1317 504 1364; x_wconf 83' lang='grc' dir='ltr'>γαμβροὺς</span> <span class='ocrx_word' id='word_1_126' title='bbox 521 1316 645 1359; x_wconf 80' lang='grc' dir='ltr'>διδάξω</span> <span class='ocrx_word' id='word_1_127' title='bbox 664 1317 716 1351; x_wconf 80' lang='grc' dir='ltr'>καὶ</span> <span class='ocrx_word' id='word_1_128' title='bbox 735 1316 908 1361; x_wconf 81' lang='grc' dir='ltr'>διδάξομαι</span> <span class='ocrx_word' id='word_1_129' title='bbox 926 1317 1061 1363; x_wconf 88' lang='grc' dir='ltr'>λόγους.</span> 
     </span>
     <span class='ocr_line' id='line_1_28' title="bbox 332 1366 1035 1415; baseline -0.003 -10"><span class='ocrx_word' id='word_1_130' title='bbox 332 1370 392 1405; x_wconf 85' lang='grc' dir='ltr'>κᾶν</span> <span class='ocrx_word' id='word_1_131' title='bbox 408 1370 469 1415; x_wconf 83' lang='grc' dir='ltr'>μὲν</span> <span class='ocrx_word' id='word_1_132' title='bbox 487 1369 611 1413; x_wconf 83' lang='grc' dir='ltr'>κολάζῃ</span> <span class='ocrx_word' id='word_1_133' title='bbox 630 1368 736 1413; x_wconf 80' lang='grc' dir='ltr'>τήνδε,</span> <span class='ocrx_word' id='word_1_134' title='bbox 753 1369 806 1403; x_wconf 85' lang='grc' dir='ltr'>καὶ</span> <span class='ocrx_word' id='word_1_135' title='bbox 823 1369 862 1402; x_wconf 87' lang='grc' dir='ltr'>τὸ</span> <span class='ocrx_word' id='word_1_136' title='bbox 879 1366 1035 1413; x_wconf 83' lang='grc' dir='ltr'>λοιπὸνῇ</span> 
     </span>
     <span class='ocr_line' id='line_1_29' title="bbox 330 1419 1107 1469; baseline -0.004 -12"><span class='ocrx_word' id='word_1_137' title='bbox 330 1423 480 1469; x_wconf 86' lang='grc' dir='ltr'>σώφρων</span> <span class='ocrx_word' id='word_1_138' title='bbox 498 1420 569 1457; x_wconf 87' lang='grc' dir='ltr'>καθ’</span> <span class='ocrx_word' id='word_1_139' title='bbox 588 1420 684 1466; x_wconf 83' lang='grc' dir='ltr'>ἡμᾶς,</span> <span class='ocrx_word' id='word_1_140' title='bbox 703 1419 856 1467; x_wconf 82' lang='grc' dir='ltr'>σώφρον’</span> <span class='ocrx_word' id='word_1_141' title='bbox 875 1420 1107 1467; x_wconf 77' lang='grc' dir='ltr'>ἀντιλήψεται.</span> 
     </span>
     <span class='ocr_line' id='line_1_30' title="bbox 332 1472 997 1520; baseline -0.002 -11"><span class='ocrx_word' id='word_1_142' title='bbox 332 1473 534 1520; x_wconf 78' lang='grc' dir='ltr'>θυμούμενος</span> <span class='ocrx_word' id='word_1_143' title='bbox 553 1473 589 1508; x_wconf 86' lang='grc' dir='ltr'>δὲ</span> <span class='ocrx_word' id='word_1_144' title='bbox 607 1472 757 1516; x_wconf 83' lang='grc' dir='ltr'>τεύξεται</span> <span class='ocrx_word' id='word_1_145' title='bbox 775 1472 997 1518; x_wconf 85' lang='grc' dir='ltr'>θυμουμένων,</span> 
     </span>
     <span class='ocr_line' id='line_1_31' title="bbox 330 1523 1015 1573; baseline -0.003 -12"><span class='ocrx_word' id='word_1_146' title='bbox 330 1527 462 1573; x_wconf 75' lang='grc' dir='ltr'>ἔργοισι</span> <span class='ocrx_word' id='word_1_147' title='bbox 481 1524 511 1561; x_wconf 92' lang='grc' dir='ltr'>δ’</span> <span class='ocrx_word' id='word_1_148' title='bbox 533 1526 616 1572; x_wconf 78' lang='grc' dir='ltr'>ἔργα</span> <span class='ocrx_word' id='word_1_149' title='bbox 633 1524 762 1571; x_wconf 79' lang='grc' dir='ltr'>διάδοχ’</span> <span class='ocrx_word' id='word_1_150' title='bbox 781 1523 1015 1572; x_wconf 81' lang='grc' dir='ltr'>ἀντιλήψεται.</span> 
     </span>
    </p>

    <p class='ocr_par' dir='ltr' id='par_1_15' title="bbox 330 1577 1178 1888">
     <span class='ocr_line' id='line_1_32' title="bbox 330 1577 1048 1625; baseline -0.004 -11"><span class='ocrx_word' id='word_1_151' title='bbox 330 1580 407 1615; x_wconf 83' lang='grc' dir='ltr'>τοὺς</span> <span class='ocrx_word' id='word_1_152' title='bbox 425 1578 507 1615; x_wconf 81' lang='grc' dir='ltr'>σοὺς</span> <span class='ocrx_word' id='word_1_153' title='bbox 525 1578 562 1613; x_wconf 82' lang='grc' dir='ltr'>δὲ</span> <span class='ocrx_word' id='word_1_154' title='bbox 579 1577 704 1623; x_wconf 80' lang='grc' dir='ltr'>μύθους</span> <span class='ocrx_word' id='word_1_155' title='bbox 719 1578 841 1625; x_wconf 83' lang='grc' dir='ltr'>ῥᾳδίως</span> <span class='ocrx_word' id='word_1_156' title='bbox 859 1578 926 1625; x_wconf 83' lang='grc' dir='ltr'>ἐγὼ</span> <span class='ocrx_word' id='word_1_157' title='bbox 943 1578 1048 1625; x_wconf 87' lang='grc' dir='ltr'>φέρω·</span> 
     </span>
     <span class='ocr_line' id='line_1_33' title="bbox 330 1630 1036 1678; baseline 0 -12"><span class='ocrx_word' id='word_1_158' title='bbox 330 1634 409 1678; x_wconf 81' lang='grc' dir='ltr'>σκιᾷ</span> <span class='ocrx_word' id='word_1_159' title='bbox 427 1632 493 1678; x_wconf 85' lang='grc' dir='ltr'>γὰρ</span> <span class='ocrx_word' id='word_1_160' title='bbox 512 1630 724 1676; x_wconf 87' lang='grc' dir='ltr'>ἀντίστοιχος</span> <span class='ocrx_word' id='word_1_161' title='bbox 741 1630 787 1665; x_wconf 82' lang='grc' dir='ltr'>ὢν</span> <span class='ocrx_word' id='word_1_162' title='bbox 804 1630 920 1676; x_wconf 90' lang='grc' dir='ltr'>φωνὴν</span> <span class='ocrx_word' id='word_1_163' title='bbox 937 1632 1036 1677; x_wconf 81' lang='grc' dir='ltr'>ἔχεις,</span> 
     </span>
     <span class='ocr_line' id='line_1_34' title="bbox 331 1682 1088 1730; baseline -0.003 -11"><span class='ocrx_word' id='word_1_164' title='bbox 331 1683 501 1725; x_wconf 84' lang='grc' dir='ltr'>ἀδύνατος,</span> <span class='ocrx_word' id='word_1_165' title='bbox 522 1683 618 1718; x_wconf 76' lang='grc' dir='ltr'>οὐδὲν</span> <span class='ocrx_word' id='word_1_166' title='bbox 635 1683 723 1718; x_wconf 76' lang='grc' dir='ltr'>ἄλλο</span> <span class='ocrx_word' id='word_1_167' title='bbox 740 1683 834 1727; x_wconf 88' lang='grc' dir='ltr'>πλὴν</span> <span class='ocrx_word' id='word_1_168' title='bbox 851 1682 964 1730; x_wconf 81' lang='grc' dir='ltr'>λέγειν</span> <span class='ocrx_word' id='word_1_169' title='bbox 979 1684 1088 1728; x_wconf 89' lang='grc' dir='ltr'>μόνον.</span> 
     </span>
     <span class='ocr_line' id='line_1_35' title="bbox 332 1734 1178 1783; baseline 0 -12"><span class='ocrx_word' id='word_1_170' title='bbox 332 1736 428 1783; x_wconf 83' lang='grc' dir='ltr'>ἡγοῦ,</span> <span class='ocrx_word' id='word_1_171' title='bbox 446 1736 574 1779; x_wconf 87' lang='grc' dir='ltr'>τέκνον,</span> <span class='ocrx_word' id='word_1_172' title='bbox 592 1750 650 1781; x_wconf 88' lang='grc' dir='ltr'>μοι</span> <span class='ocrx_word' id='word_1_173' title='bbox 667 1734 757 1782; x_wconf 81' lang='grc' dir='ltr'>δεῦρ’</span> <span class='ocrx_word' id='word_1_174' title='bbox 776 1734 834 1771; x_wconf 83' lang='grc' dir='ltr'>ὑπ’</span> <span class='ocrx_word' id='word_1_175' title='bbox 853 1736 1014 1782; x_wconf 86' lang='grc' dir='ltr'>ἀγκάλαις</span> <span class='ocrx_word' id='word_1_176' title='bbox 1032 1735 1178 1779; x_wconf 78' lang='grc' dir='ltr'>σταθεὶς,</span> 
     </span>
     <span class='ocr_line' id='line_1_36' title="bbox 332 1787 1052 1836; baseline -0.004 -11"><span class='ocrx_word' id='word_1_177' title='bbox 332 1789 377 1825; x_wconf 88' lang='grc' dir='ltr'>σύ</span> <span class='ocrx_word' id='word_1_178' title='bbox 394 1787 436 1830; x_wconf 82' lang='grc' dir='ltr'>τ’,</span> <span class='ocrx_word' id='word_1_179' title='bbox 458 1788 483 1823; x_wconf 78' lang='grc' dir='ltr'>ῶ</span> <span class='ocrx_word' id='word_1_180' title='bbox 501 1789 651 1824; x_wconf 87' lang='grc' dir='ltr'>τάλαινα·</span> <span class='ocrx_word' id='word_1_181' title='bbox 677 1787 835 1834; x_wconf 86' lang='grc' dir='ltr'>χείματος</span> <span class='ocrx_word' id='word_1_182' title='bbox 851 1789 917 1835; x_wconf 92' lang='grc' dir='ltr'>γὰρ</span> <span class='ocrx_word' id='word_1_183' title='bbox 935 1787 1052 1836; x_wconf 88' lang='grc' dir='ltr'>ἀγρίου</span> 
     </span>
     <span class='ocr_line' id='line_1_37' title="bbox 330 1839 1022 1888; baseline -0.003 -11"><span class='ocrx_word' id='word_1_184' title='bbox 330 1843 483 1888; x_wconf 84' lang='grc' dir='ltr'>τυχοῦσα</span> <span class='ocrx_word' id='word_1_185' title='bbox 500 1842 638 1887; x_wconf 90' lang='grc' dir='ltr'>λιμένας</span> <span class='ocrx_word' id='word_1_186' title='bbox 654 1839 756 1885; x_wconf 86' lang='grc' dir='ltr'>ἦλθες</span> <span class='ocrx_word' id='word_1_187' title='bbox 774 1841 821 1877; x_wconf 86' lang='grc' dir='ltr'>εἶς</span> <span class='ocrx_word' id='word_1_188' title='bbox 838 1840 1022 1886; x_wconf 85' lang='grc' dir='ltr'>εὖηνέμους.</span> 
     </span>
    </p>

    <p class='ocr_par' dir='ltr' id='par_1_16' title="bbox 326 1891 1126 1992">
     <span class='ocr_line' id='line_1_38' title="bbox 326 1891 1126 1942; baseline 0 -12"><span class='ocrx_word' id='word_1_189' title='bbox 326 1894 352 1930; x_wconf 77' lang='grc' dir='ltr'><em>ὦ</em></span> <span class='ocrx_word' id='word_1_190' title='bbox 371 1893 519 1942; x_wconf 85' lang='grc' dir='ltr'>πρέσβυ,</span> <span class='ocrx_word' id='word_1_191' title='bbox 536 1893 608 1929; x_wconf 89' lang='grc' dir='ltr'>θεοί</span> <span class='ocrx_word' id='word_1_192' title='bbox 625 1907 683 1929; x_wconf 93' lang='grc' dir='ltr'>σοι</span> <span class='ocrx_word' id='word_1_193' title='bbox 701 1894 790 1929; x_wconf 80' lang='grc' dir='ltr'>δοῖεν</span> <span class='ocrx_word' id='word_1_194' title='bbox 807 1891 844 1928; x_wconf 70' lang='grc' dir='ltr'>εὖ</span> <span class='ocrx_word' id='word_1_195' title='bbox 862 1894 915 1929; x_wconf 81' lang='grc' dir='ltr'>καὶ</span> <span class='ocrx_word' id='word_1_196' title='bbox 931 1896 1023 1928; x_wconf 88' lang='grc' dir='ltr'>τοῖσι</span> <span class='ocrx_word' id='word_1_197' title='bbox 1041 1895 1126 1934; x_wconf 86' lang='grc' dir='ltr'>σοῖς,</span> 
     </span>
     <span class='ocr_line' id='line_1_39' title="bbox 328 1945 1010 1992; baseline -0.001 -10"><span class='ocrx_word' id='word_1_198' title='bbox 328 1948 480 1983; x_wconf 89' lang='grc' dir='ltr'>σώσαντι</span> <span class='ocrx_word' id='word_1_199' title='bbox 498 1947 601 1982; x_wconf 91' lang='grc' dir='ltr'>παῖδα</span> <span class='ocrx_word' id='word_1_200' title='bbox 619 1946 700 1991; x_wconf 84' lang='grc' dir='ltr'>κάμὲ</span> <span class='ocrx_word' id='word_1_201' title='bbox 718 1946 777 1991; x_wconf 85' lang='grc' dir='ltr'>τὴν</span> <span class='ocrx_word' id='word_1_202' title='bbox 794 1945 1010 1992; x_wconf 90' lang='grc' dir='ltr'>δυσδαίμονα.</span> 
     </span>
    </p>

    <p class='ocr_par' dir='ltr' id='par_1_17' title="bbox 327 1999 904 2047">
     <span class='ocr_line' id='line_1_40' title="bbox 327 1999 904 2047; baseline -0.002 -13"><span class='ocrx_word' id='word_1_203' title='bbox 327 1999 390 2047; x_wconf 86' lang='grc' dir='ltr'>ὅρα</span> <span class='ocrx_word' id='word_1_204' title='bbox 408 1999 445 2034; x_wconf 81' lang='grc' dir='ltr'>δὲ</span> <span class='ocrx_word' id='word_1_205' title='bbox 462 1999 508 2044; x_wconf 87' lang='grc' dir='ltr'>μὴ</span> <span class='ocrx_word' id='word_1_206' title='bbox 526 2002 592 2047; x_wconf 76' lang='grc' dir='ltr'>νῷν</span> <span class='ocrx_word' id='word_1_207' title='bbox 610 1999 657 2035; x_wconf 85' lang='grc' dir='ltr'>εἷς</span> <span class='ocrx_word' id='word_1_208' title='bbox 676 1999 811 2046; x_wconf 81' lang='grc' dir='ltr'>ἐρημίαν</span> <span class='ocrx_word' id='word_1_209' title='bbox 825 1999 904 2034; x_wconf 86' lang='grc' dir='ltr'>ὁδοῦ</span> 
     </span>
    </p>

    <p class='ocr_par' dir='ltr' id='par_1_18' title="bbox 325 2050 1043 2152">
     <span class='ocr_line' id='line_1_41' title="bbox 326 2050 989 2098; baseline -0.002 -11"><span class='ocrx_word' id='word_1_210' title='bbox 326 2051 509 2097; x_wconf 81' lang='grc' dir='ltr'>πτήξαντες</span> <span class='ocrx_word' id='word_1_211' title='bbox 527 2050 597 2087; x_wconf 83' lang='grc' dir='ltr'>οἶδε</span> <span class='ocrx_word' id='word_1_212' title='bbox 613 2051 698 2098; x_wconf 79' lang='grc' dir='ltr'>πρὸς</span> <span class='ocrx_word' id='word_1_213' title='bbox 713 2052 793 2094; x_wconf 88' lang='grc' dir='ltr'>βίαν</span> <span class='ocrx_word' id='word_1_214' title='bbox 810 2052 921 2098; x_wconf 79' lang='grc' dir='ltr'>ἰίγωσί</span> <span class='ocrx_word' id='word_1_215' title='bbox 937 2067 989 2096; x_wconf 92' lang='grc' dir='ltr'>με,</span> 
     </span>
     <span class='ocr_line' id='line_1_42' title="bbox 325 2103 1043 2152; baseline 0 -13"><span class='ocrx_word' id='word_1_216' title='bbox 325 2104 467 2152; x_wconf 83' lang='grc' dir='ltr'>γέροντα</span> <span class='ocrx_word' id='word_1_217' title='bbox 484 2105 544 2150; x_wconf 84' lang='grc' dir='ltr'>μὲν</span> <span class='ocrx_word' id='word_1_218' title='bbox 559 2103 594 2139; x_wconf 88' lang='grc' dir='ltr'>σ’</span> <span class='ocrx_word' id='word_1_219' title='bbox 615 2106 766 2151; x_wconf 87' lang='grc' dir='ltr'>ὁρῶντες,</span> <span class='ocrx_word' id='word_1_220' title='bbox 785 2104 910 2148; x_wconf 81' lang='grc' dir='ltr'>ἀσθενῆ</span> <span class='ocrx_word' id='word_1_221' title='bbox 928 2103 957 2139; x_wconf 90' lang='grc' dir='ltr'>δ’</span> <span class='ocrx_word' id='word_1_222' title='bbox 977 2104 1043 2150; x_wconf 79' lang='grc' dir='ltr'>ἐμὲ,</span> 
     </span>
    </p>

    <p class='ocr_par' dir='ltr' id='par_1_19' title="bbox 326 2156 1016 2202">
     <span class='ocr_line' id='line_1_43' title="bbox 326 2156 1016 2202; baseline 0 -10"><span class='ocrx_word' id='word_1_223' title='bbox 326 2158 379 2192; x_wconf 81' lang='grc' dir='ltr'>καὶ</span> <span class='ocrx_word' id='word_1_224' title='bbox 397 2158 500 2193; x_wconf 90' lang='grc' dir='ltr'>παῖδα</span> <span class='ocrx_word' id='word_1_225' title='bbox 518 2157 614 2191; x_wconf 89' lang='grc' dir='ltr'>τόνδε</span> <span class='ocrx_word' id='word_1_226' title='bbox 632 2156 758 2202; x_wconf 78' lang='grc' dir='ltr'>νήπιον·</span> <span class='ocrx_word' id='word_1_227' title='bbox 787 2159 908 2193; x_wconf 90' lang='grc' dir='ltr'>σκόπει</span> <span class='ocrx_word' id='word_1_228' title='bbox 925 2157 1016 2197; x_wconf 85' lang='grc' dir='ltr'>τάδε,</span> 
     </span>
    </p>

    <p class='ocr_par' dir='ltr' id='par_1_20' title="bbox 323 2207 1033 2257">
     <span class='ocr_line' id='line_1_44' title="bbox 323 2207 1033 2257; baseline -0.001 -12"><span class='ocrx_word' id='word_1_229' title='bbox 323 2210 368 2255; x_wconf 93' lang='grc' dir='ltr'>μὴ</span> <span class='ocrx_word' id='word_1_230' title='bbox 387 2212 445 2245; x_wconf 83' lang='grc' dir='ltr'>νῦν</span> <span class='ocrx_word' id='word_1_231' title='bbox 463 2210 630 2257; x_wconf 89' lang='grc' dir='ltr'>φυγόντες</span> <span class='ocrx_word' id='word_1_232' title='bbox 648 2207 709 2244; x_wconf 78' lang='grc' dir='ltr'>εἷθ’</span> <span class='ocrx_word' id='word_1_233' title='bbox 730 2211 863 2255; x_wconf 85' lang='grc' dir='ltr'>ἁλῶμεν</span> <span class='ocrx_word' id='word_1_234' title='bbox 879 2207 1033 2256; x_wconf 80' lang='grc' dir='ltr'>ὕστερον.</span> 
     </span>
    </p>

    <p class='ocr_par' dir='ltr' id='par_1_21' title="bbox 319 2262 1259 2730">
     <span class='ocr_line' id='line_1_45' title="bbox 324 2262 1065 2309; baseline -0.001 -12"><span class='ocrx_word' id='word_1_235' title='bbox 324 2263 363 2297; x_wconf 85' lang='grc' dir='ltr'>οὐ</span> <span class='ocrx_word' id='word_1_236' title='bbox 380 2262 425 2308; x_wconf 89' lang='grc' dir='ltr'>μὴ</span> <span class='ocrx_word' id='word_1_237' title='bbox 446 2266 611 2309; x_wconf 90' lang='grc' dir='ltr'>γυναικῶν</span> <span class='ocrx_word' id='word_1_238' title='bbox 629 2262 741 2297; x_wconf 87' lang='grc' dir='ltr'>δειλὸν</span> <span class='ocrx_word' id='word_1_239' title='bbox 757 2262 920 2298; x_wconf 77' lang='grc' dir='ltr'>εἰσοίσεις</span> <span class='ocrx_word' id='word_1_240' title='bbox 937 2263 1065 2308; x_wconf 84' lang='grc' dir='ltr'>λόγον;</span> 
     </span>
     <span class='ocr_line' id='line_1_46' title="bbox 323 2314 1012 2361; baseline 0 -12"><span class='ocrx_word' id='word_1_241' title='bbox 323 2316 438 2361; x_wconf 89' lang='grc' dir='ltr'>χώρει,</span> <span class='ocrx_word' id='word_1_242' title='bbox 458 2315 509 2351; x_wconf 86' lang='grc' dir='ltr'>τίς</span> <span class='ocrx_word' id='word_1_243' title='bbox 527 2315 617 2360; x_wconf 87' lang='grc' dir='ltr'>ὑμῶν</span> <span class='ocrx_word' id='word_1_244' title='bbox 634 2315 783 2361; x_wconf 71' lang='grc' dir='ltr'>ἃψεταις</span> <span class='ocrx_word' id='word_1_245' title='bbox 811 2314 936 2350; x_wconf 90' lang='grc' dir='ltr'>κλαίων</span> <span class='ocrx_word' id='word_1_246' title='bbox 948 2315 1012 2361; x_wconf 83' lang='grc' dir='ltr'>ἅρα</span> 
     </span>
     <span class='ocr_line' id='line_1_47' title="bbox 322 2365 1136 2414; baseline -0.001 -12"><span class='ocrx_word' id='word_1_247' title='bbox 322 2365 469 2414; x_wconf 81' lang='grc' dir='ltr'>ψαύσει.</span> <span class='ocrx_word' id='word_1_248' title='bbox 511 2366 595 2401; x_wconf 90' lang='grc' dir='ltr'>θεῶν</span> <span class='ocrx_word' id='word_1_249' title='bbox 613 2368 678 2414; x_wconf 81' lang='grc' dir='ltr'>γὰρ</span> <span class='ocrx_word' id='word_1_250' title='bbox 697 2365 806 2413; x_wconf 74' lang='grc' dir='ltr'>οὕνεχ’</span> <span class='ocrx_word' id='word_1_251' title='bbox 827 2369 962 2403; x_wconf 82' lang='grc' dir='ltr'>ἱππικοῦ</span> <span class='ocrx_word' id='word_1_252' title='bbox 979 2366 1009 2401; x_wconf 83' lang='grc' dir='ltr'>τ’</span> <span class='ocrx_word' id='word_1_253' title='bbox 1030 2366 1136 2413; x_wconf 76' lang='grc' dir='ltr'>ὄχλου</span> 
     </span>
     <span class='ocr_line' id='line_1_48' title="bbox 322 2417 1074 2466; baseline -0.001 -11"><span class='ocrx_word' id='word_1_254' title='bbox 322 2421 462 2456; x_wconf 84' lang='grc' dir='ltr'>πολλῶν</span> <span class='ocrx_word' id='word_1_255' title='bbox 481 2417 513 2454; x_wconf 90' lang='grc' dir='ltr'>θ’</span> <span class='ocrx_word' id='word_1_256' title='bbox 534 2421 682 2454; x_wconf 87' lang='grc' dir='ltr'>ὁπλιτῶν</span> <span class='ocrx_word' id='word_1_257' title='bbox 695 2419 842 2466; x_wconf 73' lang='grc' dir='ltr'>ἄρχομεν</span> <span class='ocrx_word' id='word_1_258' title='bbox 861 2419 965 2455; x_wconf 85' lang='grc' dir='ltr'>Φθίαν</span> <span class='ocrx_word' id='word_1_259' title='bbox 983 2421 1074 2454; x_wconf 91' lang='grc' dir='ltr'>κάτα·</span> 
     </span>
     <span class='ocr_line' id='line_1_49' title="bbox 321 2471 1112 2519; baseline 0.003 -13"><span class='ocrx_word' id='word_1_260' title='bbox 321 2472 414 2517; x_wconf 84' lang='grc' dir='ltr'>ἡμεῖς</span> <span class='ocrx_word' id='word_1_261' title='bbox 433 2471 462 2507; x_wconf 91' lang='grc' dir='ltr'>δ’</span> <span class='ocrx_word' id='word_1_262' title='bbox 483 2471 529 2506; x_wconf 76' lang='grc' dir='ltr'>ἔτ’</span> <span class='ocrx_word' id='word_1_263' title='bbox 549 2471 655 2518; x_wconf 88' lang='grc' dir='ltr'>ὀρθοὶ,</span> <span class='ocrx_word' id='word_1_264' title='bbox 675 2472 734 2506; x_wconf 79' lang='grc' dir='ltr'>κού</span> <span class='ocrx_word' id='word_1_265' title='bbox 751 2472 914 2519; x_wconf 86' lang='grc' dir='ltr'>γέροντες,</span> <span class='ocrx_word' id='word_1_266' title='bbox 935 2473 979 2508; x_wconf 86' lang='grc' dir='ltr'>ὡς</span> <span class='ocrx_word' id='word_1_267' title='bbox 997 2473 1112 2515; x_wconf 88' lang='grc' dir='ltr'>δοκεῖς,</span> 
     </span>
     <span class='ocr_line' id='line_1_50' title="bbox 321 2521 1120 2571; baseline 0 -12"><span class='ocrx_word' id='word_1_268' title='bbox 321 2524 401 2559; x_wconf 89' lang='grc' dir='ltr'>ἀλλ’</span> <span class='ocrx_word' id='word_1_269' title='bbox 421 2525 456 2561; x_wconf 80' lang='grc' dir='ltr'>ἔς</span> <span class='ocrx_word' id='word_1_270' title='bbox 472 2539 515 2571; x_wconf 91' lang='grc' dir='ltr'>γε</span> <span class='ocrx_word' id='word_1_271' title='bbox 532 2521 655 2559; x_wconf 88' lang='grc' dir='ltr'>τοιόνδ’</span> <span class='ocrx_word' id='word_1_272' title='bbox 676 2523 767 2571; x_wconf 74' lang='grc' dir='ltr'>ἄνδρ’</span> <span class='ocrx_word' id='word_1_273' title='bbox 787 2524 994 2571; x_wconf 76' lang='grc' dir='ltr'>ἀποβλέψας</span> <span class='ocrx_word' id='word_1_274' title='bbox 1011 2526 1120 2570; x_wconf 89' lang='grc' dir='ltr'>μόνον,</span> 
     </span>
     <span class='ocr_line' id='line_1_51' title="bbox 321 2575 1133 2623; baseline 0 -12"><span class='ocrx_word' id='word_1_275' title='bbox 321 2579 481 2623; x_wconf 87' lang='grc' dir='ltr'>τροπαῖον</span> <span class='ocrx_word' id='word_1_276' title='bbox 500 2577 601 2612; x_wconf 79' lang='grc' dir='ltr'>αὐτοῦ</span> <span class='ocrx_word' id='word_1_277' title='bbox 620 2575 800 2622; x_wconf 75' lang='grc' dir='ltr'>στήσομαι,</span> <span class='ocrx_word' id='word_1_278' title='bbox 820 2577 977 2623; x_wconf 87' lang='grc' dir='ltr'>πρέσβυς</span> <span class='ocrx_word' id='word_1_279' title='bbox 995 2591 1060 2622; x_wconf 92' lang='grc' dir='ltr'>περ</span> <span class='ocrx_word' id='word_1_280' title='bbox 1078 2576 1133 2612; x_wconf 80' lang='grc' dir='ltr'>ὤν.</span> 
     </span>
     <span class='ocr_line' id='line_1_52' title="bbox 319 2627 1051 2676; baseline 0.001 -12"><span class='ocrx_word' id='word_1_281' title='bbox 319 2631 460 2665; x_wconf 89' lang='grc' dir='ltr'>πολλῶν</span> <span class='ocrx_word' id='word_1_282' title='bbox 478 2630 560 2665; x_wconf 91' lang='grc' dir='ltr'>νέων</span> <span class='ocrx_word' id='word_1_283' title='bbox 577 2629 642 2676; x_wconf 85' lang='grc' dir='ltr'>γὰρ</span> <span class='ocrx_word' id='word_1_284' title='bbox 662 2628 721 2663; x_wconf 85' lang='grc' dir='ltr'>κᾶν</span> <span class='ocrx_word' id='word_1_285' title='bbox 738 2629 847 2676; x_wconf 91' lang='grc' dir='ltr'>γέρων</span> <span class='ocrx_word' id='word_1_286' title='bbox 861 2630 1013 2676; x_wconf 78' lang='grc' dir='ltr'>εὔψυχος</span> <span class='ocrx_word' id='word_1_287' title='bbox 1029 2627 1051 2674; x_wconf 84' lang='grc' dir='ltr'><strong><em>ᾗ</em></strong></span> 
     </span>
     <span class='ocr_line' id='line_1_53' title="bbox 321 2681 1259 2730; baseline 0 -12"><span class='ocrx_word' id='word_1_288' title='bbox 321 2682 502 2729; x_wconf 87' lang='grc' dir='ltr'>κρείσσων·</span> <span class='ocrx_word' id='word_1_289' title='bbox 530 2682 564 2716; x_wconf 88' lang='grc' dir='ltr'>τί</span> <span class='ocrx_word' id='word_1_290' title='bbox 580 2681 646 2728; x_wconf 85' lang='grc' dir='ltr'>γὰρ</span> <span class='ocrx_word' id='word_1_291' title='bbox 665 2681 717 2716; x_wconf 86' lang='grc' dir='ltr'>δεῖ</span> <span class='ocrx_word' id='word_1_292' title='bbox 732 2681 845 2716; x_wconf 88' lang='grc' dir='ltr'>δειλὸν</span> <span class='ocrx_word' id='word_1_293' title='bbox 862 2681 928 2716; x_wconf 77' lang='grc' dir='ltr'>ὅντ’</span> <span class='ocrx_word' id='word_1_294' title='bbox 948 2683 1172 2730; x_wconf 80' lang='grc' dir='ltr'>εὖσωματεῖν;</span> <span class='ocrx_word' id='word_1_295' title='bbox 1202 2684 1259 2726; x_wconf 86' lang='grc'>765</span> 
     </span>
    </p>
   </div>
   <div class='ocr_carea' id='block_1_10' title="bbox 1212 856 1273 889">
    <p class='ocr_par' dir='ltr' id='par_1_22' title="bbox 1212 856 1273 889">
     <span class='ocr_line' id='line_1_54' title="bbox 1212 856 1273 889; baseline 0 0"><span class='ocrx_word' id='word_1_296' title='bbox 1212 856 1273 889; x_wconf 82' lang='grc'>730</span> 
     </span>
    </p>
   </div>
   <div class='ocr_carea' id='block_1_11' title="bbox 1316 1010 1379 1039">
    <p class='ocr_par' dir='ltr' id='par_1_23' title="bbox 1316 1010 1379 1039">
     <span class='ocr_line' id='line_1_55' title="bbox 1316 1010 1379 1039; baseline -0.016 0"><span class='ocrx_word' id='word_1_297' title='bbox 1316 1010 1379 1039; x_wconf 89' lang='grc' dir='ltr'>ΤΡ.</span> 
     </span>
    </p>
   </div>
   <div class='ocr_carea' id='block_1_12' title="bbox 1212 1119 1268 1152">
    <p class='ocr_par' dir='ltr' id='par_1_24' title="bbox 1212 1119 1268 1152">
     <span class='ocr_line' id='line_1_56' title="bbox 1212 1119 1268 1152; baseline 0.036 -2"><span class='ocrx_word' id='word_1_298' title='bbox 1212 1119 1268 1152; x_wconf 89' lang='grc'>735</span> 
     </span>
    </p>
   </div>
   <div class='ocr_carea' id='block_1_13' title="bbox 1211 1381 1270 1412">
    <p class='ocr_par' dir='ltr' id='par_1_25' title="bbox 1211 1381 1270 1412">
     <span class='ocr_line' id='line_1_57' title="bbox 1211 1381 1270 1412; baseline -0.017 0"><span class='ocrx_word' id='word_1_299' title='bbox 1211 1381 1270 1412; x_wconf 91' lang='lat'>740</span> 
     </span>
    </p>
   </div>
   <div class='ocr_carea' id='block_1_14' title="bbox 1209 1641 1266 1677">
    <p class='ocr_par' dir='ltr' id='par_1_26' title="bbox 1209 1641 1266 1677">
     <span class='ocr_line' id='line_1_58' title="bbox 1209 1641 1266 1677; baseline 0.035 -2"><span class='ocrx_word' id='word_1_300' title='bbox 1209 1641 1266 1677; x_wconf 83' lang='lat'>745</span> 
     </span>
    </p>
   </div>
   <div class='ocr_carea' id='block_1_15' title="bbox 1208 1904 1270 1940">
    <p class='ocr_par' dir='ltr' id='par_1_27' title="bbox 1208 1904 1270 1940">
     <span class='ocr_line' id='line_1_59' title="bbox 1208 1904 1270 1940; baseline 0.016 -1"><span class='ocrx_word' id='word_1_301' title='bbox 1208 1904 1270 1940; x_wconf 82' lang='lat'>750</span> 
     </span>
    </p>
   </div>
   <div class='ocr_carea' id='block_1_16' title="bbox 1207 2169 1264 2203">
    <p class='ocr_par' dir='ltr' id='par_1_28' title="bbox 1207 2169 1264 2203">
     <span class='ocr_line' id='line_1_60' title="bbox 1207 2169 1264 2203; baseline 0 0"><span class='ocrx_word' id='word_1_302' title='bbox 1207 2169 1264 2203; x_wconf 83' lang='lat'>755</span> 
     </span>
    </p>
   </div>
   <div class='ocr_carea' id='block_1_17' title="bbox 1206 2423 1265 2464">
    <p class='ocr_par' dir='ltr' id='par_1_29' title="bbox 1206 2423 1265 2464">
     <span class='ocr_line' id='line_1_61' title="bbox 1206 2423 1265 2464; baseline 0 -8"><span class='ocrx_word' id='word_1_303' title='bbox 1206 2423 1265 2464; x_wconf 79' lang='lat'>760</span> 
     </span>
    </p>
   </div>
   <div class='ocr_carea' id='block_1_18' title="bbox 1309 2582 1368 2612">
    <p class='ocr_par' dir='ltr' id='par_1_30' title="bbox 1309 2582 1368 2612">
     <span class='ocr_line' id='line_1_62' title="bbox 1309 2582 1368 2612; baseline 0.017 -1"><span class='ocrx_word' id='word_1_304' title='bbox 1309 2582 1368 2612; x_wconf 89' lang='lat' dir='ltr'>TP.</span> 
     </span>
    </p>
   </div>
   <div class='ocr_carea' id='block_1_19' title="bbox 317 2731 1369 3197">
    <p class='ocr_par' dir='ltr' id='par_1_31' title="bbox 319 2731 1369 2832">
     <span class='ocr_line' id='line_1_63' title="bbox 319 2731 1367 2782; baseline -0.001 -13"><span class='ocrx_word' id='word_1_305' title='bbox 319 2734 339 2780; x_wconf 87' lang='grc' dir='ltr'>ἢ</span> <span class='ocrx_word' id='word_1_306' title='bbox 356 2735 400 2781; x_wconf 89' lang='grc' dir='ltr'>μὴ</span> <span class='ocrx_word' id='word_1_307' title='bbox 418 2734 589 2781; x_wconf 91' lang='grc' dir='ltr'>γενοίμαν,</span> <span class='ocrx_word' id='word_1_308' title='bbox 609 2733 629 2778; x_wconf 86' lang='grc' dir='ltr'>ἢ</span> <span class='ocrx_word' id='word_1_309' title='bbox 647 2733 799 2780; x_wconf 86' lang='grc' dir='ltr'>πατέρων</span> <span class='ocrx_word' id='word_1_310' title='bbox 814 2733 950 2782; x_wconf 87' lang='grc' dir='ltr'>ἀγαθῶν</span> <span class='ocrx_word' id='word_1_311' title='bbox 963 2733 1033 2780; x_wconf 86' lang='grc' dir='ltr'>εἵην</span> <span class='ocrx_word' id='word_1_312' title='bbox 1048 2731 1264 2778; x_wconf 86' lang='grc' dir='ltr'>πολυκτήτων</span> <span class='ocrx_word' id='word_1_313' title='bbox 1307 2739 1367 2768; x_wconf 91' lang='grc' dir='ltr'>ΤΡ.</span> 
     </span>
     <span class='ocr_line' id='line_1_64' title="bbox 372 2786 1369 2832; baseline -0.002 -10"><span class='ocrx_word' id='word_1_314' title='bbox 372 2802 410 2822; x_wconf 86' lang='grc' dir='ltr'>τε</span> <span class='ocrx_word' id='word_1_315' title='bbox 429 2788 539 2832; x_wconf 89' lang='grc' dir='ltr'>δόμων</span> <span class='ocrx_word' id='word_1_316' title='bbox 555 2786 707 2832; x_wconf 89' lang='grc' dir='ltr'>μέτοχος·</span> <span class='ocrx_word' id='word_1_317' title='bbox 1182 2801 1260 2832; x_wconf 89' lang='grc' dir='ltr'>στρ.</span> <span class='ocrx_word' id='word_1_318' title='bbox 1306 2791 1369 2820; x_wconf 90' lang='grc' dir='ltr'>ΕΡ.</span> 
     </span>
    </p>

    <p class='ocr_par' dir='ltr' id='par_1_32' title="bbox 321 2837 1262 2886">
     <span class='ocr_line' id='line_1_65' title="bbox 321 2837 1262 2886; baseline 0 -12"><span class='ocrx_word' id='word_1_319' title='bbox 321 2837 354 2874; x_wconf 81' lang='grc' dir='ltr'>εἵ</span> <span class='ocrx_word' id='word_1_320' title='bbox 368 2853 400 2874; x_wconf 89' lang='grc' dir='ltr'>τι</span> <span class='ocrx_word' id='word_1_321' title='bbox 418 2840 484 2886; x_wconf 85' lang='grc' dir='ltr'>γὰρ</span> <span class='ocrx_word' id='word_1_322' title='bbox 502 2839 603 2874; x_wconf 89' lang='grc' dir='ltr'>πάθοι</span> <span class='ocrx_word' id='word_1_323' title='bbox 620 2852 671 2875; x_wconf 89' lang='grc' dir='ltr'>τις</span> <span class='ocrx_word' id='word_1_324' title='bbox 689 2837 869 2884; x_wconf 87' lang='grc' dir='ltr'>ἀμήχανον,</span> <span class='ocrx_word' id='word_1_325' title='bbox 889 2839 995 2875; x_wconf 82' lang='grc' dir='ltr'>ἀλκᾶς</span> <span class='ocrx_word' id='word_1_326' title='bbox 1203 2850 1262 2883; x_wconf 84' lang='grc'>770</span> 
     </span>
    </p>

    <p class='ocr_par' dir='ltr' id='par_1_33' title="bbox 320 2890 1365 2938">
     <span class='ocr_line' id='line_1_66' title="bbox 320 2890 1365 2938; baseline -0.001 -13"><span class='ocrx_word' id='word_1_327' title='bbox 320 2892 359 2926; x_wconf 82' lang='grc' dir='ltr'>οὐ</span> <span class='ocrx_word' id='word_1_328' title='bbox 378 2892 499 2927; x_wconf 89' lang='grc' dir='ltr'>σπάνις</span> <span class='ocrx_word' id='word_1_329' title='bbox 517 2890 709 2938; x_wconf 81' lang='grc' dir='ltr'>εὐγενέταις·</span> <span class='ocrx_word' id='word_1_330' title='bbox 1305 2896 1365 2924; x_wconf 92' lang='grc' dir='ltr'>ΤΡ.</span> 
     </span>
    </p>

    <p class='ocr_par' dir='ltr' id='par_1_34' title="bbox 321 2943 1368 2991">
     <span class='ocr_line' id='line_1_67' title="bbox 321 2943 1368 2991; baseline -0.001 -12"><span class='ocrx_word' id='word_1_331' title='bbox 321 2943 607 2991; x_wconf 89' lang='grc' dir='ltr'>κηρυσσομένοισι</span> <span class='ocrx_word' id='word_1_332' title='bbox 623 2943 653 2977; x_wconf 86' lang='grc' dir='ltr'>δ’</span> <span class='ocrx_word' id='word_1_333' title='bbox 673 2943 730 2979; x_wconf 90' lang='grc' dir='ltr'>ἀπ’</span> <span class='ocrx_word' id='word_1_334' title='bbox 751 2943 887 2979; x_wconf 81' lang='grc' dir='ltr'>ἐσθλῶν</span> <span class='ocrx_word' id='word_1_335' title='bbox 905 2944 1062 2989; x_wconf 86' lang='grc' dir='ltr'>δωμάτων</span> <span class='ocrx_word' id='word_1_336' title='bbox 1305 2947 1368 2978; x_wconf 86' lang='grc' dir='ltr'>ΕΡ.</span> 
     </span>
    </p>

    <p class='ocr_par' dir='ltr' id='par_1_35' title="bbox 318 2995 716 3041">
     <span class='ocr_line' id='line_1_68' title="bbox 318 2995 716 3041; baseline 0 -11"><span class='ocrx_word' id='word_1_337' title='bbox 318 2997 418 3041; x_wconf 86' lang='grc' dir='ltr'>τιμὰν</span> <span class='ocrx_word' id='word_1_338' title='bbox 436 2996 489 3031; x_wconf 84' lang='grc' dir='ltr'>καὶ</span> <span class='ocrx_word' id='word_1_339' title='bbox 509 2995 606 3032; x_wconf 91' lang='grc' dir='ltr'>κλέος</span> <span class='ocrx_word' id='word_1_340' title='bbox 623 2997 716 3030; x_wconf 79' lang='grc' dir='ltr'>οὔτοι</span> 
     </span>
    </p>

    <p class='ocr_par' dir='ltr' id='par_1_36' title="bbox 319 3047 706 3095">
     <span class='ocr_line' id='line_1_69' title="bbox 319 3047 706 3095; baseline 0 -12"><span class='ocrx_word' id='word_1_341' title='bbox 319 3048 473 3095; x_wconf 79' lang='grc' dir='ltr'>λείψανα</span> <span class='ocrx_word' id='word_1_342' title='bbox 489 3052 555 3084; x_wconf 87' lang='grc' dir='ltr'>τῶν</span> <span class='ocrx_word' id='word_1_343' title='bbox 572 3047 706 3094; x_wconf 86' lang='grc' dir='ltr'>ἀγαθῶν</span> 
     </span>
    </p>

    <p class='ocr_par' dir='ltr' id='par_1_37' title="bbox 317 3100 1362 3148">
     <span class='ocr_line' id='line_1_70' title="bbox 317 3100 1362 3148; baseline -0.002 -12"><span class='ocrx_word' id='word_1_344' title='bbox 317 3101 447 3147; x_wconf 87' lang='grc' dir='ltr'>ἀνδρῶν</span> <span class='ocrx_word' id='word_1_345' title='bbox 465 3100 655 3147; x_wconf 89' lang='grc' dir='ltr'>ἀφαιρεῖται</span> <span class='ocrx_word' id='word_1_346' title='bbox 672 3102 803 3148; x_wconf 85' lang='grc' dir='ltr'>χρόνος·</span> <span class='ocrx_word' id='word_1_347' title='bbox 832 3103 853 3134; x_wconf 83' lang='grc' dir='ltr'><strong><em>ἆ</em></strong></span> <span class='ocrx_word' id='word_1_348' title='bbox 872 3100 901 3135; x_wconf 90' lang='grc' dir='ltr'>δ’</span> <span class='ocrx_word' id='word_1_349' title='bbox 922 3101 1022 3147; x_wconf 84' lang='grc' dir='ltr'>ἀρετὰ</span> <span class='ocrx_word' id='word_1_350' title='bbox 1198 3112 1234 3145; x_wconf 80' lang='lat'>77</span> <span class='ocrx_word' id='word_1_351' title='bbox 1239 3113 1256 3146; x_wconf 84' lang='lat'>5</span> <span class='ocrx_word' id='word_1_352' title='bbox 1302 3104 1362 3134; x_wconf 89' lang='grc' dir='ltr'>ΤΡ.</span> 
     </span>
    </p>

    <p class='ocr_par' dir='ltr' id='par_1_38' title="bbox 320 3153 1367 3197">
     <span class='ocr_line' id='line_1_71' title="bbox 320 3153 1367 3197; baseline -0.001 -9"><span class='ocrx_word' id='word_1_353' title='bbox 320 3154 374 3188; x_wconf 81' lang='grc' dir='ltr'>καὶ</span> <span class='ocrx_word' id='word_1_354' title='bbox 393 3153 532 3188; x_wconf 88' lang='grc' dir='ltr'>θανοῦσι</span> <span class='ocrx_word' id='word_1_355' title='bbox 549 3153 687 3197; x_wconf 89' lang='grc' dir='ltr'>λάμπει.</span> <span class='ocrx_word' id='word_1_356' title='bbox 1302 3157 1367 3187; x_wconf 91' lang='grc' dir='ltr'>ΕΡ.</span> 
     </span>
    </p>
   </div>
   <div class='ocr_carea' id='block_1_20' title="bbox 319 3204 1256 3253">
    <p class='ocr_par' dir='ltr' id='par_1_39' title="bbox 319 3204 1256 3253">
     <span class='ocr_line' id='line_1_72' title="bbox 319 3204 1256 3253; baseline -0.001 -13"><span class='ocrx_word' id='word_1_357' title='bbox 319 3207 480 3253; x_wconf 88' lang='grc' dir='ltr'>κρεῖσσον</span> <span class='ocrx_word' id='word_1_358' title='bbox 498 3205 535 3239; x_wconf 81' lang='grc' dir='ltr'>δὲ</span> <span class='ocrx_word' id='word_1_359' title='bbox 553 3204 644 3239; x_wconf 92' lang='grc' dir='ltr'>νίκαν</span> <span class='ocrx_word' id='word_1_360' title='bbox 661 3205 705 3250; x_wconf 86' lang='grc' dir='ltr'>μὴ</span> <span class='ocrx_word' id='word_1_361' title='bbox 725 3206 906 3249; x_wconf 82' lang='grc' dir='ltr'>κακόδοξον</span> <span class='ocrx_word' id='word_1_362' title='bbox 923 3205 1013 3250; x_wconf 78' lang='grc' dir='ltr'>ἔχειν</span> <span class='ocrx_word' id='word_1_363' title='bbox 1030 3204 1050 3249; x_wconf 89' lang='grc' dir='ltr'>ἢ</span> <span class='ocrx_word' id='word_1_364' title='bbox 1065 3204 1125 3248; x_wconf 77' lang='grc' dir='ltr'>ξὺν</span> <span class='ocrx_word' id='word_1_365' title='bbox 1141 3204 1256 3250; x_wconf 83' lang='grc' dir='ltr'>φθάνω</span> 
     </span>
    </p>
   </div>
   <div class='ocr_carea' id='block_1_21' title="bbox 316 3257 1363 3512">
    <p class='ocr_par' dir='ltr' id='par_1_40' title="bbox 316 3257 1363 3512">
     <span class='ocr_line' id='line_1_73' title="bbox 374 3257 1256 3303; baseline 0.005 -13"><span class='ocrx_word' id='word_1_366' title='bbox 374 3258 550 3303; x_wconf 85' lang='grc' dir='ltr'>σφάλλειν</span> <span class='ocrx_word' id='word_1_367' title='bbox 568 3257 702 3301; x_wconf 88' lang='grc' dir='ltr'>δυνάμει</span> <span class='ocrx_word' id='word_1_368' title='bbox 720 3272 756 3291; x_wconf 92' lang='grc' dir='ltr'>τε</span> <span class='ocrx_word' id='word_1_369' title='bbox 775 3257 877 3292; x_wconf 88' lang='grc' dir='ltr'>δίκαν·</span> <span class='ocrx_word' id='word_1_370' title='bbox 1107 3257 1175 3293; x_wconf 84' lang='grc' dir='ltr'>ἀντ.</span> <span class='ocrx_word' id='word_1_371' title='bbox 1197 3262 1256 3303; x_wconf 85' lang='grc'>778</span> 
     </span>
     <span class='ocr_line' id='line_1_74' title="bbox 317 3309 992 3356; baseline -0.001 -12"><span class='ocrx_word' id='word_1_372' title='bbox 317 3309 380 3345; x_wconf 82' lang='grc' dir='ltr'>ἁδὺ</span> <span class='ocrx_word' id='word_1_373' title='bbox 397 3309 458 3354; x_wconf 77' lang='grc' dir='ltr'>μὲν</span> <span class='ocrx_word' id='word_1_374' title='bbox 474 3310 539 3355; x_wconf 89' lang='grc' dir='ltr'>γὰρ</span> <span class='ocrx_word' id='word_1_375' title='bbox 558 3309 673 3344; x_wconf 80' lang='grc' dir='ltr'>αὐτίκα</span> <span class='ocrx_word' id='word_1_376' title='bbox 689 3312 788 3344; x_wconf 82' lang='grc' dir='ltr'>τοῦτο</span> <span class='ocrx_word' id='word_1_377' title='bbox 806 3311 992 3356; x_wconf 86' lang='grc' dir='ltr'>βροτοῖσιν,</span> 
     </span>
     <span class='ocr_line' id='line_1_75' title="bbox 318 3360 1362 3409; baseline -0.001 -13"><span class='ocrx_word' id='word_1_378' title='bbox 318 3361 356 3396; x_wconf 86' lang='grc' dir='ltr'>ἐν</span> <span class='ocrx_word' id='word_1_379' title='bbox 374 3362 410 3396; x_wconf 80' lang='grc' dir='ltr'>δὲ</span> <span class='ocrx_word' id='word_1_380' title='bbox 427 3363 538 3409; x_wconf 80' lang='grc' dir='ltr'>χρόνῳ</span> <span class='ocrx_word' id='word_1_381' title='bbox 556 3360 685 3395; x_wconf 83' lang='grc' dir='ltr'>τελέθει</span> <span class='ocrx_word' id='word_1_382' title='bbox 1301 3366 1362 3395; x_wconf 88' lang='grc' dir='ltr'>ΕΡ.</span> 
     </span>
     <span class='ocr_line' id='line_1_76' title="bbox 317 3413 973 3459; baseline 0.005 -12"><span class='ocrx_word' id='word_1_383' title='bbox 317 3413 420 3459; x_wconf 81' lang='grc' dir='ltr'>ξηρὸν</span> <span class='ocrx_word' id='word_1_384' title='bbox 438 3414 491 3448; x_wconf 83' lang='grc' dir='ltr'>καὶ</span> <span class='ocrx_word' id='word_1_385' title='bbox 508 3413 674 3448; x_wconf 83' lang='grc' dir='ltr'>ὀνείδεσιν</span> <span class='ocrx_word' id='word_1_386' title='bbox 691 3413 834 3459; x_wconf 80' lang='grc' dir='ltr'>ἔγκειται</span> <span class='ocrx_word' id='word_1_387' title='bbox 853 3414 973 3459; x_wconf 85' lang='grc' dir='ltr'>δόμων.</span> 
     </span>
     <span class='ocr_line' id='line_1_77' title="bbox 316 3464 1363 3512; baseline 0 -12"><span class='ocrx_word' id='word_1_388' title='bbox 316 3464 439 3500; x_wconf 86' lang='grc' dir='ltr'>ταύταν</span> <span class='ocrx_word' id='word_1_389' title='bbox 456 3464 571 3510; x_wconf 81' lang='grc' dir='ltr'>ᾔνεσα,</span> <span class='ocrx_word' id='word_1_390' title='bbox 589 3464 711 3500; x_wconf 87' lang='grc' dir='ltr'>ταύταν</span> <span class='ocrx_word' id='word_1_391' title='bbox 1198 3471 1255 3512; x_wconf 77' lang='lat'>785</span> <span class='ocrx_word' id='word_1_392' title='bbox 1301 3471 1363 3500; x_wconf 89' lang='grc' dir='ltr'>ΕΡ.</span> 
     </span>
    </p>
   </div>
   <div class='ocr_carea' id='block_1_22' title="bbox 317 3517 976 3617">
    <p class='ocr_par' dir='ltr' id='par_1_41' title="bbox 317 3517 976 3617">
     <span class='ocr_line' id='line_1_78' title="bbox 317 3517 678 3564; baseline 0 -13"><span class='ocrx_word' id='word_1_393' title='bbox 317 3518 370 3552; x_wconf 81' lang='grc' dir='ltr'>καὶ</span> <span class='ocrx_word' id='word_1_394' title='bbox 388 3518 533 3564; x_wconf 83' lang='grc' dir='ltr'>φέρομαι</span> <span class='ocrx_word' id='word_1_395' title='bbox 551 3517 678 3558; x_wconf 84' lang='grc' dir='ltr'>βιοτὰν,</span> 
     </span>
     <span class='ocr_line' id='line_1_79' title="bbox 317 3568 976 3617; baseline 0.005 -13"><span class='ocrx_word' id='word_1_396' title='bbox 317 3569 418 3614; x_wconf 85' lang='grc' dir='ltr'>μηδὲν</span> <span class='ocrx_word' id='word_1_397' title='bbox 436 3569 527 3608; x_wconf 83' lang='grc' dir='ltr'>δίκας</span> <span class='ocrx_word' id='word_1_398' title='bbox 544 3569 609 3615; x_wconf 80' lang='grc' dir='ltr'>ἔξω</span> <span class='ocrx_word' id='word_1_399' title='bbox 628 3570 744 3617; x_wconf 88' lang='grc' dir='ltr'>κράτος</span> <span class='ocrx_word' id='word_1_400' title='bbox 763 3569 797 3605; x_wconf 85' lang='grc' dir='ltr'>ἐν</span> <span class='ocrx_word' id='word_1_401' title='bbox 816 3568 976 3614; x_wconf 80' lang='grc' dir='ltr'>θαλάμοις</span> 
     </span>
    </p>
   </div>
   <div class='ocr_carea' id='block_1_23' title="bbox 1314 1950 1385 1981">
    <p class='ocr_par' dir='ltr' id='par_1_42' title="bbox 1314 1950 1385 1981">
     <span class='ocr_line' id='line_1_80' title="bbox 1314 1950 1385 1981; baseline 0 -1"><span class='ocrx_word' id='word_1_402' title='bbox 1314 1950 1385 1981; x_wconf 86' lang='lat' dir='ltr'>XO.</span> 
     </span>
    </p>
   </div>
   <div class='ocr_carea' id='block_1_24' title="bbox 1314 2215 1375 2244">
    <p class='ocr_par' dir='ltr' id='par_1_43' title="bbox 1314 2215 1375 2244">
     <span class='ocr_line' id='line_1_81' title="bbox 1314 2215 1375 2244; baseline 0 0"><span class='ocrx_word' id='word_1_403' title='bbox 1314 2215 1375 2244; x_wconf 90' lang='grc' dir='ltr'>ΕΡ.</span> 
     </span>
    </p>
   </div>
   <div class='ocr_carea' id='block_1_25' title="bbox 1311 2373 1374 2454">
    <p class='ocr_par' dir='ltr' id='par_1_44' title="bbox 1311 2373 1374 2454">
     <span class='ocr_line' id='line_1_82' title="bbox 1311 2373 1374 2402; baseline 0 0"><span class='ocrx_word' id='word_1_404' title='bbox 1311 2373 1374 2402; x_wconf 89' lang='grc' dir='ltr'>ΤΡ.</span> 
     </span>
     <span class='ocr_line' id='line_1_83' title="bbox 1311 2425 1374 2454; baseline 0 0"><span class='ocrx_word' id='word_1_405' title='bbox 1311 2425 1374 2454; x_wconf 91' lang='grc' dir='ltr'>ΕΡ.</span> 
     </span>
    </p>
   </div>
   <div class='ocr_carea' id='block_1_26' title="bbox 1310 2635 1374 2665">
    <p class='ocr_par' dir='ltr' id='par_1_45' title="bbox 1310 2635 1374 2665">
     <span class='ocr_line' id='line_1_84' title="bbox 1310 2635 1374 2665; baseline 0.031 -2"><span class='ocrx_word' id='word_1_406' title='bbox 1310 2635 1374 2665; x_wconf 83' lang='grc' dir='ltr'>ΕΡ.</span> 
     </span>
    </p>
   </div>
   <div class='ocr_carea' id='block_1_27' title="bbox 1400 373 2356 3616">
    <p class='ocr_par' dir='ltr' id='par_1_46' title="bbox 1419 373 1779 410">
     <span class='ocr_line' id='line_1_85' title="bbox 1419 373 1779 410; baseline -0.003 0"><span class='ocrx_word' id='word_1_407' title='bbox 1419 377 1473 410; x_wconf 80' lang='grc' dir='ltr'>καὶ</span> <span class='ocrx_word' id='word_1_408' title='bbox 1490 376 1589 410; x_wconf 86' lang='grc' dir='ltr'>πόλει</span> <span class='ocrx_word' id='word_1_409' title='bbox 1606 373 1779 409; x_wconf 85' lang='grc' dir='ltr'>δύνασθαι.</span> 
     </span>
    </p>

    <p class='ocr_par' dir='ltr' id='par_1_47' title="bbox 1420 426 2356 474">
     <span class='ocr_line' id='line_1_86' title="bbox 1420 426 2356 474; baseline 0 -13"><span class='ocrx_word' id='word_1_410' title='bbox 1420 427 1446 462; x_wconf 84' lang='grc' dir='ltr'><em>ὦ</em></span> <span class='ocrx_word' id='word_1_411' title='bbox 1463 426 1563 474; x_wconf 85' lang='grc' dir='ltr'>γέρον</span> <span class='ocrx_word' id='word_1_412' title='bbox 1575 426 1723 461; x_wconf 83' lang='grc' dir='ltr'>Αἶακίδα.</span> <span class='ocrx_word' id='word_1_413' title='bbox 2294 439 2356 472; x_wconf 82' lang='lat'>790</span> 
     </span>
    </p>

    <p class='ocr_par' dir='ltr' id='par_1_48' title="bbox 1420 475 2356 578">
     <span class='ocr_line' id='line_1_87' title="bbox 1420 475 2356 526; baseline -0.001 -11"><span class='ocrx_word' id='word_1_414' title='bbox 1420 479 1577 524; x_wconf 87' lang='grc' dir='ltr'>πείθομαι</span> <span class='ocrx_word' id='word_1_415' title='bbox 1604 479 1657 513; x_wconf 85' lang='grc' dir='ltr'>καὶ</span> <span class='ocrx_word' id='word_1_416' title='bbox 1684 478 1749 513; x_wconf 80' lang='grc' dir='ltr'>σὺν</span> <span class='ocrx_word' id='word_1_417' title='bbox 1775 477 1960 514; x_wconf 89' lang='grc' dir='ltr'>Λαπίθαισί</span> <span class='ocrx_word' id='word_1_418' title='bbox 1986 493 2027 514; x_wconf 92' lang='grc' dir='ltr'>σε</span> <span class='ocrx_word' id='word_1_419' title='bbox 2055 475 2250 526; x_wconf 80' lang='grc' dir='ltr'>Κενταύρων</span> <span class='ocrx_word' id='word_1_420' title='bbox 2283 481 2356 524; x_wconf 79' lang='grc' dir='ltr'>ὁμι-</span> 
     </span>
     <span class='ocr_line' id='line_1_88' title="bbox 1470 531 1899 578; baseline -0.002 -13"><span class='ocrx_word' id='word_1_421' title='bbox 1470 532 1577 575; x_wconf 86' lang='grc' dir='ltr'>λῆσαι</span> <span class='ocrx_word' id='word_1_422' title='bbox 1595 531 1669 577; x_wconf 84' lang='grc' dir='ltr'>δορὶ</span> <span class='ocrx_word' id='word_1_423' title='bbox 1687 531 1899 578; x_wconf 83' lang='grc' dir='ltr'>κλεινοτάτῳ,</span> 
     </span>
    </p>

    <p class='ocr_par' dir='ltr' id='par_1_49' title="bbox 1419 581 2092 631">
     <span class='ocr_line' id='line_1_89' title="bbox 1419 581 2092 631; baseline 0 -13"><span class='ocrx_word' id='word_1_424' title='bbox 1419 584 1472 618; x_wconf 85' lang='grc' dir='ltr'>καὶ</span> <span class='ocrx_word' id='word_1_425' title='bbox 1490 581 1546 623; x_wconf 81' lang='grc' dir='ltr'>ἐπ’</span> <span class='ocrx_word' id='word_1_426' title='bbox 1567 581 1719 631; x_wconf 79' lang='grc' dir='ltr'>Ἀργῴου</span> <span class='ocrx_word' id='word_1_427' title='bbox 1739 583 1836 629; x_wconf 86' lang='grc' dir='ltr'>δορὸς</span> <span class='ocrx_word' id='word_1_428' title='bbox 1853 582 1969 626; x_wconf 80' lang='grc' dir='ltr'>ἄξενον</span> <span class='ocrx_word' id='word_1_429' title='bbox 1987 584 2092 630; x_wconf 87' lang='grc' dir='ltr'>ὖργὰν</span> 
     </span>
    </p>

    <p class='ocr_par' dir='ltr' id='par_1_50' title="bbox 1420 636 2356 735">
     <span class='ocr_line' id='line_1_90' title="bbox 1420 636 2356 682; baseline 0.003 -13"><span class='ocrx_word' id='word_1_430' title='bbox 1420 637 1600 682; x_wconf 77' lang='grc' dir='ltr'>ἐκπερᾶσαι</span> <span class='ocrx_word' id='word_1_431' title='bbox 1618 636 1755 670; x_wconf 86' lang='grc' dir='ltr'>ποντιᾶν</span> <span class='ocrx_word' id='word_1_432' title='bbox 1780 637 2034 682; x_wconf 86' lang='grc' dir='ltr'>Ξυμπληγάδων</span> <span class='ocrx_word' id='word_1_433' title='bbox 2058 637 2189 672; x_wconf 81' lang='grc' dir='ltr'>κλεινὰν</span> <span class='ocrx_word' id='word_1_434' title='bbox 2207 638 2261 672; x_wconf 81' lang='grc' dir='ltr'>επὶ</span> <span class='ocrx_word' id='word_1_435' title='bbox 2279 649 2356 671; x_wconf 85' lang='grc' dir='ltr'>ναυ-</span> 
     </span>
     <span class='ocr_line' id='line_1_91' title="bbox 1474 687 2355 735; baseline -0.001 -12"><span class='ocrx_word' id='word_1_436' title='bbox 1474 687 1624 728; x_wconf 87' lang='grc' dir='ltr'>στολίαν,</span> <span class='ocrx_word' id='word_1_437' title='bbox 2297 701 2355 735; x_wconf 82' lang='lat'>795</span> 
     </span>
    </p>

    <p class='ocr_par' dir='ltr' id='par_1_51' title="bbox 1422 738 1916 786">
     <span class='ocr_line' id='line_1_92' title="bbox 1422 738 1916 786; baseline 0.002 -12"><span class='ocrx_word' id='word_1_438' title='bbox 1422 739 1549 775; x_wconf 82' lang='grc' dir='ltr'>Ἰλιάδα</span> <span class='ocrx_word' id='word_1_439' title='bbox 1566 754 1603 773; x_wconf 89' lang='grc' dir='ltr'>τε</span> <span class='ocrx_word' id='word_1_440' title='bbox 1621 741 1721 775; x_wconf 91' lang='grc' dir='ltr'>πόλιν</span> <span class='ocrx_word' id='word_1_441' title='bbox 1739 738 1794 774; x_wconf 87' lang='grc' dir='ltr'>ὅτε</span> <span class='ocrx_word' id='word_1_442' title='bbox 1812 741 1916 786; x_wconf 88' lang='grc' dir='ltr'>πάρος</span> 
     </span>
    </p>

    <p class='ocr_par' dir='ltr' id='par_1_52' title="bbox 1421 789 1767 837">
     <span class='ocr_line' id='line_1_93' title="bbox 1421 789 1767 837; baseline -0.003 -10"><span class='ocrx_word' id='word_1_443' title='bbox 1421 793 1592 837; x_wconf 86' lang='grc' dir='ltr'>εὐδόκιμος</span> <span class='ocrx_word' id='word_1_444' title='bbox 1610 794 1689 829; x_wconf 88' lang='grc' dir='ltr'>Διὸς</span> <span class='ocrx_word' id='word_1_445' title='bbox 1707 789 1767 827; x_wconf 82' lang='grc' dir='ltr'>ἶνις</span> 
     </span>
    </p>

    <p class='ocr_par' dir='ltr' id='par_1_53' title="bbox 1420 845 1745 892">
     <span class='ocr_line' id='line_1_94' title="bbox 1420 845 1745 892; baseline -0.003 -12"><span class='ocrx_word' id='word_1_446' title='bbox 1420 845 1621 890; x_wconf 86' lang='grc' dir='ltr'>ἀμφέβαλεν</span> <span class='ocrx_word' id='word_1_447' title='bbox 1638 845 1745 892; x_wconf 81' lang='grc' dir='ltr'>φόνῳ,</span> 
     </span>
    </p>

    <p class='ocr_par' dir='ltr' id='par_1_54' title="bbox 1422 897 1903 942">
     <span class='ocr_line' id='line_1_95' title="bbox 1422 897 1903 942; baseline 0 -11"><span class='ocrx_word' id='word_1_448' title='bbox 1422 897 1533 932; x_wconf 85' lang='grc' dir='ltr'>κοινὰν</span> <span class='ocrx_word' id='word_1_449' title='bbox 1550 897 1610 931; x_wconf 91' lang='grc' dir='ltr'>τὰν</span> <span class='ocrx_word' id='word_1_450' title='bbox 1627 897 1779 931; x_wconf 79' lang='grc' dir='ltr'>εὔκλειαν</span> <span class='ocrx_word' id='word_1_451' title='bbox 1796 897 1903 942; x_wconf 77' lang='grc' dir='ltr'>ἔχοντ’</span> 
     </span>
    </p>

    <p class='ocr_par' dir='ltr' id='par_1_55' title="bbox 1419 949 1792 996">
     <span class='ocr_line' id='line_1_96' title="bbox 1419 949 1792 996; baseline 0 -13"><span class='ocrx_word' id='word_1_452' title='bbox 1419 950 1583 996; x_wconf 79' lang='grc' dir='ltr'>Εὐρώπαν</span> <span class='ocrx_word' id='word_1_453' title='bbox 1599 949 1792 994; x_wconf 90' lang='grc' dir='ltr'>ἀφικέσθαι.</span> 
     </span>
    </p>

    <p class='ocr_par' dir='ltr' id='par_1_56' title="bbox 1421 1001 2089 1051">
     <span class='ocr_line' id='line_1_97' title="bbox 1421 1001 2089 1051; baseline 0.001 -15"><span class='ocrx_word' id='word_1_454' title='bbox 1421 1002 1447 1036; x_wconf 79' lang='grc' dir='ltr'>ὦ</span> <span class='ocrx_word' id='word_1_455' title='bbox 1465 1002 1627 1048; x_wconf 89' lang='grc' dir='ltr'>φίλταται</span> <span class='ocrx_word' id='word_1_456' title='bbox 1644 1003 1807 1048; x_wconf 89' lang='grc' dir='ltr'>γυναῖκες,</span> <span class='ocrx_word' id='word_1_457' title='bbox 1825 1001 1869 1037; x_wconf 84' lang='grc' dir='ltr'>ὡς</span> <span class='ocrx_word' id='word_1_458' title='bbox 1887 1002 1985 1036; x_wconf 84' lang='grc' dir='ltr'>κακὸν</span> <span class='ocrx_word' id='word_1_459' title='bbox 2002 1004 2089 1051; x_wconf 79' lang='grc' dir='ltr'>κακῷ</span> 
     </span>
    </p>

    <p class='ocr_par' dir='ltr' id='par_1_57' title="bbox 1420 1051 2074 1099">
     <span class='ocr_line' id='line_1_98' title="bbox 1420 1051 2074 1099; baseline 0.002 -10"><span class='ocrx_word' id='word_1_460' title='bbox 1420 1054 1578 1099; x_wconf 89' lang='grc' dir='ltr'>διάδοχον</span> <span class='ocrx_word' id='word_1_461' title='bbox 1596 1053 1631 1088; x_wconf 85' lang='grc' dir='ltr'>ἐν</span> <span class='ocrx_word' id='word_1_462' title='bbox 1647 1051 1720 1098; x_wconf 84' lang='grc' dir='ltr'>τῇδ’</span> <span class='ocrx_word' id='word_1_463' title='bbox 1739 1053 1844 1099; x_wconf 81' lang='grc' dir='ltr'>ἡμέρᾳ</span> <span class='ocrx_word' id='word_1_464' title='bbox 1860 1053 2074 1099; x_wconf 86' lang='grc' dir='ltr'>πορσύνεται.</span> 
     </span>
    </p>

    <p class='ocr_par' dir='ltr' id='par_1_58' title="bbox 1420 1103 2185 1154">
     <span class='ocr_line' id='line_1_99' title="bbox 1420 1103 2185 1154; baseline 0 -12"><span class='ocrx_word' id='word_1_465' title='bbox 1420 1106 1582 1142; x_wconf 85' lang='grc' dir='ltr'>δέσποινα</span> <span class='ocrx_word' id='word_1_466' title='bbox 1599 1106 1664 1153; x_wconf 88' lang='grc' dir='ltr'>γὰρ</span> <span class='ocrx_word' id='word_1_467' title='bbox 1683 1106 1752 1140; x_wconf 88' lang='grc' dir='ltr'>κατ’</span> <span class='ocrx_word' id='word_1_468' title='bbox 1772 1103 1872 1147; x_wconf 81' lang='grc' dir='ltr'>οἶκον,</span> <span class='ocrx_word' id='word_1_469' title='bbox 1890 1105 2066 1153; x_wconf 79' lang='grc' dir='ltr'>Ἑρμιόνην</span> <span class='ocrx_word' id='word_1_470' title='bbox 2082 1107 2185 1154; x_wconf 87' lang='grc' dir='ltr'>λέγω,</span> 
     </span>
    </p>

    <p class='ocr_par' dir='ltr' id='par_1_59' title="bbox 1418 1157 2108 1205">
     <span class='ocr_line' id='line_1_100' title="bbox 1418 1157 2108 1205; baseline -0.001 -10"><span class='ocrx_word' id='word_1_471' title='bbox 1418 1158 1543 1205; x_wconf 83' lang='grc' dir='ltr'>πατρός</span> <span class='ocrx_word' id='word_1_472' title='bbox 1560 1157 1588 1193; x_wconf 86' lang='grc' dir='ltr'>τ’</span> <span class='ocrx_word' id='word_1_473' title='bbox 1609 1157 1819 1203; x_wconf 82' lang='grc' dir='ltr'>ἐρημωθεῖσα</span> <span class='ocrx_word' id='word_1_474' title='bbox 1837 1157 1973 1204; x_wconf 80' lang='grc' dir='ltr'>συννοίᾳ</span> <span class='ocrx_word' id='word_1_475' title='bbox 1991 1158 2021 1194; x_wconf 87' lang='grc' dir='ltr'>θ’</span> <span class='ocrx_word' id='word_1_476' title='bbox 2040 1160 2108 1205; x_wconf 80' lang='grc' dir='ltr'>ἅμα</span> 
     </span>
    </p>

    <p class='ocr_par' dir='ltr' id='par_1_60' title="bbox 1419 1209 2183 1257">
     <span class='ocr_line' id='line_1_101' title="bbox 1419 1209 2183 1257; baseline 0 -11"><span class='ocrx_word' id='word_1_477' title='bbox 1419 1209 1490 1246; x_wconf 83' lang='grc' dir='ltr'>οἷον</span> <span class='ocrx_word' id='word_1_478' title='bbox 1508 1211 1664 1257; x_wconf 88' lang='grc' dir='ltr'>δέδρακεν</span> <span class='ocrx_word' id='word_1_479' title='bbox 1681 1211 1789 1257; x_wconf 78' lang='grc' dir='ltr'>ἔργον,</span> <span class='ocrx_word' id='word_1_480' title='bbox 1807 1209 2039 1257; x_wconf 81' lang='grc' dir='ltr'>Ἀνδρομάχην</span> <span class='ocrx_word' id='word_1_481' title='bbox 2056 1214 2183 1247; x_wconf 88' lang='grc' dir='ltr'>κτανεῖν</span> 
     </span>
    </p>

    <p class='ocr_par' dir='ltr' id='par_1_61' title="bbox 1420 1261 2160 1306">
     <span class='ocr_line' id='line_1_102' title="bbox 1420 1261 2160 1306; baseline 0.001 -8"><span class='ocrx_word' id='word_1_482' title='bbox 1420 1264 1474 1298; x_wconf 83' lang='grc' dir='ltr'>καὶ</span> <span class='ocrx_word' id='word_1_483' title='bbox 1491 1263 1595 1299; x_wconf 90' lang='grc' dir='ltr'>παῖδα</span> <span class='ocrx_word' id='word_1_484' title='bbox 1611 1261 1845 1306; x_wconf 86' lang='grc' dir='ltr'>βουλεύσασα,</span> <span class='ocrx_word' id='word_1_485' title='bbox 1865 1263 2036 1299; x_wconf 88' lang='grc' dir='ltr'>κατθανεῖν</span> <span class='ocrx_word' id='word_1_486' title='bbox 2053 1263 2160 1306; x_wconf 85' lang='grc' dir='ltr'>θέλει,</span> 
     </span>
    </p>

    <p class='ocr_par' dir='ltr' id='par_1_62' title="bbox 1418 1314 2144 1363">
     <span class='ocr_line' id='line_1_103' title="bbox 1418 1314 2144 1363; baseline 0.001 -12"><span class='ocrx_word' id='word_1_487' title='bbox 1418 1318 1522 1351; x_wconf 87' lang='grc' dir='ltr'>πόσιν</span> <span class='ocrx_word' id='word_1_488' title='bbox 1538 1315 1720 1362; x_wconf 83' lang='grc' dir='ltr'>τρέμουσα,</span> <span class='ocrx_word' id='word_1_489' title='bbox 1739 1314 1837 1359; x_wconf 78' lang='grc' dir='ltr'>μάντὶ</span> <span class='ocrx_word' id='word_1_490' title='bbox 1853 1318 1920 1350; x_wconf 87' lang='grc' dir='ltr'>τῶν</span> <span class='ocrx_word' id='word_1_491' title='bbox 1937 1316 2144 1363; x_wconf 87' lang='grc' dir='ltr'>δεδραμένων</span> 
     </span>
    </p>

    <p class='ocr_par' dir='ltr' id='par_1_63' title="bbox 1418 1365 2097 1413">
     <span class='ocr_line' id='line_1_104' title="bbox 1418 1365 2097 1413; baseline 0.001 -11"><span class='ocrx_word' id='word_1_492' title='bbox 1418 1368 1456 1402; x_wconf 87' lang='grc' dir='ltr'>ἐκ</span> <span class='ocrx_word' id='word_1_493' title='bbox 1473 1365 1570 1402; x_wconf 86' lang='grc' dir='ltr'>τῶνδ’</span> <span class='ocrx_word' id='word_1_494' title='bbox 1591 1368 1714 1413; x_wconf 87' lang='grc' dir='ltr'>ἀτίμως</span> <span class='ocrx_word' id='word_1_495' title='bbox 1732 1368 1890 1412; x_wconf 90' lang='grc' dir='ltr'>δωμάτων</span> <span class='ocrx_word' id='word_1_496' title='bbox 1906 1369 2097 1413; x_wconf 87' lang='grc' dir='ltr'>ἀποσταλῇ,</span> 
     </span>
    </p>

    <p class='ocr_par' dir='ltr' id='par_1_64' title="bbox 1417 1419 2200 1468">
     <span class='ocr_line' id='line_1_105' title="bbox 1417 1419 2200 1468; baseline 0.003 -14"><span class='ocrx_word' id='word_1_497' title='bbox 1417 1420 1438 1466; x_wconf 89' lang='grc' dir='ltr'>ἢ</span> <span class='ocrx_word' id='word_1_498' title='bbox 1458 1419 1612 1464; x_wconf 87' lang='grc' dir='ltr'>κατθάνῃ,</span> <span class='ocrx_word' id='word_1_499' title='bbox 1634 1419 1792 1455; x_wconf 90' lang='grc' dir='ltr'>κτείνασα</span> <span class='ocrx_word' id='word_1_500' title='bbox 1808 1420 1885 1457; x_wconf 81' lang='grc' dir='ltr'>τοὺς</span> <span class='ocrx_word' id='word_1_501' title='bbox 1902 1421 1942 1455; x_wconf 81' lang='grc' dir='ltr'>οὗ</span> <span class='ocrx_word' id='word_1_502' title='bbox 1959 1423 2046 1468; x_wconf 86' lang='grc' dir='ltr'>χρῆν</span> <span class='ocrx_word' id='word_1_503' title='bbox 2063 1423 2200 1457; x_wconf 92' lang='grc' dir='ltr'>κτανεῖν.</span> 
     </span>
    </p>

    <p class='ocr_par' dir='ltr' id='par_1_65' title="bbox 1418 1472 2100 1520">
     <span class='ocr_line' id='line_1_106' title="bbox 1418 1472 2100 1520; baseline 0.001 -13"><span class='ocrx_word' id='word_1_504' title='bbox 1418 1474 1517 1518; x_wconf 90' lang='grc' dir='ltr'>μόλις</span> <span class='ocrx_word' id='word_1_505' title='bbox 1535 1473 1572 1508; x_wconf 91' lang='grc' dir='ltr'>δέ</span> <span class='ocrx_word' id='word_1_506' title='bbox 1590 1487 1639 1508; x_wconf 92' lang='grc' dir='ltr'>νιν</span> <span class='ocrx_word' id='word_1_507' title='bbox 1656 1472 1824 1507; x_wconf 87' lang='grc' dir='ltr'>θέλουσαν</span> <span class='ocrx_word' id='word_1_508' title='bbox 1841 1472 1984 1519; x_wconf 85' lang='grc' dir='ltr'>ἀρτῆσαι</span> <span class='ocrx_word' id='word_1_509' title='bbox 2003 1474 2100 1520; x_wconf 88' lang='grc' dir='ltr'>δέρην</span> 
     </span>
    </p>

    <p class='ocr_par' dir='ltr' id='par_1_66' title="bbox 1419 1523 2115 1572">
     <span class='ocr_line' id='line_1_107' title="bbox 1419 1523 2115 1572; baseline 0.001 -12"><span class='ocrx_word' id='word_1_510' title='bbox 1419 1524 1572 1572; x_wconf 81' lang='grc' dir='ltr'>εἴργουσι</span> <span class='ocrx_word' id='word_1_511' title='bbox 1590 1523 1741 1570; x_wconf 83' lang='grc' dir='ltr'>φύλακες</span> <span class='ocrx_word' id='word_1_512' title='bbox 1759 1525 1875 1569; x_wconf 91' lang='grc' dir='ltr'>δμῶες,</span> <span class='ocrx_word' id='word_1_513' title='bbox 1894 1526 1930 1560; x_wconf 84' lang='grc' dir='ltr'>ἔκ</span> <span class='ocrx_word' id='word_1_514' title='bbox 1947 1540 1985 1560; x_wconf 92' lang='grc' dir='ltr'>τε</span> <span class='ocrx_word' id='word_1_515' title='bbox 2002 1526 2115 1570; x_wconf 79' lang='grc' dir='ltr'>δεξιᾶς</span> 
     </span>
    </p>

    <p class='ocr_par' dir='ltr' id='par_1_67' title="bbox 1419 1576 2047 1624">
     <span class='ocr_line' id='line_1_108' title="bbox 1419 1576 2047 1624; baseline -0.002 -11"><span class='ocrx_word' id='word_1_516' title='bbox 1419 1578 1504 1623; x_wconf 79' lang='grc' dir='ltr'>ξίφη</span> <span class='ocrx_word' id='word_1_517' title='bbox 1524 1577 1793 1624; x_wconf 78' lang='grc' dir='ltr'>καθαρπάζουσιν</span> <span class='ocrx_word' id='word_1_518' title='bbox 1810 1576 2047 1624; x_wconf 80' lang='grc' dir='ltr'>ἐξαιρούμενοι.</span> 
     </span>
    </p>

    <p class='ocr_par' dir='ltr' id='par_1_68' title="bbox 1419 1627 2167 1677">
     <span class='ocr_line' id='line_1_109' title="bbox 1419 1627 2167 1677; baseline 0.001 -12"><span class='ocrx_word' id='word_1_519' title='bbox 1419 1629 1505 1665; x_wconf 79' lang='grc' dir='ltr'>οὕτω</span> <span class='ocrx_word' id='word_1_520' title='bbox 1523 1627 1599 1677; x_wconf 81' lang='grc' dir='ltr'>μέγ’</span> <span class='ocrx_word' id='word_1_521' title='bbox 1621 1629 1735 1675; x_wconf 86' lang='grc' dir='ltr'>ἀλγεῖ,</span> <span class='ocrx_word' id='word_1_522' title='bbox 1755 1630 1809 1665; x_wconf 82' lang='grc' dir='ltr'>καὶ</span> <span class='ocrx_word' id='word_1_523' title='bbox 1826 1630 1868 1663; x_wconf 87' lang='grc' dir='ltr'>τὰ</span> <span class='ocrx_word' id='word_1_524' title='bbox 1885 1645 1967 1677; x_wconf 91' lang='grc' dir='ltr'>πριν</span> <span class='ocrx_word' id='word_1_525' title='bbox 1984 1629 2167 1677; x_wconf 83' lang='grc' dir='ltr'>δεδραμένα</span> 
     </span>
    </p>

    <p class='ocr_par' dir='ltr' id='par_1_69' title="bbox 1419 1680 2161 1730">
     <span class='ocr_line' id='line_1_110' title="bbox 1419 1680 2161 1730; baseline 0.001 -13"><span class='ocrx_word' id='word_1_526' title='bbox 1419 1683 1542 1730; x_wconf 81' lang='grc' dir='ltr'>ἔγνωκε</span> <span class='ocrx_word' id='word_1_527' title='bbox 1559 1680 1707 1729; x_wconf 82' lang='grc' dir='ltr'>πράξασ’</span> <span class='ocrx_word' id='word_1_528' title='bbox 1726 1682 1765 1716; x_wconf 86' lang='grc' dir='ltr'>οὗ</span> <span class='ocrx_word' id='word_1_529' title='bbox 1784 1682 1903 1718; x_wconf 88' lang='grc' dir='ltr'>καλῶς.</span> <span class='ocrx_word' id='word_1_530' title='bbox 1941 1683 2007 1729; x_wconf 85' lang='grc' dir='ltr'>ἐγὼ</span> <span class='ocrx_word' id='word_1_531' title='bbox 2024 1683 2085 1728; x_wconf 81' lang='grc' dir='ltr'>μὲν</span> <span class='ocrx_word' id='word_1_532' title='bbox 2101 1681 2161 1719; x_wconf 72' lang='grc' dir='ltr'>οὖν</span> 
     </span>
    </p>

    <p class='ocr_par' dir='ltr' id='par_1_70' title="bbox 1419 1733 2195 1782">
     <span class='ocr_line' id='line_1_111' title="bbox 1419 1733 2195 1782; baseline 0.001 -12"><span class='ocrx_word' id='word_1_533' title='bbox 1419 1736 1598 1771; x_wconf 86' lang='grc' dir='ltr'>δέσποιναν</span> <span class='ocrx_word' id='word_1_534' title='bbox 1616 1733 1764 1781; x_wconf 83' lang='grc' dir='ltr'>εἵργουσ’</span> <span class='ocrx_word' id='word_1_535' title='bbox 1784 1734 1927 1781; x_wconf 85' lang='grc' dir='ltr'>ἀγχόνης</span> <span class='ocrx_word' id='word_1_536' title='bbox 1944 1736 2066 1780; x_wconf 89' lang='grc' dir='ltr'>κάμνω,</span> <span class='ocrx_word' id='word_1_537' title='bbox 2085 1735 2195 1782; x_wconf 89' lang='grc' dir='ltr'>φίλαι·</span> 
     </span>
    </p>

    <p class='ocr_par' dir='ltr' id='par_1_71' title="bbox 1418 1787 2074 1833">
     <span class='ocr_line' id='line_1_112' title="bbox 1418 1787 2074 1833; baseline 0.002 -11"><span class='ocrx_word' id='word_1_538' title='bbox 1418 1788 1510 1833; x_wconf 80' lang='grc' dir='ltr'>ὑμεῖς</span> <span class='ocrx_word' id='word_1_539' title='bbox 1528 1788 1564 1823; x_wconf 84' lang='grc' dir='ltr'>δὲ</span> <span class='ocrx_word' id='word_1_540' title='bbox 1581 1789 1690 1830; x_wconf 80' lang='grc' dir='ltr'>βᾶσαι</span> <span class='ocrx_word' id='word_1_541' title='bbox 1708 1787 1811 1822; x_wconf 87' lang='grc' dir='ltr'>τῶνδε</span> <span class='ocrx_word' id='word_1_542' title='bbox 1829 1787 1988 1833; x_wconf 90' lang='grc' dir='ltr'>δωμάτων</span> <span class='ocrx_word' id='word_1_543' title='bbox 2005 1788 2074 1823; x_wconf 82' lang='grc' dir='ltr'>ἔσω</span> 
     </span>
    </p>

    <p class='ocr_par' dir='ltr' id='par_1_72' title="bbox 1418 1838 2168 1887">
     <span class='ocr_line' id='line_1_113' title="bbox 1418 1838 2168 1887; baseline 0.004 -13"><span class='ocrx_word' id='word_1_544' title='bbox 1418 1840 1560 1875; x_wconf 86' lang='grc' dir='ltr'>θανάτου</span> <span class='ocrx_word' id='word_1_545' title='bbox 1578 1854 1628 1874; x_wconf 91' lang='grc' dir='ltr'>νιν</span> <span class='ocrx_word' id='word_1_546' title='bbox 1641 1838 1844 1874; x_wconf 89' lang='grc' dir='ltr'>ἐκλύσασθε·</span> <span class='ocrx_word' id='word_1_547' title='bbox 1870 1843 1937 1875; x_wconf 93' lang='grc' dir='ltr'>τῶν</span> <span class='ocrx_word' id='word_1_548' title='bbox 1953 1841 2019 1887; x_wconf 81' lang='grc' dir='ltr'>γὰρ</span> <span class='ocrx_word' id='word_1_549' title='bbox 2036 1839 2168 1886; x_wconf 80' lang='grc' dir='ltr'>ἠθάδων</span> 
     </span>
    </p>

    <p class='ocr_par' dir='ltr' id='par_1_73' title="bbox 1417 1892 2072 1940">
     <span class='ocr_line' id='line_1_114' title="bbox 1417 1892 2072 1940; baseline 0 -13"><span class='ocrx_word' id='word_1_550' title='bbox 1417 1892 1530 1938; x_wconf 90' lang='grc' dir='ltr'>φίλων</span> <span class='ocrx_word' id='word_1_551' title='bbox 1548 1894 1616 1928; x_wconf 89' lang='grc' dir='ltr'>νέοι</span> <span class='ocrx_word' id='word_1_552' title='bbox 1634 1893 1795 1936; x_wconf 91' lang='grc' dir='ltr'>μολόντες</span> <span class='ocrx_word' id='word_1_553' title='bbox 1812 1892 2072 1940; x_wconf 80' lang='grc' dir='ltr'>εὒπειθέστεροι.</span> 
     </span>
    </p>

    <p class='ocr_par' dir='ltr' id='par_1_74' title="bbox 1419 1944 2128 1991">
     <span class='ocr_line' id='line_1_115' title="bbox 1419 1944 2128 1991; baseline 0.001 -11"><span class='ocrx_word' id='word_1_554' title='bbox 1419 1946 1472 1980; x_wconf 86' lang='grc' dir='ltr'>καὶ</span> <span class='ocrx_word' id='word_1_555' title='bbox 1489 1946 1553 1991; x_wconf 88' lang='grc' dir='ltr'>μὴν</span> <span class='ocrx_word' id='word_1_556' title='bbox 1572 1946 1607 1979; x_wconf 89' lang='grc' dir='ltr'>ἐν</span> <span class='ocrx_word' id='word_1_557' title='bbox 1624 1958 1726 1980; x_wconf 85' lang='grc' dir='ltr'>οικοις</span> <span class='ocrx_word' id='word_1_558' title='bbox 1743 1946 1987 1990; x_wconf 85' lang='grc' dir='ltr'>προσπόλων’</span> <span class='ocrx_word' id='word_1_559' title='bbox 1967 1944 2128 1991; x_wconf 90' lang='grc' dir='ltr'>ακούομεν</span> 
     </span>
    </p>

    <p class='ocr_par' dir='ltr' id='par_1_75' title="bbox 1416 1995 2120 2045">
     <span class='ocr_line' id='line_1_116' title="bbox 1416 1995 2120 2045; baseline 0.001 -13"><span class='ocrx_word' id='word_1_560' title='bbox 1416 1998 1502 2042; x_wconf 89' lang='grc' dir='ltr'>βοὴν</span> <span class='ocrx_word' id='word_1_561' title='bbox 1519 1997 1575 2045; x_wconf 73' lang='grc' dir='ltr'>εφ’</span> <span class='ocrx_word' id='word_1_562' title='bbox 1595 1995 1685 2032; x_wconf 85' lang='grc' dir='ltr'>οἷσιν</span> <span class='ocrx_word' id='word_1_563' title='bbox 1701 1996 1839 2041; x_wconf 84' lang='grc' dir='ltr'>ἧλθες’</span> <span class='ocrx_word' id='word_1_564' title='bbox 1820 2011 1902 2043; x_wconf 86' lang='grc' dir='ltr'>αγγε</span> <span class='ocrx_word' id='word_1_565' title='bbox 1897 1998 2045 2033; x_wconf 88' lang='grc' dir='ltr'>’λλουσα</span> <span class='ocrx_word' id='word_1_566' title='bbox 2062 1996 2120 2035; x_wconf 85' lang='grc' dir='ltr'>σύ.</span> 
     </span>
    </p>

    <p class='ocr_par' dir='ltr' id='par_1_76' title="bbox 1416 2048 2126 2095">
     <span class='ocr_line' id='line_1_117' title="bbox 1416 2048 2126 2095; baseline -0.001 -9"><span class='ocrx_word' id='word_1_567' title='bbox 1416 2050 1538 2095; x_wconf 77' lang='grc' dir='ltr'>δείξειν</span> <span class='ocrx_word' id='word_1_568' title='bbox 1556 2049 1585 2086; x_wconf 90' lang='grc' dir='ltr'>δ’</span> <span class='ocrx_word' id='word_1_569' title='bbox 1606 2051 1710 2084; x_wconf 82' lang='grc' dir='ltr'>ἔοικεν</span> <span class='ocrx_word' id='word_1_570' title='bbox 1727 2049 1747 2093; x_wconf 88' lang='grc' dir='ltr'>ἡ</span> <span class='ocrx_word' id='word_1_571' title='bbox 1765 2048 1894 2084; x_wconf 83' lang='grc' dir='ltr'>τάλαιν’</span> <span class='ocrx_word' id='word_1_572' title='bbox 1915 2049 1997 2085; x_wconf 88' lang='grc' dir='ltr'>ὅσον</span> <span class='ocrx_word' id='word_1_573' title='bbox 2017 2050 2126 2086; x_wconf 86' lang='grc' dir='ltr'>στένει</span> 
     </span>
    </p>

    <p class='ocr_par' dir='ltr' id='par_1_77' title="bbox 1415 2102 2104 2150">
     <span class='ocr_line' id='line_1_118' title="bbox 1415 2102 2104 2150; baseline -0.001 -11"><span class='ocrx_word' id='word_1_574' title='bbox 1415 2102 1576 2150; x_wconf 78' lang='grc' dir='ltr'>πράξασα</span> <span class='ocrx_word' id='word_1_575' title='bbox 1594 2102 1694 2137; x_wconf 83' lang='grc' dir='ltr'>δεινά·</span> <span class='ocrx_word' id='word_1_576' title='bbox 1723 2102 1882 2147; x_wconf 90' lang='grc' dir='ltr'>δωμάτων</span> <span class='ocrx_word' id='word_1_577' title='bbox 1898 2103 1964 2149; x_wconf 89' lang='grc' dir='ltr'>γὰρ</span> <span class='ocrx_word' id='word_1_578' title='bbox 1983 2103 2104 2149; x_wconf 78' lang='grc' dir='ltr'>ἐκπερᾷ</span> 
     </span>
    </p>

    <p class='ocr_par' dir='ltr' id='par_1_78' title="bbox 1415 2155 2213 2204">
     <span class='ocr_line' id='line_1_119' title="bbox 1415 2155 2213 2204; baseline 0.004 -15"><span class='ocrx_word' id='word_1_579' title='bbox 1415 2155 1594 2203; x_wconf 84' lang='grc' dir='ltr'>φεύγουσα</span> <span class='ocrx_word' id='word_1_580' title='bbox 1611 2157 1726 2201; x_wconf 86' lang='grc' dir='ltr'>χεῖρας</span> <span class='ocrx_word' id='word_1_581' title='bbox 1743 2155 1961 2201; x_wconf 87' lang='grc' dir='ltr'>προσπόλων,</span> <span class='ocrx_word' id='word_1_582' title='bbox 1982 2155 2076 2204; x_wconf 81' lang='grc' dir='ltr'>πόθῳ</span> <span class='ocrx_word' id='word_1_583' title='bbox 2095 2155 2213 2192; x_wconf 77' lang='grc' dir='ltr'>θανεῖν.</span> 
     </span>
    </p>

    <p class='ocr_par' dir='ltr' id='par_1_79' title="bbox 1415 2208 1614 2254">
     <span class='ocr_line' id='line_1_120' title="bbox 1415 2208 1614 2254; baseline 0.01 -12"><span class='ocrx_word' id='word_1_584' title='bbox 1415 2208 1453 2242; x_wconf 86' lang='grc' dir='ltr'>ἰώ</span> <span class='ocrx_word' id='word_1_585' title='bbox 1470 2209 1529 2253; x_wconf 89' lang='grc' dir='ltr'>μοί</span> <span class='ocrx_word' id='word_1_586' title='bbox 1546 2223 1614 2254; x_wconf 90' lang='grc' dir='ltr'>μοι.</span> 
     </span>
    </p>

    <p class='ocr_par' dir='ltr' id='par_1_80' title="bbox 1416 2259 2056 2309">
     <span class='ocr_line' id='line_1_121' title="bbox 1416 2259 2056 2309; baseline -0.002 -13"><span class='ocrx_word' id='word_1_587' title='bbox 1416 2262 1598 2309; x_wconf 90' lang='grc' dir='ltr'>σπάραγμα</span> <span class='ocrx_word' id='word_1_588' title='bbox 1616 2263 1717 2306; x_wconf 88' lang='grc' dir='ltr'>κόμας</span> <span class='ocrx_word' id='word_1_589' title='bbox 1735 2259 1863 2306; x_wconf 88' lang='grc' dir='ltr'>ὀνύχων</span> <span class='ocrx_word' id='word_1_590' title='bbox 1879 2274 1914 2295; x_wconf 88' lang='grc' dir='ltr'>τε</span> <span class='ocrx_word' id='word_1_591' title='bbox 1934 2259 2001 2295; x_wconf 82' lang='grc' dir='ltr'>δάῒ’</span> <span class='ocrx_word' id='word_1_592' title='bbox 2020 2260 2056 2295; x_wconf 90' lang='grc' dir='ltr'>ἀ-</span> 
     </span>
    </p>

    <p class='ocr_par' dir='ltr' id='par_1_81' title="bbox 1414 2313 1747 2360">
     <span class='ocr_line' id='line_1_122' title="bbox 1414 2313 1747 2360; baseline -0.003 -12"><span class='ocrx_word' id='word_1_593' title='bbox 1414 2313 1570 2360; x_wconf 88' lang='grc' dir='ltr'>μύγματα</span> <span class='ocrx_word' id='word_1_594' title='bbox 1589 2314 1747 2359; x_wconf 86' lang='grc' dir='ltr'>θήσομαι.</span> 
     </span>
    </p>

    <p class='ocr_par' dir='ltr' id='par_1_82' title="bbox 1413 2365 2154 2414">
     <span class='ocr_line' id='line_1_123' title="bbox 1413 2365 2154 2414; baseline 0.003 -14"><span class='ocrx_word' id='word_1_595' title='bbox 1413 2365 1439 2400; x_wconf 82' lang='grc' dir='ltr'>ὦ</span> <span class='ocrx_word' id='word_1_596' title='bbox 1457 2370 1528 2408; x_wconf 88' lang='grc' dir='ltr'>παῖ,</span> <span class='ocrx_word' id='word_1_597' title='bbox 1546 2368 1579 2402; x_wconf 92' lang='grc' dir='ltr'>τί</span> <span class='ocrx_word' id='word_1_598' title='bbox 1597 2367 1754 2414; x_wconf 82' lang='grc' dir='ltr'>δράσεις,·</span> <span class='ocrx_word' id='word_1_599' title='bbox 1782 2369 1879 2411; x_wconf 90' lang='grc' dir='ltr'>σῶμα</span> <span class='ocrx_word' id='word_1_600' title='bbox 1897 2366 1961 2401; x_wconf 91' lang='grc' dir='ltr'>σὸν</span> <span class='ocrx_word' id='word_1_601' title='bbox 1977 2368 2154 2407; x_wconf 84' lang='grc' dir='ltr'>καταικιεῖ;</span> 
     </span>
    </p>

    <p class='ocr_par' dir='ltr' id='par_1_83' title="bbox 1412 2419 1575 2454">
     <span class='ocr_line' id='line_1_124' title="bbox 1412 2419 1575 2454; baseline 0 -1"><span class='ocrx_word' id='word_1_602' title='bbox 1412 2419 1481 2454; x_wconf 86' lang='grc' dir='ltr'>αῖαῖ</span> <span class='ocrx_word' id='word_1_603' title='bbox 1498 2420 1575 2454; x_wconf 87' lang='grc' dir='ltr'>αἶαῖ.</span> 
     </span>
    </p>

    <p class='ocr_par' dir='ltr' id='par_1_84' title="bbox 1413 2470 2035 2519">
     <span class='ocr_line' id='line_1_125' title="bbox 1413 2470 2035 2519; baseline 0.002 -14"><span class='ocrx_word' id='word_1_604' title='bbox 1413 2471 1482 2518; x_wconf 83' lang='grc' dir='ltr'>ἔρρ’</span> <span class='ocrx_word' id='word_1_605' title='bbox 1502 2471 1648 2519; x_wconf 85' lang='grc' dir='ltr'>αἰθέριον</span> <span class='ocrx_word' id='word_1_606' title='bbox 1664 2472 1844 2517; x_wconf 87' lang='grc' dir='ltr'>πλοκάμων</span> <span class='ocrx_word' id='word_1_607' title='bbox 1861 2471 1946 2517; x_wconf 90' lang='grc' dir='ltr'>ἐμῶν</span> <span class='ocrx_word' id='word_1_608' title='bbox 1959 2470 2035 2512; x_wconf 83' lang='grc' dir='ltr'>ὅπο,</span> 
     </span>
    </p>

    <p class='ocr_par' dir='ltr' id='par_1_85' title="bbox 1411 2525 1748 2571">
     <span class='ocr_line' id='line_1_126' title="bbox 1411 2525 1748 2571; baseline -0.003 -13"><span class='ocrx_word' id='word_1_609' title='bbox 1411 2525 1611 2569; x_wconf 86' lang='grc' dir='ltr'>λεπτόμιτον</span> <span class='ocrx_word' id='word_1_610' title='bbox 1629 2525 1748 2571; x_wconf 90' lang='grc' dir='ltr'>φάρος.</span> 
     </span>
    </p>

    <p class='ocr_par' dir='ltr' id='par_1_86' title="bbox 1411 2575 2204 2623">
     <span class='ocr_line' id='line_1_127' title="bbox 1411 2575 2204 2623; baseline 0.004 -13"><span class='ocrx_word' id='word_1_611' title='bbox 1411 2576 1534 2619; x_wconf 88' lang='grc' dir='ltr'>τέκνον,</span> <span class='ocrx_word' id='word_1_612' title='bbox 1555 2578 1702 2612; x_wconf 89' lang='grc' dir='ltr'>κάλυπτε</span> <span class='ocrx_word' id='word_1_613' title='bbox 1721 2576 1852 2623; x_wconf 89' lang='grc' dir='ltr'>στέρνα,</span> <span class='ocrx_word' id='word_1_614' title='bbox 1873 2575 2037 2621; x_wconf 83' lang='grc' dir='ltr'>σύνδησαι</span> <span class='ocrx_word' id='word_1_615' title='bbox 2052 2577 2204 2614; x_wconf 88' lang='grc' dir='ltr'>πέπλοις.</span> 
     </span>
    </p>

    <p class='ocr_par' dir='ltr' id='par_1_87' title="bbox 1412 2628 2346 2678">
     <span class='ocr_line' id='line_1_128' title="bbox 1412 2628 2346 2678; baseline 0.004 -14"><span class='ocrx_word' id='word_1_616' title='bbox 1412 2629 1447 2664; x_wconf 89' lang='grc' dir='ltr'>τί</span> <span class='ocrx_word' id='word_1_617' title='bbox 1465 2629 1502 2664; x_wconf 91' lang='grc' dir='ltr'>δέ</span> <span class='ocrx_word' id='word_1_618' title='bbox 1518 2644 1559 2675; x_wconf 93' lang='grc' dir='ltr'>με</span> <span class='ocrx_word' id='word_1_619' title='bbox 1578 2630 1629 2665; x_wconf 90' lang='grc' dir='ltr'>δεῖ</span> <span class='ocrx_word' id='word_1_620' title='bbox 1652 2628 1831 2665; x_wconf 88' lang='grc' dir='ltr'>καλύπτειν</span> <span class='ocrx_word' id='word_1_621' title='bbox 1853 2629 1995 2665; x_wconf 90' lang='grc' dir='ltr'>πέπλοις</span> <span class='ocrx_word' id='word_1_622' title='bbox 2019 2630 2141 2677; x_wconf 88' lang='grc' dir='ltr'>στέρνα</span> <span class='ocrx_word' id='word_1_623' title='bbox 2152 2646 2163 2671; x_wconf 82' lang='grc'>,-</span> <span class='ocrx_word' id='word_1_624' title='bbox 2191 2632 2276 2678; x_wconf 85' lang='grc' dir='ltr'>δῆλα</span> <span class='ocrx_word' id='word_1_625' title='bbox 2294 2633 2346 2668; x_wconf 72' lang='grc' dir='ltr'>καὶ</span> 
     </span>
    </p>

    <p class='ocr_par' dir='ltr' id='par_1_88' title="bbox 1411 2682 2344 2731">
     <span class='ocr_line' id='line_1_129' title="bbox 1411 2682 2344 2731; baseline 0.003 -15"><span class='ocrx_word' id='word_1_626' title='bbox 1411 2682 1590 2728; x_wconf 87' lang='grc' dir='ltr'>ἀμφιφανῆ</span> <span class='ocrx_word' id='word_1_627' title='bbox 1611 2683 1664 2717; x_wconf 86' lang='grc' dir='ltr'>καὶ</span> <span class='ocrx_word' id='word_1_628' title='bbox 1681 2683 1831 2729; x_wconf 83' lang='grc' dir='ltr'>ἄκρυπτα</span> <span class='ocrx_word' id='word_1_629' title='bbox 1849 2682 2051 2728; x_wconf 84' lang='grc' dir='ltr'>δεδράκαμεν</span> <span class='ocrx_word' id='word_1_630' title='bbox 2067 2685 2182 2719; x_wconf 91' lang='grc' dir='ltr'>πόσιν.</span> <span class='ocrx_word' id='word_1_631' title='bbox 2283 2690 2344 2731; x_wconf 81' lang='lat'>835</span> 
     </span>
    </p>

    <p class='ocr_par' dir='ltr' id='par_1_89' title="bbox 1409 2734 2146 2782">
     <span class='ocr_line' id='line_1_130' title="bbox 1409 2734 2146 2782; baseline 0.001 -13"><span class='ocrx_word' id='word_1_632' title='bbox 1409 2734 1535 2781; x_wconf 83' lang='grc' dir='ltr'>ἀλγεῖς,</span> <span class='ocrx_word' id='word_1_633' title='bbox 1555 2736 1662 2781; x_wconf 91' lang='grc' dir='ltr'>φόνον</span> <span class='ocrx_word' id='word_1_634' title='bbox 1678 2734 1825 2781; x_wconf 76' lang='grc' dir='ltr'>ῥάψασα</span> <span class='ocrx_word' id='word_1_635' title='bbox 1843 2734 2007 2782; x_wconf 80' lang='grc' dir='ltr'>συγγάμῳ</span> <span class='ocrx_word' id='word_1_636' title='bbox 2026 2735 2125 2770; x_wconf 92' lang='grc' dir='ltr'>σέθεν</span> <span class='ocrx_word' id='word_1_637' title='bbox 2135 2750 2146 2775; x_wconf 90' lang='lat'>,·</span> 
     </span>
    </p>

    <p class='ocr_par' dir='ltr' id='par_1_90' title="bbox 1408 2784 2182 2834">
     <span class='ocr_line' id='line_1_131' title="bbox 1408 2784 2182 2834; baseline 0.004 -14"><span class='ocrx_word' id='word_1_638' title='bbox 1408 2787 1490 2821; x_wconf 85' lang='grc' dir='ltr'>κατὰ</span> <span class='ocrx_word' id='word_1_639' title='bbox 1507 2786 1569 2832; x_wconf 84' lang='grc' dir='ltr'>μὲν</span> <span class='ocrx_word' id='word_1_640' title='bbox 1586 2786 1643 2822; x_wconf 80' lang='grc' dir='ltr'>οὖν</span> <span class='ocrx_word' id='word_1_641' title='bbox 1661 2787 1767 2823; x_wconf 90' lang='grc' dir='ltr'>στένω</span> <span class='ocrx_word' id='word_1_642' title='bbox 1786 2784 1880 2822; x_wconf 78' lang='grc' dir='ltr'>δαΐαν</span> <span class='ocrx_word' id='word_1_643' title='bbox 1895 2787 2023 2832; x_wconf 90' lang='grc' dir='ltr'>τόλμαν</span> <span class='ocrx_word' id='word_1_644' title='bbox 2040 2787 2080 2823; x_wconf 83' lang='grc' dir='ltr'>ἂν</span> <span class='ocrx_word' id='word_1_645' title='bbox 2097 2787 2182 2834; x_wconf 80' lang='grc' dir='ltr'>ἔρεξ’</span> 
     </span>
    </p>

    <p class='ocr_par' dir='ltr' id='par_1_91' title="bbox 1409 2839 2099 2887">
     <span class='ocr_line' id='line_1_132' title="bbox 1409 2839 2099 2887; baseline 0.006 -15"><span class='ocrx_word' id='word_1_646' title='bbox 1409 2841 1430 2872; x_wconf 90' lang='grc' dir='ltr'>ἁ</span> <span class='ocrx_word' id='word_1_647' title='bbox 1448 2841 1629 2885; x_wconf 89' lang='grc' dir='ltr'>κατάρατος</span> <span class='ocrx_word' id='word_1_648' title='bbox 1646 2839 1713 2886; x_wconf 88' lang='grc' dir='ltr'>ἐγὼ</span> <span class='ocrx_word' id='word_1_649' title='bbox 1731 2841 1912 2886; x_wconf 86' lang='grc' dir='ltr'>κατάρατος</span> <span class='ocrx_word' id='word_1_650' title='bbox 1929 2839 2099 2887; x_wconf 89' lang='grc' dir='ltr'>ἀνδράσιν.</span> 
     </span>
    </p>

    <p class='ocr_par' dir='ltr' id='par_1_92' title="bbox 1408 2890 2124 2939">
     <span class='ocr_line' id='line_1_133' title="bbox 1408 2890 2124 2939; baseline 0.003 -14"><span class='ocrx_word' id='word_1_651' title='bbox 1408 2893 1644 2939; x_wconf 81' lang='grc' dir='ltr'>συγγνώσεταί</span> <span class='ocrx_word' id='word_1_652' title='bbox 1661 2906 1719 2927; x_wconf 90' lang='grc' dir='ltr'>σοι</span> <span class='ocrx_word' id='word_1_653' title='bbox 1736 2890 1826 2936; x_wconf 86' lang='grc' dir='ltr'>τήνδ’</span> <span class='ocrx_word' id='word_1_654' title='bbox 1841 2892 2002 2938; x_wconf 85' lang='grc' dir='ltr'>ἁμαρτίαν</span> <span class='ocrx_word' id='word_1_655' title='bbox 2013 2894 2124 2929; x_wconf 90' lang='grc' dir='ltr'>πόσις.</span> 
     </span>
    </p>

    <p class='ocr_par' dir='ltr' id='par_1_93' title="bbox 1408 2943 2000 2991">
     <span class='ocr_line' id='line_1_134' title="bbox 1408 2943 2000 2991; baseline 0.003 -14"><span class='ocrx_word' id='word_1_656' title='bbox 1408 2943 1441 2977; x_wconf 87' lang='grc' dir='ltr'>τί</span> <span class='ocrx_word' id='word_1_657' title='bbox 1457 2957 1514 2988; x_wconf 91' lang='grc' dir='ltr'>μοι</span> <span class='ocrx_word' id='word_1_658' title='bbox 1533 2944 1635 2989; x_wconf 80' lang='grc' dir='ltr'>ξίφος</span> <span class='ocrx_word' id='word_1_659' title='bbox 1653 2945 1689 2979; x_wconf 84' lang='grc' dir='ltr'>ἐκ</span> <span class='ocrx_word' id='word_1_660' title='bbox 1706 2946 1806 2991; x_wconf 88' lang='grc' dir='ltr'>χερὸς</span> <span class='ocrx_word' id='word_1_661' title='bbox 1823 2943 2000 2991; x_wconf 84' lang='grc' dir='ltr'>ἦγρεύσω,·</span> 
     </span>
    </p>

    <p class='ocr_par' dir='ltr' id='par_1_94' title="bbox 1407 2993 2024 3042">
     <span class='ocr_line' id='line_1_135' title="bbox 1407 2993 2024 3042; baseline 0.003 -12"><span class='ocrx_word' id='word_1_662' title='bbox 1407 2995 1541 3036; x_wconf 88' lang='grc' dir='ltr'>ἀπόδος,</span> <span class='ocrx_word' id='word_1_663' title='bbox 1563 2996 1588 3030; x_wconf 81' lang='grc' dir='ltr'><strong>ὦ</strong></span> <span class='ocrx_word' id='word_1_664' title='bbox 1606 2997 1721 3042; x_wconf 88' lang='grc' dir='ltr'>φίλος,</span> <span class='ocrx_word' id='word_1_665' title='bbox 1740 2997 1875 3037; x_wconf 85' lang='grc' dir='ltr'>ἀπόδος,</span> <span class='ocrx_word' id='word_1_666' title='bbox 1890 2993 2024 3032; x_wconf 86' lang='grc' dir='ltr'>ἀνταίαν</span> 
     </span>
    </p>

    <p class='ocr_par' dir='ltr' id='par_1_95' title="bbox 1406 3047 2124 3096">
     <span class='ocr_line' id='line_1_136' title="bbox 1406 3047 2124 3096; baseline 0.003 -13"><span class='ocrx_word' id='word_1_667' title='bbox 1406 3047 1528 3094; x_wconf 87' lang='grc' dir='ltr'>ε’ρείσω</span> <span class='ocrx_word' id='word_1_668' title='bbox 1546 3050 1691 3095; x_wconf 86' lang='grc' dir='ltr'>πλαγάν·</span> <span class='ocrx_word' id='word_1_669' title='bbox 1717 3049 1751 3084; x_wconf 88' lang='grc' dir='ltr'>τί</span> <span class='ocrx_word' id='word_1_670' title='bbox 1767 3064 1809 3094; x_wconf 90' lang='grc' dir='ltr'>με</span> <span class='ocrx_word' id='word_1_671' title='bbox 1825 3050 1965 3095; x_wconf 89' lang='grc' dir='ltr'>βρόχων</span> <span class='ocrx_word' id='word_1_672' title='bbox 1982 3047 2102 3096; x_wconf 83' lang='grc' dir='ltr'>εἵργεις</span> <span class='ocrx_word' id='word_1_673' title='bbox 2112 3065 2124 3090; x_wconf 88' lang='grc'>,·</span> 
     </span>
    </p>

    <p class='ocr_par' dir='ltr' id='par_1_96' title="bbox 1403 3098 2216 3163">
     <span class='ocr_line' id='line_1_137' title="bbox 1403 3098 2216 3163; baseline 0.004 -28"><span class='ocrx_word' id='word_1_674' title='bbox 1403 3100 1483 3135; x_wconf 91' lang='grc' dir='ltr'>ἀλλ’</span> <span class='ocrx_word' id='word_1_675' title='bbox 1503 3098 1535 3135; x_wconf 79' lang='grc' dir='ltr'>εἴ</span> <span class='ocrx_word' id='word_1_676' title='bbox 1551 3100 1586 3136; x_wconf 93' lang='grc' dir='ltr'>σ’</span> <span class='ocrx_word' id='word_1_677' title='bbox 1605 3101 1728 3147; x_wconf 87' lang='grc' dir='ltr'>ἀφείην</span> <span class='ocrx_word' id='word_1_678' title='bbox 1734 3102 1788 3163; x_wconf 55' lang='lat' dir='ltr'>apa)</span> <span class='ocrx_word' id='word_1_679' title='bbox 1807 3102 2013 3148; x_wconf 81' lang='grc' dir='ltr'>φρονοῦσαν,</span> <span class='ocrx_word' id='word_1_680' title='bbox 2032 3102 2077 3138; x_wconf 83' lang='grc' dir='ltr'>ὥς</span> <span class='ocrx_word' id='word_1_681' title='bbox 2094 3102 2216 3139; x_wconf 88' lang='grc' dir='ltr'>θάνοις.</span> 
     </span>
    </p>

    <p class='ocr_par' dir='ltr' id='par_1_97' title="bbox 1405 3153 2218 3200">
     <span class='ocr_line' id='line_1_138' title="bbox 1405 3153 2218 3200; baseline 0.002 -14"><span class='ocrx_word' id='word_1_682' title='bbox 1405 3166 1493 3197; x_wconf 90' lang='grc' dir='ltr'>οιμοι</span> <span class='ocrx_word' id='word_1_683' title='bbox 1510 3155 1648 3198; x_wconf 88' lang='grc' dir='ltr'>πότμου.</span> <span class='ocrx_word' id='word_1_684' title='bbox 1684 3155 1749 3189; x_wconf 88' lang='grc' dir='ltr'>ποῦ</span> <span class='ocrx_word' id='word_1_685' title='bbox 1765 3167 1823 3199; x_wconf 88' lang='grc' dir='ltr'>μοι</span> <span class='ocrx_word' id='word_1_686' title='bbox 1839 3154 1944 3200; x_wconf 81' lang='grc' dir='ltr'>πυρὸς</span> <span class='ocrx_word' id='word_1_687' title='bbox 1961 3153 2049 3199; x_wconf 90' lang='grc' dir='ltr'>φίλα</span> <span class='ocrx_word' id='word_1_688' title='bbox 2066 3154 2162 3200; x_wconf 78' lang='grc' dir='ltr'>φλόξ</span> <span class='ocrx_word' id='word_1_689' title='bbox 2171 3169 2182 3195; x_wconf 74' lang='grc' dir='ltr'>ς</span> <span class='ocrx_word' id='word_1_690' title='bbox 2214 3157 2218 3162; x_wconf 86' lang='grc'><em>“</em></span> 
     </span>
    </p>

    <p class='ocr_par' dir='ltr' id='par_1_98' title="bbox 1403 3204 1835 3252">
     <span class='ocr_line' id='line_1_139' title="bbox 1403 3204 1835 3252; baseline -0.002 -12"><span class='ocrx_word' id='word_1_691' title='bbox 1403 3207 1469 3240; x_wconf 85' lang='grc' dir='ltr'>ποῦ</span> <span class='ocrx_word' id='word_1_692' title='bbox 1488 3204 1516 3238; x_wconf 80' lang='grc' dir='ltr'>δ’</span> <span class='ocrx_word' id='word_1_693' title='bbox 1536 3205 1570 3241; x_wconf 88' lang='grc' dir='ltr'>ἐς</span> <span class='ocrx_word' id='word_1_694' title='bbox 1586 3205 1709 3252; x_wconf 88' lang='grc' dir='ltr'>πέτρας</span> <span class='ocrx_word' id='word_1_695' title='bbox 1726 3205 1835 3252; x_wconf 88' lang='grc' dir='ltr'>ἀερθῶ</span> 
     </span>
    </p>

    <p class='ocr_par' dir='ltr' id='par_1_99' title="bbox 1404 3247 2024 3302">
     <span class='ocr_line' id='line_1_140' title="bbox 1404 3247 2024 3302; baseline 0.005 -12"><span class='ocrx_word' id='word_1_696' title='bbox 1404 3256 1424 3301; x_wconf 89' lang='grc' dir='ltr'>ἢ</span> <span class='ocrx_word' id='word_1_697' title='bbox 1443 3257 1524 3291; x_wconf 88' lang='grc' dir='ltr'>κατὰ</span> <span class='ocrx_word' id='word_1_698' title='bbox 1541 3259 1663 3293; x_wconf 90' lang='grc' dir='ltr'>πόντον</span> <span class='ocrx_word' id='word_1_699' title='bbox 1675 3256 1695 3302; x_wconf 87' lang='grc' dir='ltr'>ἢ</span> <span class='ocrx_word' id='word_1_700' title='bbox 1714 3257 1787 3293; x_wconf 87' lang='grc' dir='ltr'>καθ’</span> <span class='ocrx_word' id='word_1_701' title='bbox 1806 3256 1929 3292; x_wconf 78' lang='grc' dir='ltr'>ὕλαν’</span> <span class='ocrx_word' id='word_1_702' title='bbox 1911 3247 2024 3302; x_wconf 87' lang='grc' dir='ltr'>ορέων,</span> 
     </span>
    </p>

    <p class='ocr_par' dir='ltr' id='par_1_100' title="bbox 1404 3307 2022 3357">
     <span class='ocr_line' id='line_1_141' title="bbox 1404 3307 2022 3357; baseline 0.005 -15"><span class='ocrx_word' id='word_1_703' title='bbox 1404 3307 1457 3343; x_wconf 83' lang='grc' dir='ltr'>’ίνα</span> <span class='ocrx_word' id='word_1_704' title='bbox 1475 3309 1622 3345; x_wconf 83' lang='grc' dir='ltr'>θανοῦσα</span> <span class='ocrx_word' id='word_1_705' title='bbox 1639 3309 1842 3357; x_wconf 87' lang='grc' dir='ltr'>νερτέροισιν</span> <span class='ocrx_word' id='word_1_706' title='bbox 1858 3309 1978 3356; x_wconf 80' lang='grc' dir='ltr'>μέλω·</span> <span class='ocrx_word' id='word_1_707' title='bbox 1966 3337 1976 3351; x_wconf 91' lang='grc'>,</span> <span class='ocrx_word' id='word_1_708' title='bbox 2008 3318 2022 3332; x_wconf 75' lang='lat'>⁸</span> 
     </span>
    </p>

    <p class='ocr_par' dir='ltr' id='par_1_101' title="bbox 1403 3361 2114 3409">
     <span class='ocr_line' id='line_1_142' title="bbox 1403 3361 2114 3409; baseline 0.006 -15"><span class='ocrx_word' id='word_1_709' title='bbox 1403 3361 1438 3394; x_wconf 82' lang='grc' dir='ltr'>τί</span> <span class='ocrx_word' id='word_1_710' title='bbox 1455 3363 1557 3395; x_wconf 86' lang='grc' dir='ltr'>ταῦτα</span> <span class='ocrx_word' id='word_1_711' title='bbox 1573 3362 1736 3407; x_wconf 88' lang='grc' dir='ltr'>μοχθεῖς,·</span> <span class='ocrx_word' id='word_1_712' title='bbox 1765 3363 1939 3409; x_wconf 79' lang='grc' dir='ltr'>συμφοραὶ</span> <span class='ocrx_word' id='word_1_713' title='bbox 1958 3361 2114 3407; x_wconf 86' lang='grc' dir='ltr'>θεήλατοι</span> 
     </span>
    </p>

    <p class='ocr_par' dir='ltr' id='par_1_102' title="bbox 1403 3412 2086 3460">
     <span class='ocr_line' id='line_1_143' title="bbox 1403 3412 2086 3460; baseline 0.004 -13"><span class='ocrx_word' id='word_1_714' title='bbox 1403 3414 1508 3447; x_wconf 79' lang='grc' dir='ltr'>πᾶσιν</span> <span class='ocrx_word' id='word_1_715' title='bbox 1524 3414 1701 3460; x_wconf 83' lang='grc' dir='ltr'>βροτοῖσιν</span> <span class='ocrx_word' id='word_1_716' title='bbox 1717 3414 1737 3459; x_wconf 86' lang='grc' dir='ltr'>ἢ</span> <span class='ocrx_word' id='word_1_717' title='bbox 1756 3414 1823 3450; x_wconf 79' lang='grc' dir='ltr'>τότ’</span> <span class='ocrx_word' id='word_1_718' title='bbox 1840 3412 1945 3458; x_wconf 83' lang='grc' dir='ltr'>ἦλθον</span> <span class='ocrx_word' id='word_1_719' title='bbox 1962 3413 1982 3459; x_wconf 81' lang='grc' dir='ltr'>ἢ</span> <span class='ocrx_word' id='word_1_720' title='bbox 1999 3417 2086 3450; x_wconf 87' lang='grc' dir='ltr'>τότε.</span> 
     </span>
    </p>

    <p class='ocr_par' dir='ltr' id='par_1_103' title="bbox 1403 3464 2013 3513">
     <span class='ocr_line' id='line_1_144' title="bbox 1403 3464 2013 3513; baseline 0.005 -15"><span class='ocrx_word' id='word_1_721' title='bbox 1403 3464 1518 3500; x_wconf 77' lang='grc' dir='ltr'>ἔλιπες</span> <span class='ocrx_word' id='word_1_722' title='bbox 1535 3467 1660 3508; x_wconf 75' lang='grc' dir='ltr'>ἔλιπες,</span> <span class='ocrx_word' id='word_1_723' title='bbox 1679 3465 1705 3500; x_wconf 77' lang='grc' dir='ltr'><strong><em>ὦ</em></strong></span> <span class='ocrx_word' id='word_1_724' title='bbox 1721 3468 1838 3513; x_wconf 83' lang='grc' dir='ltr'>πάτερ,</span> <span class='ocrx_word' id='word_1_725' title='bbox 1857 3466 2013 3502; x_wconf 86' lang='grc' dir='ltr'>ἐπακτίαν</span> 
     </span>
    </p>

    <p class='ocr_par' dir='ltr' id='par_1_104' title="bbox 1400 3516 2051 3563">
     <span class='ocr_line' id='line_1_145' title="bbox 1400 3516 2051 3563; baseline 0.005 -12"><span class='ocrx_word' id='word_1_726' title='bbox 1400 3516 1513 3561; x_wconf 86' lang='grc' dir='ltr'>μονάδ’</span> <span class='ocrx_word' id='word_1_727' title='bbox 1533 3518 1653 3563; x_wconf 84' lang='grc' dir='ltr'>ἔρημον</span> <span class='ocrx_word' id='word_1_728' title='bbox 1670 3517 1775 3554; x_wconf 77' lang='grc' dir='ltr'>οὖσαν</span> <span class='ocrx_word' id='word_1_729' title='bbox 1791 3518 1911 3554; x_wconf 84' lang='grc' dir='ltr'>ἐνάλου</span> <span class='ocrx_word' id='word_1_730' title='bbox 1929 3519 2051 3557; x_wconf 80' lang='grc' dir='ltr'>κώπας.</span> 
     </span>
    </p>

    <p class='ocr_par' dir='ltr' id='par_1_105' title="bbox 1403 3567 2040 3616">
     <span class='ocr_line' id='line_1_146' title="bbox 1403 3567 2040 3616; baseline 0.005 -13"><span class='ocrx_word' id='word_1_731' title='bbox 1403 3567 1477 3604; x_wconf 82' lang='grc' dir='ltr'>ὀλεῖ</span> <span class='ocrx_word' id='word_1_732' title='bbox 1494 3569 1568 3604; x_wconf 83' lang='grc' dir='ltr'>ὀλεῖ</span> <span class='ocrx_word' id='word_1_733' title='bbox 1584 3585 1635 3613; x_wconf 81' lang='grc' dir='ltr'>με·</span> <span class='ocrx_word' id='word_1_734' title='bbox 1662 3568 1734 3615; x_wconf 81' lang='grc' dir='ltr'>τᾷδ’</span> <span class='ocrx_word' id='word_1_735' title='bbox 1755 3569 1860 3606; x_wconf 78' lang='grc' dir='ltr'>οὐκέτ’</span> <span class='ocrx_word' id='word_1_736' title='bbox 1880 3567 2040 3616; x_wconf 80' lang='grc' dir='ltr'>ἐνοικήσω</span> 
     </span>
    </p>
   </div>
   <div class='ocr_carea' id='block_1_28' title="bbox 2294 903 2357 935">
    <p class='ocr_par' dir='ltr' id='par_1_106' title="bbox 2294 903 2357 935">
     <span class='ocr_line' id='line_1_147' title="bbox 2294 903 2357 935; baseline 0.016 -1"><span class='ocrx_word' id='word_1_737' title='bbox 2294 903 2357 935; x_wconf 89' lang='grc'>800</span> 
     </span>
    </p>
   </div>
   <div class='ocr_carea' id='block_1_29' title="bbox 2294 1427 2357 1458">
    <p class='ocr_par' dir='ltr' id='par_1_107' title="bbox 2294 1427 2357 1458">
     <span class='ocr_line' id='line_1_148' title="bbox 2294 1427 2357 1458; baseline 0 0"><span class='ocrx_word' id='word_1_738' title='bbox 2294 1427 2357 1458; x_wconf 88' lang='grc' dir='ltr'>8ιο</span> 
     </span>
    </p>
   </div>
   <div class='ocr_carea' id='block_1_30' title="bbox 2293 1687 2353 1729">
    <p class='ocr_par' dir='ltr' id='par_1_108' title="bbox 2293 1687 2353 1729">
     <span class='ocr_line' id='line_1_149' title="bbox 2293 1687 2353 1729; baseline 0 -9"><span class='ocrx_word' id='word_1_739' title='bbox 2293 1687 2353 1729; x_wconf 82' lang='grc'>815</span> 
     </span>
    </p>
   </div>
   <div class='ocr_carea' id='block_1_31' title="bbox 2292 1951 2355 1984">
    <p class='ocr_par' dir='ltr' id='par_1_109' title="bbox 2292 1951 2355 1984">
     <span class='ocr_line' id='line_1_150' title="bbox 2292 1951 2355 1984; baseline 0.032 -2"><span class='ocrx_word' id='word_1_740' title='bbox 2292 1951 2355 1984; x_wconf 78' lang='lat'>820</span> 
     </span>
    </p>
   </div>
   <div class='ocr_carea' id='block_1_32' title="bbox 2289 2215 2349 2256">
    <p class='ocr_par' dir='ltr' id='par_1_110' title="bbox 2289 2215 2349 2256">
     <span class='ocr_line' id='line_1_151' title="bbox 2289 2215 2349 2256; baseline 0.017 -10"><span class='ocrx_word' id='word_1_741' title='bbox 2289 2215 2349 2256; x_wconf 85' lang='lat'>825</span> 
     </span>
    </p>
   </div>
   <div class='ocr_carea' id='block_1_33' title="bbox 2287 2479 2349 2518">
    <p class='ocr_par' dir='ltr' id='par_1_111' title="bbox 2287 2479 2349 2518">
     <span class='ocr_line' id='line_1_152' title="bbox 2287 2479 2349 2518; baseline 0 -8"><span class='ocrx_word' id='word_1_742' title='bbox 2287 2479 2349 2518; x_wconf 83' lang='lat'>830</span> 
     </span>
    </p>
   </div>
   <div class='ocr_carea' id='block_1_34' title="bbox 2279 2886 2344 2939">
    <p class='ocr_par' dir='ltr' id='par_1_112' title="bbox 2279 2886 2344 2939">
     <span class='ocr_line' id='line_1_153' title="bbox 2279 2886 2344 2939; baseline 0 -50"><span class='ocrx_word' id='word_1_743' title='bbox 2279 2886 2344 2939; x_wconf 19' lang='lat'>*840</span> 
     </span>
    </p>
   </div>
   <div class='ocr_carea' id='block_1_35' title="bbox 2279 3055 2340 3097">
    <p class='ocr_par' dir='ltr' id='par_1_113' title="bbox 2279 3055 2340 3097">
     <span class='ocr_line' id='line_1_154' title="bbox 2279 3055 2340 3097; baseline 0.016 -1"><span class='ocrx_word' id='word_1_744' title='bbox 2279 3055 2340 3097; x_wconf 82' lang='lat'>845</span> 
     </span>
    </p>
   </div>
   <div class='ocr_carea' id='block_1_36' title="bbox 2273 3316 2340 3359">
    <p class='ocr_par' dir='ltr' id='par_1_114' title="bbox 2273 3316 2340 3359">
     <span class='ocr_line' id='line_1_155' title="bbox 2273 3316 2340 3359; baseline 0.03 -10"><span class='ocrx_word' id='word_1_745' title='bbox 2273 3316 2340 3359; x_wconf 74' lang='lat'>850</span> 
     </span>
    </p>
   </div>
  </div>
 </body>
</html>
