2488 3860
239 280 320 322 344

237 541 308 572 XO.

237 647 308 676 ΟΔ.

241 1219 311 1249 ΕΚ.

246 1690 317 1720 ΟΔ.

244 1743 315 1772 ΕΚ.

247 1899 316 1929 ΟΔ.

246 1952 318 1981 ΕΚ.

249 2004 318 2032 ΟΔ.

247 2055 320 2084 ΕΚ.

252 2107 321 2136 ΟΔ.

250 2159 323 2188 ΕΚ.

252 2211 324 2240 ΟΔ.

252 2263 324 2293 ΕΚ.

254 2315 328 2344 ΟΔ.

258 2367 330 2397 ΕΚ.

1132 279 1463 320 ΕὙΡΙΠῙΔΟΥ

338 381 395 416 τὸν
413 380 491 425 ε’μὸν
508 380 544 415 δὲ
561 382 649 422 βιον,
667 381 785 423 λώβαν
801 379 911 426 λύμαν
927 380 968 420 τ’,

342 432 382 467 οὐ
398 432 648 477 μετακλαίομαι,
677 432 768 467 ἀλλὰ
785 432 893 468 θανεῖν
909 447 967 478 μοι

338 484 498 529 ξυντυχία
515 484 683 530 κρείσσων
700 483 870 530 ἐκύρησεν.
1209 496 1265 528 ²¹5

337 537 391 571 καὶ
408 536 472 581 μὴν
488 535 676 572 Ὀδυσσεὺς
693 537 825 583 ἔρχεται
843 538 973 582 σπουδῇ
992 537 1104 575 ποδὸς,

340 588 477 632 Ἑκάβη,
498 588 570 623 νέον
587 602 620 622 τι
636 589 720 634 πρὸς
738 589 779 624 σὲ
798 593 952 634 σημανῶν
970 590 1059 626 ἔπος.

334 639 441 688 γύναι,
461 641 546 675 δοκῶ
563 640 623 685 μέν
641 640 673 676 σ’
693 640 811 676 εἰδέναι
827 642 960 688 γνώμην
977 643 1123 689 στρατοῦ

337 693 461 739 ψῆφόν
477 707 514 727 τε
531 692 590 737 τὴν
607 692 813 739 κρανθεῖσαν,
832 693 908 728 ἀλλ’
930 694 1017 738 ὅμως
1034 695 1171 740 φράσω.

338 743 430 789 ἔδοξ’
446 743 594 790 Ἀχαιοῖς
610 745 711 780 παῖδα
729 745 793 790 σὴν
811 746 1004 789 Πολυξένην
1211 758 1271 780 220

341 797 474 843 σφάξαι
490 798 574 843 πρὸς
590 796 691 843 ὀρθὸν
707 796 792 843 χῶμ’
809 797 1005 842 Ἀχιλλείου
1022 798 1146 844 τάφου.

338 849 423 894 ἡμᾶς
440 849 476 884 δὲ
493 849 646 894 πομποὺς
663 850 716 884 καὶ
734 851 936 896 κομιστῆρας
954 851 1051 895 κόρης

340 903 531 936 τάσσουσιν
548 898 639 936 εἶναι·
670 900 813 946 θύματος
831 901 859 937 δ’
879 903 1058 946 ἐπιστάτης

343 952 446 1000 ἱερεύς
463 952 492 988 τ’
511 953 634 998 ἐπέστη
652 954 750 988 τοῦδε
767 956 844 990 παῖς
860 953 1060 999 Ἀχιλλέως.

341 1003 435 1041 οἶσθ’
454 1004 512 1042 οὖν
529 1004 547 1039 ὃ
566 1006 713 1052 &plia-0123
742 1004 816 1050 μήτ’
835 1006 1061 1051 ἀποσπασθῇς
1077 1005 1137 1051 βίᾳ
1213 1018 1249 1040 22
1254 1018 1269 1049 5

340 1057 414 1103 μήτ’
434 1058 467 1094 ἐς
483 1061 593 1103 χερῶν
610 1058 757 1102 ἅμιλλαν
775 1058 915 1102 ἐξέλθῃς
933 1058 1017 1103 ἐμοί·

341 1111 508 1157 γίγνωσκε
526 1110 555 1144 δ’
572 1110 676 1154 ἀλκὴν
693 1110 747 1144 καὶ
763 1110 951 1156 παρουσίαν
968 1113 1074 1145 κακῶν

339 1165 407 1198 τῶν
425 1165 507 1197 σῶν.
538 1163 651 1207 σοφόν
667 1176 720 1196 τοι
738 1162 797 1196 κάν
815 1164 925 1198 κακοῖς
943 1161 964 1196 ἃ
982 1162 1034 1196 δεῖ
1049 1162 1200 1209 φρονεῖν.

339 1214 418 1249 αἰαῖ·
446 1212 647 1261 παρέστηχ’,
667 1214 711 1249 ὡς
729 1213 818 1256 ἔοικ’,
839 1214 928 1261 ἀγὼν
944 1215 1060 1259 μέγας,

342 1265 472 1313 πλήρης
491 1269 684 1312 στεναγμῶν
705 1265 782 1300 οὐδὲ
800 1264 949 1312 δακρύων
967 1267 1070 1302 κενός.
1217 1278 1277 1309 230

344 1318 464 1365 κᾶγωγ’
483 1317 534 1364 ἄρ’
554 1317 613 1352 οὐκ
630 1318 792 1362 ἔθνησκον
809 1317 848 1353 οὗ
866 1317 898 1363 μ’
919 1318 1021 1363 ἐχρῆν
1039 1317 1160 1359 θανεῖν,

343 1370 412 1406 οὐδ’
432 1369 560 1405 ὦλεσέν
577 1384 618 1414 με
636 1369 727 1409 Ζεὺς,
746 1370 865 1416 τρέφει
883 1369 925 1410 δ’,
945 1370 1034 1406 ὅπως
1052 1372 1118 1417 ὁρῶ

344 1426 450 1458 κακῶν
467 1421 534 1457 κάκ’
554 1421 644 1456 ἅλλα
661 1422 780 1467 μείζον’
799 1421 819 1466 ἡ
838 1421 965 1457 τάλαιν’
984 1422 1062 1469 ἐγώ.

344 1475 374 1510 εἷ
392 1474 419 1510 δ’
439 1475 513 1510 ἔστι
530 1476 600 1510 τοῖς
618 1473 772 1510 δούλοισι
789 1474 867 1510 τοὺς
885 1473 1083 1522 ἐλευθέρους

343 1527 387 1572 μὴ
399 1527 518 1574 λυπρὰ
534 1526 616 1572 μηδὲ
634 1526 767 1573 καρδίας
785 1525 942 1573 δηκτήρια
1220 1539 1277 1572 235

346 1580 575 1624 ἐξιστορῆσαι,
597 1579 654 1614 σοὶ
671 1579 731 1624 μὲν
748 1579 902 1626 εἰρῆσθαι
918 1579 1039 1626 χρεὼν,

345 1631 430 1677 ἡμᾶς
447 1631 475 1667 δ’
495 1632 636 1666 ἀκοῦσαι
652 1631 730 1668 τοὺς
748 1631 936 1678 ἐρωτῶντας
953 1632 1045 1666 τάδε.

346 1683 469 1728 ἔξεστ’,
489 1684 607 1730 ἐρώτα·
635 1686 695 1719 τοῦ
713 1686 837 1730 χρόνου
853 1684 919 1731 γὰρ
937 1684 976 1718 οὗ
994 1682 1124 1730 φθονῶ.

343 1734 436 1772 οἷσθ’
455 1736 535 1781 ἡνίκ’
555 1735 656 1780 ἦλθες
673 1736 776 1771 Ἰλίου
794 1737 1017 1776 κατάσκοπος,

348 1788 550 1835 δυσχλαινίᾳ
566 1788 595 1823 τ’
615 1788 780 1835 ἄμορφος,
800 1789 955 1834 ὀμμάτων
972 1787 1000 1823 τ’
1018 1787 1085 1824 ἄπο
1220 1801 1283 1832 240

348 1843 456 1887 φόνου
475 1841 665 1888 σταλαγμοὶ
684 1840 748 1885 σὴν
765 1841 967 1884 κατέσταζον
983 1841 1102 1887 γένυν;

345 1891 420 1929 οἶδ’·
449 1894 488 1928 οὐ
505 1893 571 1940 γὰρ
588 1893 690 1940 ἄκρας
707 1893 842 1939 καρδίας
858 1893 995 1939 ἕψαυσέ
1009 1907 1087 1938 μου.

346 1947 429 1992 ἔγνω
449 1946 487 1980 δέ
503 1945 537 1980 σ’
555 1945 685 1989 Ἑλένη,
706 1946 759 1980 καὶ
775 1947 857 1989 μόνῃ
876 1943 999 1980 κατεῖπ’
1018 1944 1114 1990 ἐμοῖς

347 1995 531 2041 μεμνήμεθ’
551 1997 585 2032 ἐς
603 1996 755 2030 κίνδυνον
772 1995 927 2030 ἐλθόντες
943 1994 1058 2039 μέγαν.

351 2048 432 2094 ἥψω
451 2048 487 2082 δὲ
504 2048 654 2094 γονάτων
670 2050 736 2082 τῶν
755 2047 841 2092 ἐμῶν
858 2047 1010 2082 ταπεινὸς
1027 2045 1093 2087 ὤν;
1227 2060 1286 2091 245

350 2099 431 2134 ὥστ’
452 2100 597 2134 ἐνθανεῖν
612 2114 653 2147 γε
673 2101 747 2135 σοῖς
763 2099 927 2134 πέπλοισι
944 2098 1029 2145 χεῖρ’
1049 2096 1141 2144 ἐμήν.

351 2152 384 2187 τί
401 2151 469 2196 δῆτ’
489 2152 622 2195 ἔλεξας,
643 2152 765 2187 δοῦλος
783 2151 828 2186 ὣν
846 2151 923 2196 ἐμὸς
940 2152 1037 2192 τότε;

353 2206 492 2240 πολλῶν
508 2206 622 2250 λόγων
640 2202 813 2250 εὖρήμαθ’,
833 2203 922 2238 ὥστε
939 2203 983 2247 μὴ
1002 2202 1123 2239 θανεῖν.

353 2258 470 2291 ἔσωσα
487 2256 570 2301 δῆτά
589 2255 636 2296 σ’,
656 2256 833 2302 ἐξέπεμψά
850 2270 887 2290 τε
903 2254 1047 2301 χθονός;

357 2308 439 2343 ὥστ’
459 2308 596 2354 εἶσορᾶν
612 2323 652 2355 γε
670 2307 800 2354 φέγγος
817 2307 914 2351 ἡλίου
932 2308 1021 2342 τόδε.
1235 2320 1294 2351 250

359 2363 479 2396 οὔκουν
497 2358 626 2395 κακύνει
643 2361 758 2394 τοῖσδε
776 2361 846 2395 τοῖς
862 2358 1104 2404 βουλεύμασιν,

363 2412 400 2450 ὃς
417 2413 455 2457 ἐξ
473 2413 553 2457 ἐμοῦ
570 2412 631 2457 μὲν
648 2411 767 2448 ἔπαθες
784 2409 839 2446 οἶα
856 2411 925 2457 φῂς
942 2411 1070 2452 παθεῖν,

363 2466 444 2511 δρᾷς
461 2464 490 2499 δ’
505 2465 601 2499 οὐδὲν
617 2463 702 2509 ἡμᾶς
720 2462 768 2506 εὖ,
788 2467 893 2499 κακῶς
910 2463 939 2499 δ’
958 2461 1160 2512 ὅσονδύνᾳς

359 2518 544 2563 ἀχάριστον
561 2516 651 2561 ὑμῶν
668 2515 802 2562 σπέρμ’,
822 2515 899 2550 ὅσοι
917 2516 1124 2561 δημηγόρους

360 2570 501 2613 ζηλοῦτε
518 2569 625 2612 τιμάς·
652 2569 734 2613 μηδὲ
751 2567 1000 2614 γιγνώσκοισθέ
1015 2581 1092 2612 μοι,.
1234 2579 1294 2613 255

365 2619 398 2656 οἳ
416 2621 493 2657 τοὺς
510 2621 636 2666 φίλους
652 2621 862 2663 βλάπτοντες
880 2620 919 2654 οὗ
936 2619 1143 2666 φροντίζετε,

363 2672 402 2717 ἢν
418 2675 509 2708 τοῖσι
526 2674 670 2709 πολλοῖς
686 2673 771 2718 πρὸς
788 2673 887 2718 χάριν
904 2671 1027 2718 λέγητέ
1044 2685 1089 2706 τι.

363 2726 448 2771 ἀτὰρ
466 2726 499 2760 τί
516 2725 555 2769 δὴ
576 2726 735 2771 σόφισμα
751 2723 847 2759 τοῦθ’
866 2722 1043 2771 ἡγούμενοι

367 2777 403 2814 ἐς
418 2776 516 2822 τήνδε
532 2777 635 2813 παῖδα
651 2777 776 2823 ψῆφον
793 2776 920 2822 ὥρισαν
938 2777 1067 2821 φόνου;

366 2832 490 2872 πότερα
507 2830 546 2863 τὸ
563 2830 649 2875 χρῆν
667 2828 731 2874 σφ’
750 2827 887 2874 ἐπήγαγ’
906 2828 1210 2875 ἀνθρωποσφαγεῖν
1240 2830 1301 2864 260

366 2882 450 2928 πρὸς
466 2879 606 2925 τύμβον,
626 2880 704 2915 ἔνθα
720 2880 898 2922 βουθυτεῖν
914 2882 1048 2925 μᾶλλον
1063 2879 1202 2927 πρέπει;

366 2933 387 2979 ἢ
405 2932 483 2968 τοὺς
499 2934 674 2968 κτανόντας
691 2932 940 2967 ἀνταποκτεῖναι
958 2932 1073 2967 θέλων

369 2987 404 3021 ἐς
421 2982 508 3029 τήνδ’
526 2983 706 3029 Ἀχιλλεὺς
724 2985 857 3020 ἐνδίκως
874 2984 972 3019 τείνει
990 2985 1118 3030 φόνον;

369 3036 447 3072 ἀλλ’
466 3036 562 3071 οὐδὲν
579 3036 679 3071 αὐτὸν
695 3035 754 3080 ἥδε
770 3036 801 3082 γ’
822 3034 996 3083 εἴργασται
1014 3038 1122 3072 κακόν.

369 3088 507 3133 Ἑλένην
524 3102 573 3123 νιν
590 3087 692 3122 αἰτεῖν
708 3089 794 3133 χρῆν
811 3090 909 3135 τάφῳ
927 3090 1193 3135 προσφάγματα“
1242 3092 1300 3133 265

372 3141 459 3184 κείνη
476 3140 542 3187 γὰρ
560 3138 689 3174 ὤλεσέν
706 3154 756 3174 νιν
773 3140 806 3175 ἐς
823 3141 943 3185 Τροίαν
960 3140 988 3174 τ’
1007 3140 1091 3185 ἄγει.

373 3193 402 3227 εἷ
420 3192 448 3227 δ’
467 3192 680 3237 αἰχμάλωτον
697 3190 762 3236 χρή
780 3190 840 3225 τιν’
858 3192 1007 3237 ἔκκριτον
1024 3192 1133 3227 θανεῖν

374 3246 492 3280 κάλλει
510 3243 544 3278 θ’
563 3243 833 3288 ὑπερφέρουσαν,
853 3243 917 3288 οὐχ
934 3243 1025 3287 ἡμῶν
1042 3245 1130 3279 τόδε·

374 3297 394 3341 ἡ
412 3296 570 3341 Τυνδαρὶς
586 3295 651 3341 γὰρ
669 3291 755 3329 εἶδος
774 3295 1038 3338 ἐκπρεπεστάτη,

375 3348 538 3383 ἀδικοῦσά
555 3344 588 3381 θ’
607 3345 696 3391 ἡμῶν
713 3346 810 3380 οὐδὲν
826 3345 938 3390 ἧσσον
951 3346 1085 3392 ηὑρέθη.

375 3403 423 3449 τῷ
439 3399 500 3445 μὲν
517 3398 630 3446 δικαίῳ
647 3397 733 3432 τόνδ’
752 3399 942 3442 ἁμιλλῶμαι
958 3400 1076 3445 λόγον·

377 3451 399 3486 ἃ
416 3451 445 3487 δ’
464 3451 649 3486 ἀντιδοῦναι
666 3450 717 3484 δεῖ
733 3449 781 3490 σ’,
800 3448 1005 3494 ἀπαιτούσης
1023 3451 1117 3495 ἐμοῦ,

378 3503 536 3538 ἄκουσον.
563 3502 645 3549 ἥψω
662 3503 720 3546 τῆς
738 3501 828 3546 ἐμῆς,
847 3501 891 3537 ὣς
908 3501 987 3547 φῂς,
1007 3504 1106 3548 χερὸς

380 3556 433 3591 καὶ
449 3556 508 3601 τῆς
524 3555 658 3603 γεραιᾶς
674 3553 888 3600 προσπίτνων
905 3549 1073 3600 παρηΐδος’

1326 1483 1397 1514 ΧΟ.

1329 1641 1401 1671 ΟΔ.

1243 3358 1306 3392 270
1354 3351 1426 3381 XO.

1409 380 1616 426 ἀνθάπτομαί
1634 394 1699 416 σου
1715 380 1818 415 τῶνδε
1834 382 1899 415 τῶν
1915 379 2022 414 αὐτῶν
2038 377 2118 426 ἐγὼ,
2279 387 2335 423 275

1410 436 1509 481 χάριν
1525 435 1555 466 τ’
1571 433 1698 468 ἀπαιτῶ
1715 431 1774 476 τὴν
1789 430 1876 471 τόθ’,
1895 429 2027 466 ἱκετεύω
2042 429 2083 466 τέ
2098 444 2151 474 σε,

1412 486 1456 532 μή
1475 499 1539 530 μου
1556 486 1595 519 τὸ
1612 484 1725 519 τέκνον
1742 484 1778 518 ἐκ
1794 486 1903 530 χερῶν
1919 483 2122 527 ἀποσπάσῃς

1413 538 1495 584 μηδὲ
1513 537 1661 581 κτάνητε.
1689 539 1755 570 τῶν
1771 534 1972 579 τεθνηκότων
1988 535 2075 571 ἅλις·

1413 589 1515 634 ταύτῃ
1532 587 1659 636 γέγηθα
1677 586 1899 632 κάπιλήθομαι
1916 590 2034 622 κακῶν·

1414 643 1465 688 ἥδ’
1482 642 1555 676 ἀντὶ
1571 642 1710 676 πολλῶν
1727 639 1803 674 ἐστί
1818 653 1876 684 μοι
1891 637 2105 685 παραψυχὴ,-
2283 639 2344 671 280

1414 696 1525 733 πόλις,
1544 691 1670 736 τιθήνη,
1689 692 1846 738 βάκτρον,
1864 690 1994 736 ἡγεμὼν
2010 691 2102 726 ὁδοῦ.

1416 747 1455 782 οὐ
1473 745 1551 781 τοὺς
1568 746 1766 791 κρατοῦντας
1782 742 1848 789 χρὴ
1866 744 1995 789 κρατεῖν
2011 741 2034 777 ἃ
2049 742 2093 787 μὴ
2111 741 2232 789 χρεὼν,

1416 798 1485 834 οὐδ’
1506 797 1724 842 εὐτυχοῦντας
1741 794 1778 830 εὖ
1796 796 1903 830 δοκεῖν
1916 793 2056 840 πράξειν
2073 794 2137 831 ἀεί.

1418 850 1508 895 κάγὼ
1524 849 1590 894 γὰρ
1607 846 1647 891 ἧν
1663 847 1749 887 ποτ’,
1769 847 1860 882 ἀλλὰ
1877 849 1934 882 νῦν
1951 847 2010 881 οὐκ
2027 843 2092 893 εἶμ’
2107 847 2168 889 ἔτι,

1417 904 1476 938 τὸν
1492 902 1599 937 πάντα
1617 899 1645 934 δ’
1664 899 1771 942 ὄλβον
1786 895 1875 945 ἦμαρ
1893 898 1928 933 ἔν
1944 898 1977 943 μ’
1995 898 2172 944 ἀφείλετο.
2288 900 2347 940 285

1419 953 1508 994 ἀλλ’,
1529 953 1554 987 ὦ
1572 952 1678 998 φίλον
1693 951 1832 998 γένειον,
1851 950 2023 992 αἶδέσθητί
2037 965 2092 994 με,

1420 1004 1591 1052 οἵκτειρον“
1622 1003 1730 1038 ἐλθὼν
1748 1002 1776 1038 δ’
1795 1002 1842 1039 εἷς
1857 1002 2030 1048 Ἀχαιϊκὸν
2045 999 2198 1048 στρατὸν

1420 1059 1669 1105 παρηγόρησον,
1689 1056 1733 1091 ὣς
1750 1054 1952 1090 ἀποκτείνειν
1969 1052 2099 1099 φθόνος

1420 1112 1586 1157 γυναῖκας,
1605 1107 1644 1144 ἃς
1660 1108 1699 1142 τὸ
1715 1110 1847 1153 πρῶτον
1864 1106 1924 1140 οὐκ
1942 1104 2104 1140 ἐκτείνατε

1421 1165 1545 1207 βωμῶν
1562 1160 1832 1199 ἀποσπάσαντες,
1852 1157 1930 1193 ἀλλ’
1950 1156 2138 1205 ᾠκτείρατε.
2291 1167 2353 1199 290

1424 1217 1522 1259 νόμος
1540 1212 1568 1248 δ’
1588 1213 1623 1247 ἐν
1639 1212 1716 1256 ὑμῖν
1732 1213 1802 1246 τοῖς
1818 1209 1846 1245 τ’
1866 1209 2058 1255 ἐλευθέροις
2073 1206 2151 1245 ῖσος

1425 1268 1478 1302 καὶ
1495 1267 1586 1300 τοῖσι
1604 1262 1737 1299 δούλοις
1755 1261 1890 1308 αἵματος
1908 1263 2010 1296 κεῖται
2027 1260 2117 1308 πέρι.

1425 1321 1463 1354 τὸ
1482 1317 1510 1353 δ’
1530 1317 1670 1361 ἀξίωμα,
1690 1316 1749 1350 κᾶν
1767 1318 1871 1351 κακῶς
1886 1314 2000 1360 λέγῃς,
2019 1315 2058 1348 τὸ
2078 1314 2141 1348 σὸν

1425 1371 1547 1407 πείσει·
1576 1371 1680 1415 λόγος
1696 1368 1761 1415 γὰρ
1779 1368 1815 1402 ἔκ
1832 1366 1860 1402 τ’
1879 1363 2088 1411 ἀδοξούντων
2104 1365 2163 1400 ἰὼν

1427 1424 1487 1458 κάκ
1504 1426 1569 1457 τῶν
1587 1419 1770 1456 δοκούντων
1787 1420 1885 1455 αὑτὸς
1901 1418 1941 1453 οὗ
1958 1419 2078 1453 ταυτὸν
2095 1416 2217 1452 σθένει.
2297 1427 2356 1461 295

1427 1476 1487 1511 οὐκ
1505 1476 1599 1510 ἔστιν
1616 1471 1702 1508 οὕτω
1722 1473 1862 1519 στερρὸς
1880 1470 2055 1517 ἀνθρώπου
2073 1468 2191 1516 φύσις,

1428 1529 1500 1574 ἥτις
1516 1529 1604 1575 γόων
1622 1529 1693 1561 σῶν
1710 1526 1763 1560 καὶ
1779 1527 1912 1570 μακρῶν
1929 1523 2123 1569 ὀδυρμάτων

1430 1579 1581 1616 κλύουσα
1598 1577 1738 1625 θρήνους
1755 1577 1814 1612 οὐκ
1831 1577 1871 1611 ἂν
1889 1576 2029 1618 ἐκβάλοι
2045 1575 2159 1621 δάκρυ.

1428 1633 1567 1675 Ἑκάβη,
1586 1631 1758 1670 διδάσκου,
1776 1629 1858 1674 μηδὲ
1876 1630 1922 1676 τῷ
1941 1626 2133 1675 θυμουμένῳ

1431 1687 1489 1721 τὸν
1506 1683 1542 1719 εὖ
1559 1684 1703 1730 λέγοντα
1720 1682 1865 1726 δυσμενῆ
1883 1678 2113 1726 ποιοῦφρενί.
2301 1689 2363 1720 300

1433 1738 1498 1784 ἐγὼ
1516 1738 1554 1771 τὸ
1571 1736 1631 1781 μὲν
1649 1735 1712 1770 σὸν
1730 1733 1828 1779 σῶμ’,
1847 1732 1907 1779 ὑφ’
1926 1731 2028 1778 οὗπερ
2039 1729 2218 1777 ηὗτύχουν,

1434 1790 1553 1832 σώζειν
1570 1788 1699 1832 ἕτοιμός
1716 1786 1794 1831 εἶμι,
1814 1785 1892 1820 κούκ
1909 1784 2023 1820 ἄλλως
2038 1784 2142 1830 λέγω·

1435 1842 1456 1876 ἃ
1474 1843 1500 1876 δ’
1522 1838 1614 1876 εἷπον
1632 1839 1678 1875 εἷς
1694 1839 1851 1878 ἅπαντας,
1869 1837 1929 1872 οὐκ
1946 1834 2144 1882 ἀρνήσομαι,

1436 1893 1556 1940 Τροίας
1573 1891 1722 1935 ἁλούσης
1739 1890 1833 1935 ἀνδρὶ
1850 1892 1896 1938 τῷ
1913 1889 2034 1936 πρώτῳ
2053 1888 2202 1934 στρατοῦ

1437 1946 1502 1982 σὴν
1518 1945 1619 1980 παῖδα
1636 1945 1748 1979 δοῦναι
1767 1943 1918 1987 σφάγιον
1935 1940 2166 1987 ἐξαιτουμένῳ.
2305 1949 2365 1981 305

1445 1995 1480 2029 ἐν
1496 1995 1580 2042 τῷδε
1597 1994 1662 2041 γὰρ
1680 1995 1862 2038 κάμνουσιν
1878 1995 1912 2029 αἱ
1929 1994 2056 2029 πολλαὶ
2072 1994 2202 2035 πόλεις,

1445 2046 1524 2081 ὅταν
1540 2060 1591 2082 τις
1609 2045 1734 2082 ἐσθλὸς
1751 2046 1804 2080 καὶ
1820 2045 1990 2092 πρόθυμος
2007 2045 2053 2080 ὣν
2069 2045 2151 2093 ἀνὴρ

1444 2098 1545 2143 μηδὲν
1562 2098 1704 2144 φέρηται
1721 2101 1787 2132 τῶν
1803 2099 1960 2133 κακιόνων
1975 2098 2095 2135 πλέον,

1445 2150 1522 2195 ἡμῖν
1539 2149 1567 2185 δ’
1585 2149 1766 2195 Ἀχιλλεὺς
1783 2150 1876 2193 ἄξιος
1893 2151 1998 2195 τιμῆς,
2016 2148 2125 2196 γύναι,

1446 2202 1552 2237 θανὼν
1568 2202 1652 2248 ὑπὲρ
1668 2203 1730 2248 γῆς
1746 2201 1913 2238 Ἑλλάδος
1930 2201 2083 2237 κάλλιστ’
2102 2199 2198 2248 ἀνήρ.
2313 2213 2374 2245 3ιο

1447 2256 1565 2290 οὔκουν
1581 2252 1650 2289 τόδ’
1667 2254 1822 2299 αἶσχρὸν,
1842 2254 1871 2288 εἷ
1887 2254 2051 2296 βλέποντι
2066 2254 2128 2299 μὲν
2142 2253 2239 2302 φίλῃ

1445 2306 1634 2352 χρώμεσθ’,
1653 2306 1724 2341 ἐπεὶ
1741 2305 1770 2341 δ’
1789 2306 1922 2346 ἄπεστι,
1940 2307 1984 2351 μὴ
2002 2305 2178 2353 χρώμεσθ”
2193 2305 2245 2344 ἔτι
2255 2317 2267 2347 3

1447 2356 1523 2394 εἶεν·
1551 2359 1585 2394 τί
1602 2357 1669 2402 δῆτ’
1689 2358 1757 2404 ἐρεῖ
1773 2373 1833 2398 τις,
1852 2360 1893 2403 ἤν
1909 2373 1959 2394 τις
1976 2357 2018 2393 αὖ
2034 2359 2126 2404 φανῇ

1449 2412 1595 2457 στρατοῦ
1612 2412 1642 2445 τ’
1659 2410 1812 2455 ἅθροισις
1829 2410 1999 2455 πολεμίων
2015 2410 2044 2445 τ’
2063 2408 2189 2457 ἀγωνία
2199 2420 2214 2451 3

1449 2465 1571 2510 πότερα
1587 2460 1788 2508 μαχούμεθ’,
1806 2461 1826 2507 ἢ
1845 2461 2149 2509 φιλοψυχήσομεν,
2314 2472 2374 2506 315

1448 2517 1506 2550 τὸν
1524 2514 1716 2549 κατθανόνθ’
1735 2517 1876 2562 ὁρῶντες
1893 2515 1932 2549 οὐ
1949 2516 2153 2559 τιμώμενον;
2321 2528 2325 2535 ·

1449 2568 1501 2601 καὶ
1518 2567 1582 2612 μὴν
1599 2567 1712 2613 ἔμοιγε
1730 2568 1824 2610 ζῶντι
1842 2567 1904 2611 μὲν
1921 2566 1997 2602 καθ’
2017 2561 2150 2607 ἡμέραν,

1450 2619 1498 2653 κεῖ
1517 2618 1629 2664 σμίκρ’
1649 2620 1770 2664 ἔχοιμι,
1789 2618 1884 2654 πάντ’
1902 2618 1942 2653 ἂν
1959 2618 2145 2665 ἀρκούντως
2160 2618 2247 2664 ἔχοι·

1449 2670 1576 2716 τύμβον
1593 2671 1630 2706 δὲ
1645 2671 1833 2716 βουλοίμην
1850 2670 1890 2706 ἂν
1906 2669 2101 2715 ἀξιούμενον

1449 2725 1506 2758 τὸν
1524 2723 1603 2767 ἐμὸν
1620 2723 1775 2769 ὁρᾶσθαι·
1805 2723 1860 2758 διὰ
1876 2725 2002 2769 μακροῦ
2018 2723 2084 2769 γὰρ
2102 2720 2121 2766 ἦ
2137 2722 2250 2768 χάρις.
2315 2734 2378 2766 320

1449 2775 1478 2809 εἷ
1496 2774 1524 2810 δ’
1544 2775 1659 2821 οἰκτρὰ
1675 2775 1821 2820 πάσχειν
1838 2774 1918 2821 φῂς,
1937 2774 2007 2809 τάδ’
2025 2773 2186 2810 ἀντάκουέ
2198 2781 2275 2819 μου·

1451 2827 1537 2862 εἰσὶν
1554 2826 1630 2874 παρ’
1649 2826 1726 2872 ἡμῖν
1743 2827 1839 2862 οὐδὲν
1855 2826 1966 2871 ἧσσον
1983 2826 2098 2861 ἄθλιαι

1450 2882 1562 2926 γραῖαι
1578 2881 1727 2926 γυναῖκες
1744 2877 1802 2924 ἠδὲ
1819 2881 2008 2925 πρεσβῦται
2026 2878 2135 2917 σέθεν,

1453 2930 1579 2976 νύμφαι
1596 2930 1624 2965 τ’
1643 2931 1791 2976 ἀρίστων
1808 2931 1961 2976 νυμφίων
1977 2931 2169 2975 τητώμενοι,

1454 2983 1499 3017 ῶν
1517 2983 1575 3028 ἥδε
1592 2981 1700 3018 κεύθει
1719 2983 1842 3027 σώματ’
1862 2982 1966 3017 Ἰδαία
1983 2984 2082 3018 κόνις.
2317 2994 2378 3027 325

1452 3037 1562 3079 τόλμα
1578 3034 1662 3070 τάδ’·
1691 3034 1783 3079 ἡμεῖς
1800 3034 1841 3075 δ’,
1861 3034 1890 3069 εἶ
1908 3037 2012 3070 κακῶς
2029 3034 2202 3079 νομίζομεν

1455 3089 1552 3132 τιμᾶν
1569 3089 1627 3121 τὸν
1645 3086 1781 3126 ἐσθλὸν,
1801 3086 1942 3132 ἀμαθίαν
1958 3085 2171 3131 ὀφλήσομεν·

1454 3139 1486 3173 οἱ
1502 3140 1671 3185 βάρβαροι
1689 3139 1725 3173 δὲ
1742 3137 1825 3183 μήτε
1842 3138 1919 3174 τοὺς
1936 3138 2062 3183 φίλους
2078 3138 2203 3183 φίλους

1455 3190 1591 3236 ἡγεῖσθε
1609 3190 1691 3235 μήτε
1708 3190 1786 3226 τοὺς
1803 3192 1915 3226 καλῶς
1932 3189 2126 3234 τεθνηκότας

1455 3242 1647 3286 θαυμάζεθ’,
1667 3243 1711 3278 ὣς
1728 3242 1768 3277 ἂν
1784 3241 1804 3286 ἡ
1821 3243 1882 3287 μὲν
1897 3241 2023 3277 Ἑλλὰς
2040 3241 2172 3286 εὐτυχῇ,
2319 3253 2382 3286 330

1455 3294 1545 3338 ὑμεῖς
1564 3293 1592 3329 δ’
1611 3293 1706 3340 ἔχηθ’
1726 3293 1822 3339 ὅμοια
1839 3295 1908 3330 τοῖς
1924 3291 2165 3336 βουλεύμασιν.

1455 3345 1532 3379 αἰαῖ·
1561 3347 1599 3380 τὸ
1618 3347 1740 3380 δοῦλον
1758 3347 1801 3381 ὡς
1819 3347 1916 3380 κακὸν
1934 3345 2055 3392 πεφυκ’
2074 3346 2136 3389 ἀεὶ,

1455 3399 1564 3442 τολμᾷ
1582 3397 1616 3431 θ’
1634 3397 1656 3432 ἂ
1671 3398 1715 3442 μὴ
1733 3398 1811 3443 χρὴ,
1830 3400 1869 3442 τῇ
1892 3397 1953 3442 βίᾳ
1969 3396 2200 3443 κρατούμενον.

1355 3454 1426 3484 ΕΚ.
1460 3449 1485 3482 ὦ
1504 3449 1657 3495 θύγατερ,
1677 3449 1772 3494 οὑμοὶ
1789 3449 1849 3493 μὲν
1865 3451 1964 3495 λόγοι
1980 3449 2063 3494 πρὸς
2080 3448 2194 3494 αῖθέρα

1459 3501 1602 3545 φροῦδοι
1619 3502 1724 3545 μάτην
1739 3500 1914 3547 ῥιφθέντες
1931 3500 2019 3546 ἀμφὶ
2037 3503 2101 3535 σοῦ
2119 3501 2237 3545 φόνου·
2319 3513 2378 3549 335

1460 3552 1504 3587 σὺ
1522 3552 1549 3587 δ’
1570 3551 1647 3587 εἴτι
1664 3553 1763 3598 μείζω
1782 3551 1917 3598 δύναμιν
1933 3551 1953 3597 ἢ
1970 3551 2076 3597 μήτηρ
2093 3553 2192 3593 ἔγεις,
