2488 3860
222 249 302 293 400

1110 255 1438 297 ΕΥΡΙΠΙΔΟΥ

321 355 469 404 στείχειν
486 354 525 392 ἵν’
543 354 641 401 ἦσαν,
661 356 778 405 καίπερ
796 358 855 394 οὔκ
872 358 1035 404 ἐωμένοις.

322 408 474 446 κάνταῦθ’
493 410 621 456 ὁρῶμεν
636 408 803 448 Ἑλλάδος
820 411 900 448 νεὼς
918 412 1052 458 σκάφος

321 464 438 510 ταρσῷ
456 461 589 509 κατήρει
606 462 748 498 πίτυλον
764 463 999 510 ἐπτερωμένον,
1046 488 1049 491 -

321 513 441 552 ναύτας
457 528 495 549 τε
511 513 700 560 πεντήκοντ’
719 516 774 551 ἐπὶ
793 517 952 561 σκαλμῶν
969 516 1099 553 πλάτας

320 566 469 612 ἔχοντας,
488 567 525 602 ἐκ
543 567 676 612 δεσμῶν
693 567 730 603 δὲ
746 567 824 605 τοὺς
841 568 968 604 νεανίας

319 618 516 666 ἐλευθέρους
532 618 722 666 πρύμνηθεν
739 621 886 656 ἑστῶτας
905 622 993 656 νεώς.

321 673 448 708 κοντοῖς
466 672 501 706 δέ
519 674 655 719 πρῷραν
673 669 775 718 εἶχον,
794 674 825 707 οἶ
844 672 872 707 δ’
892 672 1060 708 ἐπωτίδων

319 723 466 770 ἶίγκυραν
484 723 675 768 ἐξανῆπτον,
695 726 726 759 οἶ
746 724 782 759 δὲ
800 725 960 769 κλίμακας

320 775 522 813 σπεύδοντες
539 774 621 822 ἦγον
639 778 694 812 διὰ
710 780 819 823 χερῶν
835 775 1038 823 πρυμνήσια,

317 829 428 876 πόντῳ
446 829 483 863 δὲ
501 829 614 865 δόντες
631 830 702 864 τοῖν
720 829 828 872 ξένοιν
846 828 1013 863 καθίεσαν.

318 879 411 924 ἡμεῖς
429 879 459 915 δ’
479 880 733 926 ἀφειδήσαντες,
752 882 796 917 ὧς
814 880 1001 925 εἷσείδομεν

318 933 416 968 δόλια
432 932 622 979 τεχνήμαθ,
641 933 825 980 εἰχόμεσθα
842 934 901 977 τῆς
919 933 1013 977 ξένης

318 986 537 1031 πρυμνησίων
553 999 602 1027 τε,
621 987 674 1021 καὶ
693 985 734 1020 δι’
754 985 964 1031 εὐθυντηρίας

318 1036 431 1074 οἴακας
449 1037 629 1084 ἐξῃροῦμεν
647 1036 833 1084 εὐπρύμνου
851 1038 941 1073 νεώς.

317 1089 416 1137 λόγοι
434 1089 464 1125 δ’
485 1090 643 1137 ἐχώρουν,
662 1091 726 1126 τίνι
744 1091 837 1137 λόγῳ
854 1088 1059 1135 πορθμεύετε

319 1142 518 1178 κλέπτοντες
536 1143 571 1177 ἐκ
588 1144 651 1189 γῆς
669 1143 772 1186 ξόανα
790 1142 843 1176 καὶ
862 1142 1073 1186 θυηπόλους,·

315 1195 405 1231 τίνος
421 1195 472 1231 τίς
490 1194 536 1229 ὢν
552 1195 597 1230 σὺ
614 1194 704 1239 τήνδ’
724 1194 920 1239 ἀπεμπολᾷς
936 1193 1080 1239 χθονός,·

317 1250 337 1281 ὁ
355 1243 385 1282 δ’
407 1244 485 1290 εἶπ’,
498 1246 671 1294 Ὀρέστης,
691 1246 788 1291 τῆσδ’
810 1245 958 1291 ὅμαιμος,
980 1247 1023 1282 ὡς
1040 1244 1159 1290 μάθῃς,

315 1298 559 1346 Ἀγαμέμνονος
575 1302 664 1339 παῖς,
684 1297 773 1343 τήνδ’
794 1298 874 1343 ἐμὴν
892 1298 1066 1343 κομίζομαι

314 1352 434 1393 λαβὼν
451 1351 613 1397 ἀδελφὴν,
633 1350 673 1396 ἣν
690 1351 839 1387 ἀπώλεσ’
860 1351 895 1385 ἐκ
914 1351 1036 1395 δόμων.

316 1402 396 1438 ἀλλ’
416 1404 511 1439 οὐδὲν
528 1403 639 1448 ἧσσον
657 1403 841 1449 εἰχόμεσθα
858 1405 917 1447 τῆς
935 1402 1041 1447 ξένης,

316 1457 369 1491 καὶ
386 1457 470 1503 πρός
487 1455 520 1492 ‹r'
541 1456 683 1492 ἕπεσθαι
701 1455 961 1500 διεβιαζόμεσθά
979 1469 1038 1490 νιν·

316 1508 394 1544 ὅθεν
411 1510 452 1543 τὰ
471 1509 561 1544 δεινὰ
578 1507 746 1555 πλήγματ’
765 1507 805 1552 ἦν
822 1508 1009 1554 γενειάδων.

315 1562 417 1596 κεῖνοί
433 1576 470 1596 τε
487 1563 552 1608 γὰρ
572 1561 712 1607 σίδηρον
729 1560 788 1595 οὐκ
807 1558 899 1606 εἶχον
915 1562 1030 1606 χεροῖν

314 1613 407 1658 ἡμεῖς
424 1628 471 1648 τε·
498 1615 626 1660 πυγμαὶ
645 1611 676 1648 δ’
693 1611 781 1657 ἦσαν
799 1612 1063 1660 ἐγκροτούμεναι,

315 1667 367 1700 καὶ
385 1665 464 1700 κῶλ’
483 1666 539 1702 ἀπ’
558 1667 685 1712 ἀμφοῖν
702 1667 774 1700 τοῖν
791 1665 932 1701 νεανίαιν
949 1665 1016 1710 ἅμα

314 1718 349 1754 ἐς
365 1720 495 1765 πλευρὰ
514 1719 566 1754 καὶ
583 1719 666 1765 πρὸς
684 1717 772 1764 ἢπαρ
790 1716 987 1763 ἠκοντίζετο,

310 1770 357 1807 ὡς
374 1770 435 1814 ξύν
451 1770 481 1805 τ’
502 1772 653 1806 ἀπειπεῖν
670 1771 724 1806 καὶ
741 1770 983 1815 ξυναποκαμεῖν
999 1771 1100 1815 μέλη.

313 1823 432 1859 δεινοῖς
449 1823 486 1858 δὲ
504 1824 746 1870 σημάντροισιν
764 1823 1032 1869 ἐσφραγισμένοι

313 1874 500 1922 ἐφεύγομεν
517 1877 602 1922 πρὸς
618 1876 771 1922 κρημνὸν,
792 1877 823 1910 οἱ
840 1876 901 1920 μὲν
919 1876 954 1909 ἐν
971 1877 1053 1921 κάρᾳ

313 1927 446 1973 κάθαιμ’
464 1929 598 1974 ἔχοντες
615 1926 786 1974 τραύμαθ’,
806 1929 838 1962 οἱ
856 1927 886 1963 δ’
906 1928 942 1962 ἐν
959 1927 1114 1973 ὄμμασιν·

313 1980 430 2026 ὄχθοις
447 1977 478 2015 δ’
499 1980 734 2016 ἐπισταθέντες
751 1980 1004 2026 εὐλαβεστέρως

313 2033 546 2079 ἐμαρνάμεσθα
564 2034 618 2068 καὶ
634 2033 775 2080 πέτρους
793 2032 994 2078 ἐβάλλομεν.

314 2085 394 2120 ἀλλ’
414 2083 526 2131 εἶργον
543 2085 627 2130 ἡμᾶς
644 2086 779 2129 τοξόται
795 2084 945 2131 πρύμνης
962 2085 1017 2119 ἕπι

314 2137 492 2173 σταθέντες
511 2138 582 2179 ἰοῖς,
603 2138 685 2172 ὥστ’
705 2139 899 2173 ἀναστεῖλαι
915 2139 1046 2184 πρόσω.

312 2190 372 2224 κάν
388 2191 484 2238 τῷδε,
505 2190 610 2226 δεινὸς
627 2191 693 2236 γὰρ
712 2189 842 2225 κλύδων
859 2189 976 2224 ὤκειλε
994 2190 1072 2224 ναῦν

1172 424 1251 457 1345

1174 686 1254 717 ¹350

1173 946 1250 978 ¹355

1170 1197 1251 1238 1360

1170 1458 1246 1499 1365

1169 1728 1249 1762 1370

1168 1990 1244 2025 ¹375

310 2243 395 2289 πρὸς
411 2244 486 2288 γῆν,
506 2243 619 2287 φόβος
637 2240 668 2277 δ’
688 2241 728 2286 ἣν
746 2243 835 2278 ὥστε
853 2242 897 2288 μὴ
915 2241 1032 2288 τέγξαι
1048 2241 1147 2282 πόδα,
1167 2246 1247 2285 1380
1266 2279 1267 2283 ,

312 2295 430 2336 λαβὼν
449 2293 612 2340 Ὀρέστης
630 2294 719 2340 ὦμον
737 2296 784 2331 εἶς
801 2295 990 2341 ἀριστερὸν,

311 2348 377 2388 βὰς
395 2347 428 2383 ἐς
447 2347 627 2382 θάλασσαν
644 2346 723 2382 κάπὶ
741 2347 900 2392 κλίμακος
916 2346 1033 2392 θορὼν,

311 2399 398 2443 ἔθηκ’
418 2399 571 2445 ἀδελφὴν
589 2400 680 2435 ἐντὸς
698 2400 870 2445 εὐσέλμου
889 2399 979 2442 νεὼς,

309 2453 349 2486 τό
366 2450 396 2486 τ’
416 2452 557 2499 ούρανοῦ
574 2451 720 2496 πέσημα,
738 2453 796 2496 τῆς
815 2453 893 2487 Διὸς
911 2453 1008 2497 κόρης

310 2503 454 2549 ἶίγαλμα.
492 2506 567 2548 νηὸς
585 2502 613 2538 δ’
634 2504 669 2538 ἐκ
686 2505 791 2549 μέσης
811 2503 1002 2550 ἐφθέγξατο

309 2554 375 2599 βοή
393 2569 454 2598 τις,
473 2556 499 2590 ὦ
517 2557 575 2600 τῆς
591 2555 757 2593 Ἑλλάδος
775 2559 888 2591 ναῦται
905 2557 997 2597 νεὼς,

310 2607 464 2649 λάβεσθε
482 2609 592 2652 κώπης
609 2608 706 2655 ῥόθιά
723 2608 752 2644 τ’
772 2608 1009 2644 ἐκλευκαίνετε·

309 2659 429 2704 ἔχομεν
445 2661 511 2707 γὰρ
530 2660 637 2707 ῶνπερ
656 2659 759 2696 οὕνεκ’
779 2660 923 2703 Εὔξενον
940 2662 1045 2706 πόρον

310 2713 560 2759 Συμπληγάδων
576 2713 704 2747 ἔσωθεν
722 2712 1002 2758 εἰσεπλεύσαμεν.

310 2765 342 2798 οἱ
361 2764 396 2798 δέ
417 2765 603 2811 στεναγμὸν
637 2765 717 2808 ἡδὺν
736 2766 984 2812 ἐκβρυχώμενοι

309 2816 452 2851 ἔπαισαν
470 2816 591 2861 ἅλμην.
629 2820 706 2853 ναῦς
724 2817 764 2857 δ’,
785 2818 846 2854 ἕως
862 2817 924 2862 μὲν
942 2817 1034 2853 ἐντὸς
1051 2814 1090 2860 ἦν

306 2868 451 2912 λιμένος,
472 2869 602 2915 ἐχώρει,
623 2871 748 2914 στόμια
766 2870 960 2915 διαπερῶσα
977 2869 1013 2904 δὲ

306 2921 427 2968 χάβρῳ
447 2920 588 2955 κλύδωνι
608 2921 820 2965 συμπεσοῦσ’
840 2921 1006 2968 ἠπείγετο·

309 2973 415 3008 δεινὸς
431 2974 496 3018 γὰρ
515 2972 622 3007 ελθὼν
640 2973 758 3018 έίνεμος
776 2974 936 3019 ἐξαίφνης
953 2974 1032 3010 νεὼς

310 3023 387 3059 ὤθει
405 3027 508 3059 πάλιν
524 3024 719 3070 πρυμνήσι’·
747 3027 779 3060 οἶ
798 3026 827 3060 δ’
848 3026 1045 3072 ἐκαρτέρουν

307 3077 392 3122 πρὸς
410 3079 495 3121 κῦμα
510 3077 730 3119 λακτίζοντες·
758 3077 792 3113 ἐς
808 3079 871 3124 γῆν
889 3077 917 3112 δ’
937 3078 1080 3122 ἔμπαλιν

309 3128 439 3164 κλύδων
455 3129 639 3175 παλίρρους
656 3127 717 3175 ἦγε
735 3132 824 3163 ναῦν.
862 3129 1027 3164 σταθεῖσα
1045 3130 1080 3165 δὲ

307 3181 550 3227 Ἀγαμέμνονος
567 3183 644 3216 παῖς
662 3180 786 3224 ηὔξατ’,
806 3180 832 3214 ὦ
851 3184 977 3225 Λητοῦς
995 3183 1086 3228 κόρη,

309 3234 425 3268 σῶσόν
442 3247 494 3277 με,
514 3232 574 3276 τὴν
592 3232 656 3276 σὴν
676 3232 791 3278 ἶερίαν,
810 3234 895 3276 πρὸς
911 3233 1062 3268 Ἑλλάδα

309 3285 345 3320 ἐκ
362 3286 538 3331 βαρβάρου
551 3285 622 3330 γῆς,
638 3284 691 3318 καὶ
709 3285 848 3320 κλοπαῖς
862 3284 1029 3331 σύγγνωθ’
1045 3287 1145 3331 ἐμαῖς.
1165 3297 1244 3328 1400

307 3338 422 3382 φιλεῖς
440 3337 476 3371 δὲ
495 3337 548 3371 καὶ
567 3338 611 3370 σὺ
630 3338 692 3371 σὸν
710 3336 921 3382 κασίγνητον,
942 3336 1012 3371 θεά·

306 3390 423 3434 φιλεῖν
440 3389 477 3423 δὲ
495 3387 577 3432 κάμὲ
594 3388 671 3423 τοὺς
689 3387 867 3432 ὁμαίμονας
885 3389 983 3423 δόκει.

309 3443 422 3476 ναῦται
440 3441 468 3474 δ’
488 3438 734 3486 ἐπηυφήμησαν
752 3439 904 3485 εὐχαῖσιν
922 3442 1019 3487 κόρης

307 3494 440 3533 παιᾶνα,
458 3492 584 3539 γυμνὰς
602 3492 802 3533 ἐκβαλόντες
820 3493 944 3529 ὠλένας

310 3546 401 3589 κώπῃ
419 3545 719 3592 προσαρμόσαντες
737 3544 773 3579 ἐκ
792 3543 1025 3589 κελεύσματος.

1165 2506 1243 2547 1385

1165 2776 1245 2808 ¹390

1165 3555 1244 3588 1405

1165 3036 1259 3082 ¹395-

1299 1092 1366 1122 XCL

1297 1198 1366 1227 630.

1297 1881 1365 1910 Ae2

1401 359 1534 404 μᾶλλον
1552 357 1587 392 δὲ
1604 357 1739 402 μᾶλλον
1755 356 1840 403 πρὸς
1856 355 1978 403 πέτρας
1993 355 2046 403 ᾔει
2064 356 2217 404 σκάφος·

1401 411 1453 456 χώ
1470 409 1531 455 μέν
1547 424 1598 446 τις
1616 423 1649 444 ες
1667 408 1847 444 θάλασσαν
1864 407 1999 456 ὡρμήθη
2017 410 2133 452 ποσὶν,

1401 464 1508 498 ἄλλος
1526 462 1562 496 δέ
1579 461 1727 497 πλεκτὰς
1745 459 1925 505 ἐξανῆπτεν
1941 460 2098 508 ἀγκύλας.

1401 514 1492 560 κάγὼ
1509 515 1570 558 μὲν
1587 512 1685 549 εὐθὺς
1702 513 1788 559 πρὸς
1808 513 1849 548 σέ
1867 513 1956 559 δεῦρ’
1974 514 2180 559 ἀπεστάλην,

1400 567 1458 601 σοὶ
1475 566 1534 601 τὰς
1552 565 1677 601 ἐκεῖθεν
1695 568 1861 610 σημανῶν,
1881 565 1974 609 ἅναξ,
1993 566 2107 612 τύχας.

1401 618 1478 652 ἀλλ’
1499 617 1592 664 ἕρπε,
1611 618 1721 662 δεσμὰ
1739 617 1793 652 καὶ
1810 618 1959 664 βρόχους
1975 620 2094 662 λαβὼν
2109 621 2234 666 χεροῖν·

1401 671 1430 704 εἶ
1447 670 1491 715 μὴ
1509 671 1575 717 γὰρ
1594 668 1693 715 οἶδμα
1710 669 1848 715 νήνεμον
1863 669 2053 717 γενήσεται,

1400 723 1459 756 οὐκ
1477 723 1572 757 ἔστιν
1590 722 1688 759 ἐλπὶς
1705 724 1774 758 τοῖς
1792 722 1898 766 ξένοις
1916 725 2092 770 σωτηρίας.

1399 776 1522 809 πόντου
1541 773 1570 809 δ’
1589 774 1738 820 ἀνάκτωρ
1748 773 1857 810 Ἴλιόν
1873 774 1903 809 τ’
1923 775 2101 812 ἐπισκοπεῖ

1402 828 1524 871 σεμνὸς
1542 827 1728 868 Ποσειδῶν,
1748 827 1953 876 Πελοπίδαις
1970 828 1999 862 δ’
2018 828 2174 866 ἐναντίος.

1401 879 1454 913 καὶ
1473 881 1530 913 νῦν
1547 879 1684 925 παρέξει
1702 880 1761 914 τὸν
1779 877 2024 926 Ἀγαμέμνονος
2039 883 2141 927 γόνον

1401 932 1458 966 σοὶ
1477 932 1529 966 καὶ
1546 932 1712 972 πολίταις,
1732 932 1776 968 ὡς
1793 932 1909 973 ἔοικεν,
1927 933 1963 968 ἐν
1979 936 2094 979 χεροῖν

1400 983 1521 1025 λαβεῖν
1539 983 1694 1030 ἀδελφήν
1712 983 1757 1024 θ’,
1777 982 1797 1028 ἦ
1815 984 1922 1029 φόνον
1938 984 1998 1020 τὸν
2015 985 2135 1021 Αὐλίδι

1400 1035 1644 1080 ἀμνημόνευτον
1662 1037 1720 1083 θεᾷ
1737 1035 1900 1083 προδοῦσ’
1921 1039 2105 1073 ἁλίσκεται.

1399 1087 1425 1121 ὦ
1442 1089 1570 1133 τλῆμον
1586 1088 1779 1136 Ἰφιγένεια,
1799 1091 1966 1136 συγγόνου
1983 1091 2067 1136 μέτα

1401 1139 1494 1175 θανεῖ
1510 1141 1613 1176 πάλιν
1629 1143 1785 1186 μολοῦσα
1804 1141 1977 1177 δεσποτῶν
1994 1143 2106 1190 χέρας.

1400 1191 1426 1226 ὦ
1443 1193 1563 1229 πάντες
1581 1193 1680 1229 ἀστοὶ
1697 1194 1802 1238 τῆσδε
1819 1195 1996 1241 βαρβάρου
2013 1195 2146 1241 χθονὸς,

1400 1244 1459 1279 οὐκ
1477 1243 1528 1281 εἷα
1545 1246 1673 1283 πώλοις
1690 1247 1897 1291 ἐμβαλόντες
1913 1246 2004 1291 ἡνίας

1398 1298 1573 1342 παράκτιοι
1592 1298 1787 1345 δραμεῖσθε,
1807 1298 1976 1341 κάκβολὰς
1994 1300 2073 1336 νεὼς

1397 1349 1595 1395 Ἑλληνίδος
1613 1351 1765 1395 δέξεσθε,
1787 1351 1851 1385 σὺν
1869 1351 1905 1386 δὲ
1921 1354 1961 1397 τῇ
1982 1352 2047 1401 θεῷ

1399 1402 1601 1440 σπεύδοντες
1618 1404 1739 1450 ἄνδρας
1756 1404 1940 1445 δυσσεβεῖς
1958 1403 2134 1451 θηράσετε,

1397 1457 1429 1491 οἱ
1448 1456 1476 1491 δ’
1495 1457 1714 1501 ὧκυπόμπους
1733 1454 1847 1500 ἕλξετ’
1868 1458 1901 1493 ε’ς
1917 1458 2039 1492 πόντον
2055 1458 2206 1498 πλάταςς

1401 1510 1444 1544 ὡς
1463 1509 1498 1543 ἐκ
1518 1508 1696 1553 θαλάσσης
1714 1510 1750 1544 ἔκ
1768 1523 1805 1543 τε
1822 1510 1883 1555 γῆς
1903 1508 2087 1555 ἱππεύμασι

1399 1562 1564 1604 λαβόντες
1581 1561 1700 1597 αὐτοὺς
1718 1561 1738 1606 ἢ
1758 1562 1839 1602 κατὰ
1858 1561 2017 1607 στύφλου
2034 1562 2157 1609 πέτρας

1398 1613 1563 1660 ῥίψωμεν,
1583 1613 1603 1658 ἢ
1623 1614 1776 1661 σκόλοψι
1794 1613 1952 1659 πήξωμεν
1969 1614 2078 1660 δέμας.

1398 1666 1481 1711 ὑμᾶς
1500 1667 1535 1701 δὲ
1555 1668 1613 1702 τὰς
1631 1665 1727 1701 τῶνδ’
1746 1665 1884 1711 ἵστορας
1901 1667 2142 1712 βουλευμάτων

1398 1721 1565 1765 γυναῖκας,
1583 1718 1688 1758 αὖθις,
1708 1717 1791 1763 ἡνίκ’
1811 1719 1851 1753 ἂν
1869 1720 2001 1765 σχολὴν
2018 1720 2128 1763 λάβω,

1396 1771 1660 1817 ποινασόμεσθα·
1689 1774 1746 1806 νῦν
1764 1772 1799 1806 δὲ
1818 1772 1876 1817 τὴν
1892 1774 2107 1819 προκειμένην

1398 1825 1549 1869 σπουδὴν
1566 1825 1698 1869 ἔχοντες
1716 1824 1755 1858 οὗ
1773 1827 1932 1870 μενοῦμεν
1950 1825 2083 1870 ἥσυχοι.

1396 1878 1457 1911 ποῖ
1473 1879 1533 1913 ποῖ
1551 1877 1697 1923 διωγμὸν
1714 1877 1810 1912 τόνδε
1826 1877 2038 1923 πορθμεύεις,
2057 1876 2140 1920 ἅναξ

1399 1931 1509 1970 Θόας,·
1536 1929 1681 1964 ἄκουσον
1698 1929 1794 1974 τῆσδ’
1815 1928 1990 1974 Ἀθηναίας
2006 1931 2140 1976 λόγους.

1397 1985 1525 2018 παῦσαι
1544 1982 1670 2016 διώκων
1686 1982 1791 2028 ῥεῦμά
1808 1982 1838 2017 τ’
1859 1982 2008 2029 ἐξορμῶν
2026 1984 2184 2029 στρατοῦ.

1397 2034 1613 2082 πεπρωμένος
1629 2035 1695 2080 γὰρ
1714 2033 1921 2080 θεσφάτοισι
1939 2035 2063 2079 Λοξίου

1397 2087 1484 2131 δεῦρ’
1503 2085 1581 2131 ἦλθ’
1600 2086 1774 2131 Ὀρέστης,
1794 2089 1852 2122 τόν
1868 2086 1897 2122 τ’
1915 2086 2075 2134 Ἐρινύων
2089 2087 2197 2132 χόλον

1397 2138 1534 2185 φεύγων
1551 2140 1703 2185 ἀδελφῆς
1719 2138 1748 2173 τ’
1760 2137 1888 2185 *Αργος
1906 2140 2095 2186 ἐσπέμψων
2113 2139 2213 2184 δέμας

1395 2191 1531 2239 ἄγαλμά
1549 2191 1579 2226 θ’
1600 2192 1671 2238 ἱρὸν
1688 2191 1735 2227 εἷς
1753 2192 1834 2236 ἐμὴν
1850 2190 1940 2234 ἄξων
1958 2192 2074 2237 χθόνα,

1396 2248 1462 2279 τῶν
1480 2246 1537 2279 νῦν
1552 2246 1725 2290 παρόντων
1741 2244 1899 2288 πημάτων
1916 2244 2103 2290 ἀναψυχάς.

1396 2298 1481 2343 πρὸς
1497 2297 1558 2341 μὲν
1577 2295 1612 2331 «τ’
1631 2295 1679 2331 ὅδ’
1698 2295 1774 2340 ἡμῖν
1790 2296 1904 2340 μῦθος·
1933 2295 1971 2331 ὃν
1989 2295 2018 2331 δ’
2038 2296 2228 2331 ἀποκτενεῖν

1396 2350 1503 2384 δοκεῖς
1522 2347 1697 2395 Ὀρέστην,
1717 2347 1841 2394 ποντίῳ
1858 2349 1976 2389 λαβὼν
1994 2350 2101 2395 σάλῳ,

1395 2401 1456 2446 ἤδη
1475 2401 1651 2436 Ποσειδῶν
1667 2401 1766 2447 χάριν
1784 2400 1863 2445 ἐμὴν
1880 2398 2025 2445 ἀκύμονα

1394 2455 1516 2488 πόντου
1534 2454 1648 2497 τίθησι
1665 2457 1750 2488 νῶτα
1765 2451 1964 2499 πορθμεύων
1980 2453 2102 2496 πλάτῃ.

1393 2506 1508 2549 μαθὼν
1525 2506 1568 2549 δ’,
1586 2505 1743 2552 Ὀρέστα,
1762 2504 1821 2540 τὰς
1839 2504 1920 2549 ἐμὰς
1937 2505 2131 2543 ἐπιστολὰς,

1396 2557 1507 2594 κλύεις
1523 2559 1589 2605 γὰρ
1607 2558 1718 2602 αὐδὴν,
1738 2557 1854 2603 καίπερ
1872 2558 1911 2592 οὐ
1928 2558 2053 2603 παρὼν,
2073 2555 2162 2598 θεᾶς,
2211 2602 2213 2604 ¹

1393 2611 1495 2656 χώρει
1513 2611 1630 2652 λαβὼν
1649 2610 1783 2657 ἄγαλμα
1802 2608 1968 2655 σύγγονόν
1985 2624 2022 2644 τε
2040 2607 2114 2653 σήν.

1395 2662 1473 2696 ὅταν
1491 2662 1519 2697 δ’
1538 2661 1678 2707 Ἀθήνας
1695 2662 1754 2697 τὰς
1772 2661 1972 2706 θεοδμήτους
1989 2662 2107 2707 μόλῃς,

1393 2715 1502 2761 χῶρός
1519 2715 1568 2751 τίς
1587 2715 1681 2749 ἐστιν
1698 2712 1851 2749 Ἀτθίδος
1867 2714 1952 2760 πρὸς
1970 2715 2130 2759 ἐσχάτοις

1394 2766 1517 2813 ὅροισι,
1536 2767 1656 2813 γείτων
1673 2766 1822 2813 δειράδος
1841 2766 2042 2812 Καρυστίας,

1394 2820 1490 2865 ἱερὸς,
1510 2819 1613 2856 Ἀλάς
1631 2834 1681 2855 νιν
1698 2819 1799 2863 οὑμὸς
1817 2817 1970 2863 ὀνομάζει
1987 2819 2083 2854 λεώς·

1394 2871 1534 2906 ἐνταῦθα
1551 2871 1669 2915 τεύξας
1687 2872 1765 2906 ναὸν
1781 2868 1918 2917 ἵδρυσαι
1934 2870 2068 2917 βρέτας,

1393 2923 1564 2968 ἐπώνυμον
1580 2927 1643 2971 γῆς
1661 2924 1821 2969 Ταυρικῆς
1837 2925 1948 2958 πόνων
1964 2937 2001 2957 τε
2020 2926 2102 2962 σῶν,

1392 2975 1449 3011 οὓς
1468 2975 1661 3022 ἐξεμόχθεις
1677 2977 1870 3022 περιπολῶν
1887 2974 1960 3010 καθ’
1978 2974 2130 3009 Ἐλλάδα

1393 3025 1542 3074 οἴστροις
1561 3028 1703 3074 Ἐρινῦν.
1733 3025 1894 3073 Ἀρτεμιν
1912 3028 1950 3062 δέ
1966 3040 2017 3062 νιν
2032 3025 2150 3072 βροτοὶ

1391 3080 1430 3113 τὸ
1448 3080 1568 3115 λοιπὸν
1586 3079 1775 3125 ὑμνήσουσι
1792 3080 2010 3126 Ταυροπόλον
2027 3077 2116 3112 θεάν.

1393 3132 1494 3175 νόμον
1511 3147 1547 3166 τε
1566 3132 1621 3169 θές
1638 3130 1739 3167 τόνδ’·
1767 3131 1847 3166 ὅταν
1864 3131 1999 3178 ἑορτάζῃ
2018 3130 2104 3165 λεὼς

1391 3185 1449 3227 τῆς
1469 3185 1531 3227 σῆς
1550 3186 1688 3231 σφαγῆς
1705 3183 1827 3223 ἄποιν’,
1847 3183 2014 3228 ἐπισχέτω
2033 3181 2134 3227 ξίφος

1392 3235 1470 3280 δέρῃ
1488 3238 1573 3282 πρὸς
1591 3236 1709 3283 ἀνδρὸς
1726 3233 1807 3281 αἷμά
1823 3233 1854 3270 τ’
1875 3235 2028 3279 ἐξανιέτω

1393 3288 1489 3322 ὁσίας
1508 3287 1597 3322 ἕκατι
1615 3287 1675 3322 θεά
1693 3285 1725 3322 θ’
1745 3288 1835 3324 ὅπως
1851 3288 1947 3332 τιμὰς
1964 3286 2036 3330 ἔχῃ.

1393 3338 1434 3372 σὲ
1453 3338 1482 3373 δ’
1503 3340 1590 3385 ἀμφὶ
1609 3341 1745 3384 σεμνὰς,
1765 3338 1956 3386 Ἰφιγένεια,
1975 3337 2136 3382 κλίμακας

1391 3393 1600 3436 Βραυρωνίας
1617 3392 1668 3426 δεῖ
1684 3392 1788 3436 τῆσδε
1805 3391 2004 3435 κλῃδουχεῖν
2021 3389 2109 3425 θεᾶς·

1391 3441 1432 3476 οὗ
1450 3443 1503 3477 καὶ
1520 3443 1663 3490 τεθάψει
1682 3442 1903 3482 κατθανοῦσα,
1923 3442 1976 3477 καὶ
1993 3441 2129 3476 πέπλων

1391 3493 1527 3540 ἄγαλμά
1545 3509 1602 3529 σοι
1621 3495 1787 3539 θήσουσιν
1804 3493 1963 3538 εὐπήνους
1981 3493 2082 3538 ὖφὰς,

1391 3544 1431 3583 ἃς
1449 3546 1489 3580 ἂν
1505 3549 1655 3592 γυναῖκες
1673 3547 1709 3582 ἐν
1726 3548 1836 3584 τόκοις
1851 3546 2083 3593 ψυχορραγεῖς

2258 581 2338 612 ¹4¹0

2260 842 2335 875 ¹4¹5

2258 1104 2337 1136 ¹420

2256 1365 2333 1398 ¹425

2257 1631 2334 1661 ¹430

2253 1891 2330 1924 ¹435

2251 2152 2330 2183 ¹440

2250 2465 2326 2496 ¹445

2249 2726 2327 2756 ¹450

2242 2986 2322 3030 1453

2247 3236 2326 3276 1460

2245 3495 2321 3537 1465
