2488 3860
137 3157 204 3189 ΔΘ.

195 816 200 822 ‘
234 813 407 849 ἀθανάτων
423 811 452 847 δ’
471 811 610 856 ἀπέχειν
626 810 740 858 χέρας,
760 810 840 845 οὐδέ
854 824 905 846 τις
922 808 998 844 ἐστὶ

1017 291 1379 331 ΕΤΜΕΝΙΔΕΣ.
2194 291 2246 333 73

234 394 296 430 οὒκ
310 393 395 441 ἄγαν
412 390 606 439 ἐλεύθερος.

233 447 290 483 ἐπὶ
306 446 344 482 δὲ
359 446 408 495 τῷ
423 444 590 493 τεθυμένῳ

231 499 310 535 τόδε
325 498 443 544 μέλος,
460 498 651 544 παρακοπὰ,

232 550 419 599 παραφορὰ
435 549 659 612 &mg-omas,

235 602 338 650 ὕμνος
355 602 394 647 ἐξ
410 603 580 649 Ἐρινύων,

235 656 374 702 δέσμιος
390 655 536 702 φρενῶν,
552 654 666 700 ’ἀφόρ-

234 722 362 755 μικτος,
380 706 483 742 αύονὰ
498 708 650 753 βροτοῖς.

233 759 464 809 γιγνομέναισι
479 760 571 804 λάχη
588 758 659 793 τάδ’
679 757 735 804 ἐφ’
750 759 828 802 ἁμὶν
841 755 993 804 ἐκράνθη’
1022 768 1101 802 στρ.
1116 752 1164 796 β’.

1059 836 1061 838 -
1103 819 1167 851 ³50

1103 661 1165 693 345

237 865 426 911 συνδαίτωρ
442 864 648 909 μετάκοινος.

235 916 436 955 παλλεύκων
452 916 490 952 δὲ
509 915 648 952 πέπλων

235 970 385 1017 ἄμοιρος.
404 968 551 1015 ἄκληρος
568 967 724 1014 ἐτύχθην.

243 1023 403 1068 δωμάτων
418 1021 485 1068 γὰρ
503 1021 642 1065 εἱλόμαν

237 1074 436 1122 ἀνατροπὰς,
455 1073 536 1108 ὅταν
544 1071 652 1118 Ἀρης

237 1127 377 1163 τιθασὸς
394 1125 440 1162 ὣν
457 1125 565 1171 φίλον
582 1125 661 1169 ἕλῃ·

238 1180 294 1216 ἐπὶ
310 1180 380 1218 τὸν.
399 1178 438 1219 ὦ,
457 1178 605 1223 διόμεναι

1107 1080 1166 1113 355

223 1232 399 1280 ,κρατερὸν
415 1230 498 1270 ὄνθ’,
514 1230 635 1274 ὁμοίως

237 1286 427 1332 μαυροῦμεν
443 1282 504 1329 ὑφ’
523 1282 660 1327 αἵματος
677 1280 764 1316 νέου.

241 1337 463 1381 σπευδόμεναι
474 1334 502 1370 δ’
508 1335 652 1381 ἀφελεῖν
662 1334 735 1368 τινὰ
745 1333 851 1367 τάσδε
860 1331 1031 1378 μερίμνας,
1043 1330 1115 1364 ἀντ.
1121 1327 1155 1371 β’
1161 1354 1169 1362 .

242 1389 326 1425 θεῶν
343 1388 372 1424 δ’
391 1386 545 1423 ἀτέλειαν
562 1387 677 1427 ἐμαῖσι
692 1387 804 1421 λιταῖς
820 1383 1030 1430 ἐπικραίνειν,
1109 1384 1166 1425 361

239 1441 314 1487 μηδ’
330 1441 378 1478 εἷς
393 1440 549 1487 ἄγκρισιν
567 1438 695 1472 ἐλθεῖν.

240 1494 322 1530 Ζεὺς
337 1495 404 1541 γὰρ
421 1490 668 1537 αἶματοσταγὲς

241 1547 420 1591 ἀξιόμισον
437 1544 529 1580 ἔθνος
548 1544 627 1578 τόδε
643 1543 776 1587 λέσχας

241 1598 282 1635 ἃς
297 1598 528 1643 ἀπηξιώσατο.

241 1651 333 1696 μάλα
348 1651 416 1698 γὰρ
433 1648 492 1684 οὖν
508 1647 656 1693 ἁλομένα

242 1702 386 1750 ἄγκαθεν
401 1702 580 1748 βαρυπεσῆ

243 1756 420 1802 καταφέρω
436 1755 542 1790 ποδὸς
558 1753 677 1797 ἀκμὰν,

245 1807 407 1854 σφαλερᾶ
423 1806 641 1851 τανυδρόμοις

240 1861 344 1898 κῶλα,
364 1858 543 1905 δύσφορον
560 1857 654 1892 ὅταν.

243 1911 339 1955 δόξαι
349 1911 378 1946 τ’
392 1911 520 1957 ἀνδρῶν
533 1910 587 1944 καὶ
599 1905 679 1954 μάλ’
691 1905 746 1942 ὑπ’
761 1905 868 1952 αἰθέρι
883 1905 1003 1950 σεμναὶ
1037 1918 1115 1950 στρ.
1127 1902 1173 1950 γ’.

244 1963 420 2008 τακόμεναι
439 1963 521 1997 κατὰ
537 1964 601 2008 γᾶν
617 1959 815 2006 μινύθουσιν
831 1958 942 2002 ἄτιμοι
1112 1966 1175 2000 374

245 2009 420 2056 ἁμετέραις
463 2010 601 2055 ἐφόδοις
643 2009 884 2053 μελανείμοσιν
927 2008 1115 2054 ὀρχησμοῖς
1147 2009 1181 2039 τ’

299 2062 498 2107 ἐπιφθόνοις
514 2062 631 2097 ποδός.

244 2112 376 2149 πίπτων
393 2113 423 2148 δ’
436 2114 496 2148 οὐκ
513 2110 602 2148 οἶδεν
615 2112 683 2148 τόδ’
698 2112 752 2148 ὑπ’
767 2112 892 2159 ἅφρονι
904 2111 1007 2157 λύμᾳ.
1037 2111 1109 2146 ἀντ.
1128 2109 1174 2158 γ’.

244 2167 336 2200 τοῖον
353 2166 408 2201 ἐπὶ
426 2166 551 2211 κνέφας
567 2165 663 2212 ἀνδρὶ
678 2164 788 2209 μύσος
804 2166 999 2203 πεπόταται,
1045 2169 1050 2173 “

247 2218 298 2253 καὶ
333 2218 501 2264 δνοφεράν
534 2214 595 2252 τιν’
631 2217 742 2262 ἀχλὺν
770 2217 852 2251 κατὰ
888 2217 1038 2262 δώματος
1071 2215 1172 2250 αὗδᾶ-

294 2284 350 2304 ται
365 2268 579 2305 πολύστονος
596 2270 710 2315 φάτις.
1112 2272 1176 2311 380

241 2321 332 2366 μένει
348 2322 426 2368 γάρ·
456 2320 635 2367 εὐμήχανοι

241 2374 279 2408 δέ
296 2375 350 2408 καὶ
367 2374 503 2413 τέλειοι,
523 2377 630 2408 κακῶν

241 2440 279 2460 τε
295 2425 458 2471 μνήμονες
476 2426 607 2470 σεμναὶ,

242 2478 296 2512 καὶ
314 2477 567 2524 δυσπαρήγοροι
582 2479 732 2524 βροτοῖς,

241 2529 328 2574 ἄτιμ’
347 2529 461 2564 ἀτίετα
478 2530 625 2574 διόμεναι

239 2582 330 2627 λάχη
350 2581 434 2617 θεῶν
451 2580 705 2627 διχοστατοῦντ’

240 2633 367 2681 εἰναλίῳ
384 2633 487 2677 λάπᾳ,
506 2632 782 2668 δυσοδοπαίπαλα

242 2685 473 2730 δερκομένοισι
492 2686 546 2719 καὶ
563 2685 791 2729 δυσομμάτοις
808 2686 908 2729 ὁμῶς.

237 2737 290 2772 τίς
306 2735 365 2771 οὖν
381 2735 452 2771 τάδ’
471 2737 535 2782 οὐχ
552 2736 664 2779 ἅζεταί

238 2803 276 2823 τε
293 2789 347 2823 καὶ
364 2788 511 2823 δέδοικεν
527 2791 672 2835 βροτῶν,

239 2841 321 2885 ἐμοῦ
339 2839 450 2875 κλύων
467 2840 594 2885 θεσμὸν

237 2894 297 2927 τὸν
312 2893 552 2939 μοιρόκραντον
570 2893 605 2926 ἐκ
624 2892 707 2927 θεῶν

237 2944 378 2979 δοθέντα
394 2943 532 2985 τέλεον;
562 2945 617 2979 ἐπὶ
634 2944 673 2979 δέ
687 2959 745 2989 μοι

235 2996 338 3043 γέρας
353 2998 509 3037 παλαιὸν,
529 2994 599 3031 οὐδ’

235 3049 368 3094 ἀτιμίας
385 3053 484 3096 κυρῶ,
505 3049 622 3095 καίπερ
638 3049 704 3084 ὑπὸ
720 3048 827 3094 χθόνα

235 3099 332 3145 τάξιν
348 3101 478 3146 ἔχουσα
495 3102 550 3136 καὶ
567 3101 730 3136 δυσάλιον
746 3102 882 3147 κνέφας.

233 3153 413 3199 πρόσωθεν
431 3152 598 3198 ἐξήκουσα
615 3154 776 3196 κληδόνος
792 3154 890 3198 βοὴν,

235 3205 303 3240 ἀπὸ
321 3204 533 3251 Σκαμάνδρου
549 3207 613 3251 γῆν
630 3205 937 3251 καταφθατουμένη,

234 3255 276 3302 ἣν
292 3256 363 3302 δῆτ’
381 3254 526 3302 Ἀχαιῶν
542 3257 680 3303 ἄκτορές
697 3271 734 3291 τε
751 3258 805 3292 καὶ
821 3260 957 3304 πρόμοι,

233 3313 300 3344 τῶν
317 3308 538 3354 αἰχμαλώτων
554 3309 734 3355 χρημάτων
748 3310 858 3354 λάχος
874 3310 970 3357 μέγα,

233 3361 364 3404 ἔνειμαν
381 3361 607 3406 αὐτόπρεμνον
629 3363 662 3398 ἐς
680 3362 720 3396 τὸ
735 3363 803 3396 πᾶν
820 3361 904 3405 ἐμοὶ.

234 3411 407 3459 ἐξαίρετον
423 3412 559 3459 δώρημα
577 3414 715 3456 Θησέως
732 3415 853 3448 τόκοις·

233 3463 328 3499 ἔνθεν
344 3463 500 3499 acbatana*
517 3463 623 3508 ἦλθον
639 3463 781 3510 ἄτρυτον
796 3465 895 3504 πόδα,

235 3519 364 3562 πτερῶν
380 3514 460 3562 ἔτερ
475 3515 664 3563 ῥοιβδοῦσα
682 3517 809 3551 κόλπον
825 3516 964 3563 αἰγίδος,

238 3567 363 3604 πώλοις
379 3567 531 3614 ἀκμαίοις
547 3566 633 3604 τόνδ’
654 3566 842 3612 ἐπιζεύξασ’
861 3567 955 3613 ὄχον.

1109 1488 1170 1529 365

1111 1757 1174 1790 370

1030 2738 1103 2772 ἀντ.
1124 2737 1167 2772 δ’.

1106 2803 1170 2835 390

1103 3063 1163 3095 395

1101 3322 1162 3352 400

1099 3579 1160 3613 40⁵

1055 392 1219 432 ·34'0·

1218 856 1286 886 ΧΟ.

1216 1013 1288 1043 ΑΘ.

1215 1065 1287 1095 ΧΟ.

1214 1117 1287 1147 ΑΘ.

1214 1169 1289 1200 ΧΟ.

1215 1221 1288 1252 ΑΘ.

1214 1273 1273 1303 XO
1279 1295 1288 1304 .

1214 1325 1287 1355 Ae.

1214 1377 1273 1407 XO
1279 1399 1288 1408 .

1214 1429 1287 1460 Ae.
1315 1426 1384 1462 ἅλλ

1214 1481 1288 1512 ΧΟ.

1214 1534 1287 1565 Αθ-

1214 1586 1288 1617 ΧΟ.

1214 1638 1287 1669 Ae.

1214 1690 1289 1723 XO.

1214 1743 1288 1775 Ae.

1214 1795 1287 1827 ΧΟ.

1214 1848 1288 1879 ΑΘ.

1214 1899 1287 1931 XO.

1214 1952 1287 1984 Ae.

1030 2334 1109 2367 στρ.
1130 2318 1172 2355 δ’.
1221 2318 1286 2347 ΟΡ·

1270 3218 1277 3227 .
1322 3196 1429 3243 μήτηρ
1447 3198 1596 3239 κατέκτα,
1615 3201 1780 3237 ποικίλοις
1797 3202 1984 3248 ἀγρεύμασι

1320 385 1433 428 καινὴν
1450 384 1480 420 δ’
1498 388 1615 433 ὁρῶσα
1631 388 1720 433 τήνδ’
1739 393 1873 436 ὁμιλίαν
1889 395 2012 440 χθονὸς
2038 391 2043 401 ’

1321 437 1436 482 ταρβῶ
1452 438 1514 482 μὲν
1530 439 1639 481 οὐδὲν,
1659 441 1767 488 θαῦμα
1784 443 1814 480 δ’
1831 445 1978 492 ὄμμασιν
1994 450 2094 485 πάοα.

1321 487 1408 523 τίνες
1422 489 1496 524 ποτ’
1516 491 1597 526 ἐστέ
1606 505 1616 531 ;
1644 495 1730 529 πᾶσι
1748 496 1777 531 δ’
1797 498 1831 533 ἐς
1848 502 1957 534 κοινὸν
1973 489 2076 548 λέγω,

1319 539 1444 586 βρέτας
1460 556 1498 576 τε
1514 543 1637 588 τούμὸν
1653 547 1729 593 τῳδ’
1749 548 1902 598 ἐφημένῳ
1920 553 2016 600 ξένῳ,

1318 591 1403 636 ὑμᾶς
1421 592 1451 627 θ’
1470 595 1585 639 ὁμοίας
1601 597 1711 634 οὐδενὶ
1729 606 1888 647 σπαρτῶν
1904 604 2003 649 γένει,

1319 643 1387 678 οὔτ’
1407 645 1443 680 ἐν
1460 645 1571 682 θεαῖσι
1587 650 1672 695 πρὸς
1689 650 1774 687 θεῶν
1791 655 1956 699 ὁρωμένας

1321 695 1391 730 οὔτ’
1410 696 1469 732 οὖν
1484 700 1654 745 βροτείοις
1671 703 1829 751 ἐμφερεῖς
1844 708 2064 753 μορφώμασι-

1316 747 1430 795 λέγειν
1446 749 1476 785 δ’
1494 750 1651 798 ἄμορφον
1667 754 1747 790 ὄντα
1763 757 1842 793 τούς
1857 759 1966 795 πέλας
1983 765 2088 797 κακῶς

1317 802 1438 846 πρόσω
1456 803 1590 840 δικαίων
1606 804 1657 850 ἧδ’
1676 807 1863 845 ἀποστατεῖ
1881 811 1985 856 θέμις.

1314 851 1434 888 πεύσει
1450 855 1493 889 τὰ
1509 857 1617 892 πάντα
1634 862 1820 905 συντόμως,
1840 864 1920 899 Διὸς
1936 866 2029 911 κόρη.

1317 903 1412 950 ἡμεῖς
1427 907 1493 953 γάρ
1511 908 1614 953 ἐσμεν
1631 914 1762 948 Νυκτὸς
1778 914 1892 959 αἷανῆς
1908 916 2015 951 τέκνα.

1317 955 1414 1003 Ἀραὶ
1431 958 1460 993 δ’
1480 959 1516 994 ἐν
1533 959 1636 998 οἴκοις
1651 965 1714 1009 γῆς
1731 965 1811 1001 ὑπαὶ
1829 967 2026 1013 κεκλήμεθα.

1314 1009 1412 1055 γένος
1427 1011 1488 1055 μέν
1505 1009 1580 1048 οἶδα
1597 1016 1758 1059 κληδόνας
1774 1018 1803 1052 τ’
1823 1019 2025 1065 ἐπωνύμους.

1315 1062 1412 1106 τιμάς
1427 1077 1469 1109 γε
1484 1065 1546 1108 μὲν
1562 1066 1603 1110 δὴ
1621 1068 1680 1103 τὰς
1699 1068 1779 1113 ἐμὰς
1794 1070 1914 1106 πεύσει
1931 1074 2030 1119 τάχα.

1316 1113 1451 1159 μάθοιμ’
1470 1116 1521 1157 ἂν,
1541 1117 1571 1151 εἷ
1588 1119 1684 1165 λέγοι
1703 1135 1752 1157 τις
1769 1123 1900 1169 ἐμφανῆ
1917 1126 2035 1171 λόγον.

1316 1167 1621 1212 βροτοκτονοῦντας
1638 1172 1674 1206 ἐκ
1691 1173 1803 1218 δόμων
1820 1176 2014 1221 ἐλαύνομεν.

1317 1218 1371 1253 καὶ
1387 1223 1436 1267 τῷ
1453 1224 1602 1256 κτανόντι
1619 1227 1686 1259 ποῦ
1703 1227 1742 1260 τὸ
1760 1227 1863 1273 τέρμα
1880 1231 1939 1273 τῆς
1955 1230 2090 1276 φυγῆς;

1317 1268 1403 1305 ὅπου
1420 1273 1459 1307 τὸ
1475 1273 1606 1320 χαίρειν
1622 1277 1775 1322 μηδαμοῦ
1793 1280 1972 1324 νομίζεται.

1315 1321 1336 1366 ἢ
1355 1323 1409 1358 καὶ
1425 1324 1579 1362 τοιαύτας
1595 1329 1671 1376 τῷδ’
1691 1330 1886 1377 ἐπιρροιζεῖς
1902 1333 2012 1379 φυγάς
2030 1347 2040 1378 ;

1317 1375 1441 1419 φονεὺς
1456 1378 1524 1424 γὰρ
1541 1376 1622 1414 εἷναι
1639 1384 1763 1428 μητρὸς
1780 1381 1960 1427 ἠξιώσατο.

1385 1441 1424 1471 ης
1440 1428 1584 1476 ἀνάγκης
1601 1434 1730 1470 οὔτινος
1746 1436 1851 1481 τρέων
1869 1438 1986 1478 κότον;

1316 1481 1383 1513 ποῦ
1399 1480 1465 1526 γὰρ
1483 1486 1628 1519 τοσοῦτο
1647 1486 1782 1533 κέντρον
1799 1489 1843 1524 ὡς
1859 1492 2113 1536 μητροκτονεῖν;

1317 1531 1411 1566 δυοῖν
1426 1536 1605 1580 παρόντοιν
1622 1537 1745 1582 ἥμισυς
1761 1541 1865 1586 λόγος
1881 1543 1984 1587 πάρα.

1316 1582 1395 1618 ἀλλ’
1414 1584 1514 1631 ὅρκον
1529 1587 1570 1622 οὗ
1587 1588 1709 1632 δέξαιτ’
1728 1591 1779 1632 ἂν,
1799 1593 1839 1626 ού
1856 1594 1968 1628 δοῦναι
1987 1595 2091 1630 θελει.

1315 1634 1428 1671 κλύειν
1446 1638 1578 1676 δικαίως
1594 1644 1728 1685 μᾶλλον
1745 1643 1765 1688 ἢ
1783 1645 1907 1691 πρᾶξαι
1925 1646 2047 1683 θέλεις.

1316 1691 1388 1724 πῶς
1405 1689 1457 1734 δὴ,
1476 1691 1624 1736 δίδαξον·
1653 1698 1719 1730 τῶν
1737 1698 1858 1742 σοφῶν
1874 1699 1940 1744 γὰρ
1958 1700 1997 1733 οὐ
2014 1699 2118 1736 πένει.

1317 1737 1428 1786 ὅρκοις
1444 1743 1486 1777 τὰ
1502 1744 1547 1788 μὴ
1566 1745 1675 1781 δίκαια
1691 1748 1736 1792 μὴ
1754 1751 1845 1783 νικᾶν
1861 1750 1964 1797 λέγω.

1315 1791 1394 1827 ἀλλ’
1413 1793 1590 1843 ἐξέλεγχε,
1611 1801 1699 1845 κρῖνε
1716 1799 1745 1835 δ’
1765 1801 1893 1836 εὐθεῖαν
1911 1803 2015 1848 δίκην.

1316 1842 1336 1888 ἢ
1355 1845 1429 1880 κάπ’
1449 1847 1522 1892 ἐμοὶ
1539 1850 1684 1896 τρέποιτ’
1702 1852 1742 1887 ἂν
1758 1853 1864 1890 αἰτίας
1881 1855 2004 1896 τέλος;

1315 1900 1387 1934 πῶς
1404 1898 1432 1933 δ’
1451 1902 1512 1940 οὕ;
1543 1902 1712 1943 σέβουσαί
1727 1904 1759 1950 γ’
1778 1905 1875 1949 ἀξίαν
1892 1908 2047 1951 ἐπαξίων.

1315 1949 1350 1984 τί
1366 1952 1450 1995 πρὸς
1466 1952 1537 1987 τάδ’
1557 1954 1671 1995 εἰπεῖν,
1692 1955 1717 1990 ὦ
1731 1957 1810 1999 ξέν’,
1831 1958 1865 1992 ἐν
1882 1960 1974 2004 μέρει
1993 1960 2124 2001 θελεις;

1321 2000 1425 2044 λέξας
1442 2001 1479 2036 δὲ
1495 2003 1609 2048 χώραν
1626 2005 1680 2039 καὶ
1696 2005 1792 2046 γένος
1809 2007 1862 2040 καὶ
1879 2007 2057 2053 ξυμφορὰς

1324 2053 1384 2088 τὰς
1402 2053 1477 2093 σὰς,
1497 2055 1610 2089 ἔπειτα
1626 2056 1713 2090 τόνδ’
1731 2057 1899 2101 ἀμυναθοῦ
1916 2059 2041 2104 ψόγον·

1323 2102 1416 2151 εἴπερ
1433 2105 1600 2142 πεποιθὼς
1617 2111 1658 2151 τῇ
1675 2108 1746 2152 δίκῃ
1763 2109 1888 2154 βρέτας
1905 2111 1981 2144 τόδε

1322 2155 1404 2200 ἧσαι
1420 2158 1616 2202 φυλάσσων
1633 2159 1747 2195 ἑστίας
1769 2160 1848 2205 ἐμῆς
1865 2162 1985 2201 πέλας,

1323 2210 1446 2253 σεμνὸς
1461 2210 1668 2257 προσίκτωρ,
1688 2212 1724 2246 ἐν
1739 2214 1875 2258 τρόποις
1891 2213 2041 2257 Ἰξίονος·

1322 2259 1454 2296 τούτοις
1470 2261 1612 2306 ἀμείβου
1629 2264 1734 2298 πᾶσιν
1751 2265 1890 2309 εὐμαθές
1906 2266 1940 2300 τί
1955 2281 2024 2310 μοι.

1318 2312 1441 2347 ἅνασσ’
1459 2312 1594 2353 Ἀθάνα,
1614 2319 1746 2360 πρῶτον
1763 2317 1799 2350 ἐκ
1816 2321 1881 2351 τῶν
1898 2318 2051 2353 ὑστάτων

1322 2368 1388 2399 τῶν
1406 2369 1477 2400 σῶν
1494 2366 1583 2400 ε’πῶν
1598 2365 1718 2411 μέλημ’
1736 2368 1916 2413 ἀφαιρήσω
1933 2371 2032 2417 μέγα.

1321 2417 1381 2451 οὐκ
1399 2417 1465 2462 εἰμὶ
1482 2420 1744 2464 προστρόπαιος,
1764 2420 1831 2455 οὐδ’
1851 2422 1922 2466 ἕχει
1937 2421 2047 2466 μύσος

1321 2470 1406 2514 πρὸς
1422 2469 1511 2516 χειρὶ
1528 2468 1614 2514 τήμῇ
1632 2472 1671 2505 τὸ
1690 2473 1754 2506 σὸν
1771 2473 1936 2517 ἐφημένου
1953 2475 2085 2521 βρέτας.

1321 2519 1496 2567 τεκμήριον
1513 2522 1550 2556 δὲ
1567 2522 1672 2557 τῶνδέ
1689 2538 1744 2557 σοι
1761 2525 1851 2568 λέξω
1868 2526 1965 2572 μέγα·

1322 2572 1501 2619 ἄφθογγον
1518 2570 1600 2608 εἶναι
1617 2576 1675 2608 τὸν
1691 2577 1900 2621 παλαμναῖον
1918 2580 2029 2623 νόμος,

1322 2625 1356 2660 ἔς
1372 2623 1400 2658 τ’
1419 2625 1460 2659 ἂν
1476 2627 1561 2671 πρὸς
1578 2626 1697 2672 ἀνδρὸς
1713 2626 1850 2672 αἵματος
1866 2630 2050 2676 καθαρσίου

1323 2677 1457 2723 σφαγαὶ
1475 2677 1705 2722 καθαιμάξωσι
1723 2679 1884 2724 νεοθήλου
1901 2684 2019 2724 βοτοῦ.

1321 2729 1426 2763 πάλαι
1443 2730 1528 2776 πρὸς
1544 2730 1664 2766 ἄλλοις
1680 2732 1768 2766 ταῦτ’
1788 2733 2004 2780 ἀφιερώμεθα

1322 2778 1446 2814 οἴκοισι
1463 2782 1517 2816 καὶ
1533 2784 1672 2823 βοτοῖσι
1690 2784 1743 2818 καὶ
1759 2784 1872 2830 ῥυτοῖς
1887 2790 2016 2833 πόροις.

1321 2831 1443 2876 ταύτην
1459 2834 1520 2877 μὲν
1538 2832 1624 2868 οὕτω
1642 2836 1795 2881 φροντίδ’
1815 2838 1963 2874 ἐκποδὼν
1980 2841 2083 2884 λέγω.

1321 2884 1418 2930 γένος
1435 2885 1471 2920 δέ
1489 2886 1612 2931 τούμὸν
1630 2887 1674 2923 ὡς
1690 2889 1761 2933 ἔχει
1778 2889 1896 2924 πεύσει
1914 2893 2013 2936 τάχα.

1321 2935 1472 2983 Ἀργεῖός
1490 2937 1567 2982 εἶμι,
1587 2939 1713 2986 πατέρα
1730 2940 1758 2975 δ’
1779 2943 1924 2988 ἱστορεῖς
1942 2946 2062 2983 καλῶς,
2188 2960 2224 2988 45

1321 2988 1536 3035 Ἀγαμέμνον’
1555 2990 1683 3037 ἀνδρῶν
1700 2995 1872 3035 ναυβατῶν
1889 2997 2094 3042 ἁρμόστορα·

1323 3041 1383 3085 ξὺν
1399 3038 1428 3089 ᾧ
1446 3041 1491 3076 σὺ
1508 3043 1629 3088 Τροίαν
1645 3043 1766 3079 ἄπολιν
1781 3045 1885 3081 Ἰλίου
1902 3050 2003 3082 πόλιν

1322 3092 1452 3137 ἔθηκας.
1481 3094 1598 3139 ἔφθιθ’
1617 3095 1714 3132 οὗτος
1731 3098 1770 3131 οὐ
1788 3101 1908 3138 καλῶς,
1927 3101 2041 3144 μολὼν

1324 3145 1358 3181 ἐς
1375 3142 1477 3180 οἷκον·
1506 3146 1599 3181 ἀλλά
1615 3162 1665 3182 νιν
1682 3151 1912 3196 κελαινόφρων
1930 3153 1989 3196 ἐμὴ

2188 619 2246 648 410

2182 878 2243 909 4¹5

2185 1141 2246 1170 4²0

2184 1663 2245 1692 430

2183 1923 2243 1954 435

2188 2177 2250 2207 440

2187 2437 2246 2466 445

2188 2699 2249 2728 450

2187 3211 2247 3248 400

1323 3248 1498 3295 κρύψασα,
1517 3252 1669 3298 λουτρὼν
1686 3253 1898 3300 ἐξεμαρτύρει
1915 3258 2034 3300 φόνον.

1324 3301 1415 3347 κάγὼ
1432 3302 1612 3343 κατελθὼν,
1631 3305 1690 3338 τὸν
1705 3307 1772 3351 πρὸ
1790 3310 1850 3340 τοῦ
1867 3307 2003 3354 φεύγων
2020 3311 2156 3354 χρόνον,

1325 3353 1452 3388 ἔκτεινα
1468 3353 1528 3398 τὴν
1544 3358 1719 3396 τεκοῦσαν,
1739 3358 1798 3391 οὐκ
1816 3358 2013 3404 ἀρνήσομαι,

1325 3404 1526 3442 ἀντικτόνοις
1541 3409 1691 3442 ποιναῖσι
1709 3410 1876 3453 φιλτάτου
1892 3415 2028 3457 πατρός.

1325 3457 1380 3491 καὶ
1395 3457 1499 3492 τῶνδε
1516 3462 1606 3503 κοινῇ
1623 3460 1746 3503 Λοξίας
1763 3462 1920 3501 ἐπαίτιος,

1327 3508 1415 3555 ἄλγη
1432 3511 1622 3556 προφωνῶν
1639 3511 1829 3558 ἀντίκεντρα
1847 3515 1973 3560 καρδίᾳ,

1326 3559 1356 3594 εἷ
1371 3559 1416 3605 μή
1434 3575 1466 3596 τι
1484 3562 1578 3597 τῶνδ’
1597 3563 1726 3608 ἔρξαιμι
1744 3565 1820 3601 τοὺς
1840 3566 2015 3602 ἐπαιτίους.

2186 3469 2244 3508 465
