2488 3860
445 383 1033 439 ΣΟΦΟΚΛΕΟΥΣ
1094 383 1529 438 ΟῙΔΙΠΟΥΣ
1593 384 1739 435 ΕΠΙ
1805 382 2190 439 ΚΟΛΩΝΩι.

1216 544 1421 552 ———-—

776 660 856 699 TA
910 659 1041 699 To'r
1093 656 1463 697 ΔΡΑΜΑΤΟΣ
1512 653 1837 694 ΠΡΟΣΩΠΑ

539 771 749 802 οιΔιΠοτΣ.
1636 765 1803 796 eumz.

538 823 755 852 ANT1roNn.
1311 782 1316 901 Ι
1607 854 1609 856 ,
1634 820 1777 849 κΡΕΩΝ.

538 877 682 908 ΞΕΝΟΣ.
1634 874 1909 904 nomm-:num

540 929 676 959 xopoz
699 930 877 958 ΑπικΩΝ
901 931 1120 961 ΓΕΡΟΝΤΩΝ.
1313 903 1319 999 ι
1635 929 1823 958 ΑΓΓΣΛΟΣ.

536 983 703 1015 ῙΣΜΗΝΗ

1135 1167 1172 1206 ‘T
1180 1167 1220 1206 Π
1230 1167 1266 1207 Ο
1278 1167 1317 1207 Θ
1327 1168 1359 1206 Ε
1371 1168 1402 1207 Σ
1413 1167 1431 1205 Ι
1442 1167 1487 1207 Σ.

268 1278 308 1319 'O
334 1278 391 1316 ἐπὶ
419 1279 568 1327 Κολωνῷ
600 1276 762 1315 Οἰδίπους
791 1275 1001 1323 συνημμένος
1026 1276 1099 1312 πώς
1125 1274 1202 1310 ἐστι
1228 1277 1276 1323 τῷ
1324 1272 1379 1308 ἐπὶ
1397 1275 1444 1321 τῷ
1461 1272 1600 1320 ἀγαγεῖν
1618 1273 1720 1309 αὐτὸν
1737 1273 1785 1311 εἷς
1802 1274 1956 1312 τούπίσω
1974 1275 2144 1324 ἄπρακτος
2160 1277 2373 1318 ἀπαλλάττε-

218 1334 385 1382 Τυράννῳ.
414 1333 474 1378 τῆς
499 1332 566 1379 γὰρ
596 1332 758 1378 πατρίδος
789 1330 942 1366 ἐκπεσὼν
970 1332 989 1365 ὁ
1022 1328 1183 1365 Οἷδίπους
1213 1328 1275 1373 ἤδη
1323 1339 1389 1362 ται.
1419 1328 1437 1360 ὁ
1450 1326 1487 1361 δὲ
1504 1328 1590 1374 πρὸς
1607 1328 1666 1362 τὸν
1680 1327 1797 1371 Θησέα
1810 1328 1954 1364 διελθὼν
1966 1331 2026 1365 τὸν
2037 1333 2198 1378 χρησμὸν
2211 1331 2300 1369 οὕτω
2317 1336 2375 1371 τὸ,

219 1387 350 1434 γεραιὸς
377 1386 423 1422 ὢν
449 1385 641 1432 ἀφικνεῖται
669 1384 716 1421 εἷς
743 1382 898 1427 Ἀθήνας,
927 1383 993 1419 ὑπὸ
1025 1384 1085 1427 τῆς
1112 1381 1274 1427 θυγατρὸς
1322 1378 1401 1414 Βίον
1418 1379 1649 1427 καταστρέφει
1666 1381 1759 1428 παρὰ
1775 1383 1848 1418 ταῖς
1866 1381 1969 1419 θεαῖς.

221 1439 416 1485 Ἀντιγόνης
443 1432 768 1483 χειραγωγούμενος.
812 1431 901 1477 ἦσαν
927 1433 995 1479 γὰρ
1026 1435 1093 1467 τῶν
1120 1432 1274 1480 ἀρσένων
1373 1433 1419 1467 Τὸ
1444 1432 1481 1467 δὲ
1505 1433 1616 1479 δρᾶμα
1638 1436 1705 1468 τῶν
1723 1433 1938 1480 θαυμαστῶν·
1969 1434 1988 1471 ὃ
2015 1437 2070 1472 καὶ
2093 1438 2158 1484 ἤδη
2182 1441 2376 1488 γεγηρακὼς

222 1492 301 1539 περὶ
328 1491 387 1526 τὸν
413 1488 543 1536 πατέρα
571 1487 899 1534 φιλοστοργότεραι.
939 1485 1129 1532 ἀφικνεῖται
1160 1485 1198 1521 δὲ
1226 1485 1273 1522 εἷς
1322 1487 1339 1519 ὁ
1359 1485 1541 1531 Σοφοκλῆς
1566 1486 1719 1531 ἐποίησε,
1739 1488 1961 1534 χαριζόμενος
1979 1489 2019 1524 οὖ
2042 1491 2146 1536 μόνον
2163 1495 2206 1537 τῇ
2225 1493 2375 1542 πατρίδι,

222 1542 365 1589 Ἀθήνας
392 1542 475 1578 κατὰ
504 1540 758 1587 πυθόχρηστον,
789 1539 834 1575 ὡς
860 1538 960 1575 αὐτός
990 1538 1093 1584 φησι,
1120 1537 1272 1585 χρησθὲν
1322 1538 1414 1573 ἀλλὰ
1442 1538 1496 1572 καὶ
1523 1541 1571 1587 τῷ
1599 1540 1720 1575 ἑαυτοῦ
1748 1538 1856 1589 δήμῳ·
1884 1539 1926 1586 ἦν
1947 1542 2014 1590 γὰρ
2042 1543 2255 1590 Κολωνῆθεν.
2284 1546 2376 1584 ‘507¹‘

225 1597 315 1646 αὐτῷ
331 1595 423 1643 παρὰ
443 1596 516 1631 ταῖς
542 1594 680 1638 σεμναῖς
704 1590 924 1637 καλουμέναις
948 1591 1039 1628 θεαῖς
1061 1591 1271 1637 μεταλλάξαι
1323 1592 1380 1626 τὸν
1406 1591 1468 1637 μὲν
1492 1591 1598 1636 δῆμον
1621 1592 1790 1638 ἐπίσημον
1808 1594 1996 1639 ἀποδεῖξαι,
2014 1597 2229 1644 χαρίσασθαι
2256 1599 2295 1635 δὲ
2321 1601 2376 1638 καὶ
2426 1593 2433 1601 ’

224 1651 283 1685 τὸν
300 1649 392 1693 βίον.
421 1649 460 1683 τὸ
484 1647 546 1694 μὲν
564 1644 624 1682 οὖν
640 1648 775 1696 πρῶτον
791 1644 949 1693 γέροντες
973 1645 1145 1692 ἐγχώριοι,
1166 1644 1204 1688 ἐξ
1229 1644 1272 1679 ὧν
1322 1644 1362 1678 τὰ
1379 1643 1527 1691 μέγιστα
1544 1646 1616 1682 τοῖς
1633 1645 1836 1691 Ἀθηναίοις,
1856 1647 1900 1683 δι’
1918 1647 1964 1684 ὧν
1981 1647 2194 1697 ἀπορθήτους
2216 1652 2373 1694 ἔσεσθαι,

225 1706 244 1739 ὁ
261 1703 367 1750 χορὸς
381 1701 580 1746 συνέστηκε,
593 1699 776 1744 πυθόμενοι
795 1698 1017 1745 συνέρχονται
1031 1698 1085 1733 καὶ
1097 1697 1272 1745 διαλέγον-
1322 1697 1374 1732 καὶ
1393 1700 1460 1732 τῶν
1478 1697 1610 1745 ἐχθρῶν
1627 1699 1749 1736 αὐτοὺς
1767 1699 1949 1747 κρατήσειν
1966 1701 2160 1739 ὑποτίθεται
2178 1705 2197 1739 ὁ
2212 1704 2375 1744 Οἰδίπους

225 1771 279 1792 ται
292 1756 378 1803 πρὸς
391 1755 504 1790 αὐτόν.
526 1755 642 1790 ἔπειτα
655 1751 692 1787 δὲ
712 1749 849 1798 Ἰσμήνη
868 1750 1120 1799 παραγενομένη
1134 1750 1176 1786 τὰ
1190 1751 1274 1786 κατὰ
1299 1746 1303 1773 ¹
1322 1751 1577 1796 προαναφωνῶν
1600 1752 1654 1787 καὶ
1681 1751 1734 1787 ὅτι
1761 1753 2056 1791 διαστασιάσουσι
2086 1757 2173 1804 πρὸς
2201 1757 2374 1804 Θηβαίους

228 1809 286 1851 τὴν
308 1809 434 1845 στάσιν
455 1808 671 1855 ἀπαγγέλλει
694 1809 761 1841 τῶν
783 1804 924 1846 παίδων,
945 1805 997 1840 καὶ
1017 1804 1077 1847 τὴν
1093 1804 1274 1848 γενομένην
1316 1803 1414 1844 ποτὲ,
1436 1804 1490 1839 καὶ
1514 1802 1643 1841 τούτων
1661 1804 1893 1853 κρατήσουσιν
1911 1808 1948 1844 ἐκ
1971 1813 2138 1857 χρησμῶν
2155 1810 2211 1849 διὰ
2234 1811 2294 1848 τὸν
2310 1813 2370 1849 τά·

229 1862 347 1911 ἄφιξιν
365 1863 425 1897 τοῦ
445 1859 611 1908 Κρέοντος
628 1872 714 1906 προς
732 1857 844 1894 αὐτόν·
882 1858 920 1893 ὃς
938 1857 992 1892 καὶ
1008 1855 1277 1906 παραγενόμενος
1317 1858 1389 1905 φον
1406 1856 1522 1894 αὐτοῦ.

785 2108 1239 2150 ΣΑΛΟΎΣΤῙΟΎ
1287 2105 1792 2150 ΠΥΘΑΓΟΡΕΙΟΎ.

277 2224 327 2262 Τὰ
343 2222 539 2266 ποαχθέντα
554 2221 633 2262 περὶ
651 2221 710 2257 τὸν
729 2219 895 2256 Οἶδίποδα
911 2218 1013 2261 ἴσμεν
1030 2219 1161 2256 ἅπαντα
1178 2218 1220 2254 τὰ
1238 2218 1273 2253 ἐν
1300 2234 1304 2264 1
1330 2222 1397 2255 τῶν
1419 2217 1583 2260 ἐντεῦθεν,
1609 2219 1663 2254 καὶ
1690 2217 1869 2266 πορεύεται
1899 2219 2055 2268 ἀγγελῶν
2077 2219 2130 2256 ὅτι
2159 2235 2211 2258 τις
2239 2221 2306 2269 ἄρα
2330 2223 2380 2272 τῷ
2416 2256 2421 2266 ,

227 2277 268 2324 τῷ
286 2276 389 2321 ἑτέρῳ
409 2273 575 2310 Οἰδίποδι.
604 2270 799 2317 πεπὴρωται
822 2271 889 2317 γὰρ
909 2272 963 2306 καὶ
987 2271 1129 2317 ἀφῖκται
1148 2268 1196 2305 εἰς
1221 2268 1281 2312 τὴν
1302 2271 1306 2313 Ι
1329 2271 1445 2320 χωρίῳ
1463 2270 1572 2320 τούτῳ
1589 2272 1835 2319 προσκάθηται.
1864 2274 1918 2308 καὶ
1936 2274 2093 2320 ἔρχονται
2115 2276 2148 2310 οἱ
2166 2275 2203 2311 έν
2219 2276 2268 2324 τῷ
2284 2277 2379 2324 τόπῳ
2431 2273 2440 2282 ’“

227 2328 394 2373 Ἀττικὴν,
419 2325 642 2373 ὁδηγούμενος
674 2323 710 2358 ἐκ
736 2324 814 2368 μιᾶς
841 2325 908 2357 τῶν
935 2319 1139 2367 θυγατέρων,
1163 2318 1274 2352 Ἀντί·
1303 2315 1306 2375 Ι
1331 2326 1366 2360 ἐν
1383 2326 1491 2372 χοροῦ
1520 2324 1683 2371 σχήματι,
1702 2325 1934 2371 μαθησόμενοι
1958 2329 2000 2362 τὰ
2017 2329 2139 2364 πάντα.
2167 2332 2302 2376 πρῶτος
2319 2327 2380 2365 οὖν
2432 2347 2434 2349 ·

230 2384 341 2431 γόνης.
371 2380 425 2415 καὶ
443 2380 538 2414 ἔστιν
555 2378 591 2413 ἐν
608 2380 655 2425 τῷ
673 2376 801 2421 τεμένει
824 2378 890 2410 τῶν
909 2377 1041 2419 σεμνῶν
1060 2365 1275 2421 [Ἐρινύων-Ι,
1330 2378 1407 2413 ἐστι
1425 2377 1601 2413 καταλύων
1618 2379 1678 2423 τὴν
1696 2379 1903 2426 ὁδοιπορίαν,
1924 2380 1978 2415 καὶ
2001 2382 2042 2426 τῇ
2061 2381 2202 2429 θυγατρὶ
2220 2381 2376 2428 διαλεγό-

230 2436 250 2471 ὅ
268 2435 363 2470 ἐστιν
382 2434 416 2468 ἐν
433 2435 480 2480 τῷ
494 2430 687 2477 καλουμένῳ
703 2429 807 2477 ἱππίῳ
826 2429 987 2476 Κολωνῷ,
1003 2424 1091 2461 οὕτω
1109 2424 1277 2469 κληθέντι,
1322 2441 1435 2471 μενος.
1464 2427 1597 2473 ἅφατος
1615 2428 1654 2463 δέ
1675 2429 1751 2463 ἐστι
1774 2429 1923 2464 καθόλου
1941 2429 1961 2474 ἡ
1980 2423 2154 2476 οἷκονομία
2171 2431 2208 2467 έν
2224 2435 2273 2481 τῷ
2293 2435 2376 2481 δρά·

231 2489 304 2524 ἐπεὶ
323 2487 376 2522 καὶ
394 2485 610 2520 Ποσειδῶνός
629 2483 724 2517 ἐστιν
743 2483 832 2528 ἱερὸν
851 2480 969 2516 ἱππίου
988 2480 1041 2514 καὶ
1059 2476 1278 2526 Προμηθέως,
1324 2493 1417 2524 ματι,
1438 2480 1483 2515 ὡς
1501 2480 1611 2515 οὐδενὶ
1629 2481 1727 2529 ἄλλῳ
1747 2482 1886 2527 σχεδόν.

234 2542 287 2578 καὶ
305 2540 407 2575 αὐτοῦ
425 2538 458 2573 οἶ
481 2538 663 2585 ὀρεωκόμοι
686 2534 852 2570 ἵστανται·
883 2534 959 2568 ἔστι
980 2533 1047 2580 γὰρ
1065 2532 1154 2580 αὐτῷ
1171 2529 1277 2566 πυθό·
1375 2531 1421 2567 ‘H
1441 2533 1545 2578 σκηνὴ
1564 2536 1624 2568 τοῦ
1643 2534 1811 2580 δράματος
1828 2535 2000 2571 ὑπόκειται
2018 2536 2107 2582 έντῇ
2123 2536 2259 2584 Ἀττικῇ
2277 2538 2314 2575 ἐν
2329 2542 2388 2589 τῷ.

234 2607 388 2641 χρηστον
406 2590 549 2626 ἐνταῦθα
567 2590 636 2625 δεῖν
654 2589 754 2624 αὐτὸν
771 2588 884 2633 ταφῆς
906 2588 1032 2632 τυχεῖν·
1063 2584 1103 2620 οὗ
1121 2582 1165 2630 μή
1186 2584 1284 2618 ἐστιν
1324 2583 1442 2634 ἱππίῳ,
1461 2587 1547 2632 πρὸς
1565 2588 1612 2635 τῷ
1629 2590 1697 2635 ναῷ
1714 2590 1781 2622 τῶν
1802 2592 1947 2633 σεμνῶν.
1976 2591 1995 2624 ὁ
2014 2590 2052 2624 δὲ
2075 2591 2181 2637 χορὸς
2207 2591 2375 2639 συνέστη-

236 2647 338 2694 ἐτέρῳ
356 2643 498 2692 βεβήλῳ
522 2645 638 2682 τόπος,
658 2640 774 2677 αὐτόθι
797 2640 949 2685 κάθηται·
979 2640 1033 2674 καὶ
1058 2638 1141 2673 κατὰ
1162 2636 1282 2683 μικρὸν
1300 2624 1304 2670 Ι
1324 2650 1380 2675 κεν
1397 2638 1436 2686 ἐξ
1453 2638 1636 2684 Ἀθηναίων
1654 2640 1796 2688 ἀνδρῶν.
1825 2642 2023 2689 προλογίζει
2042 2642 2215 2681 Οἰδίπους.

235 2700 325 2747 αὐτῷ
344 2698 385 2734 τὰ
403 2699 463 2742 τῆς
481 2696 676 2733 ὑποθέσεως
698 2694 915 2742 προέρχεται.
945 2695 1007 2740 ὁρᾷ
1026 2693 1093 2739 γάρ
1111 2705 1162 2729 τις
1179 2689 1281 2728 αὐτὸν

1160 2940 1431 2983 ΑΛΛΩΣ.

284 3018 349 3053 Τὸν
385 3015 440 3051 ε’πὶ
476 3013 626 3059 Κολωνῷ
662 3012 827 3048 Οἰδίποδα
863 3013 918 3048 ἐπὶ
947 3015 1200 3059 τετελευτηκότι
1236 3016 1283 3063 τῷ
1451 3017 1561 3051 καλῶς
1579 3014 1783 3061 ἐτελεύτησ’,
1799 3015 2100 3064 οὐδὲνὺπομείνας
2117 3024 2230 3054 κακόν.

235 3072 360 3118 πάππῳ
378 3069 558 3115 Σοφοκλῆς
572 3069 590 3102 ὁ
604 3067 716 3103 υἶδοῦς
736 3066 898 3110 ἐδίδαξεν,
919 3067 990 3102 υἱὸς
1001 3067 1047 3102 ὢν
1064 3066 1282 3114 Ἀρίστωνος,
1332 3070 1388 3106 ἐπὶ
1418 3070 1455 3105 δὲ
1486 3071 1532 3118 τῷ
1561 3070 1734 3118 λεγομένῳ
1763 3071 1867 3119 ἱππίῳ
1892 3071 2040 3119 Κολωνῷ
2059 3072 2099 3105 τὸ
2127 3070 2237 3118 δρᾶμα
2260 3074 2377 3110 κεῖται.

234 3125 290 3160 ἐπὶ
308 3123 473 3170 ἄρχοντος
491 3121 646 3156 Μίκωνος
658 3117 692 3159 *,
713 3118 750 3155 ὃς
774 3119 933 3166 τέταρτος
951 3120 1017 3154 ἀπὸ
1037 3120 1204 3161 Καλλίου,
1225 3119 1282 3167 ἐφ’
1331 3125 1407 3159 ἔστι
1436 3123 1503 3171 γὰρ
1534 3123 1587 3158 καὶ
1619 3122 1732 3169 ἕτερος
1760 3124 1919 3159 Κολωνὸς
1945 3123 2105 3170 ἀγοραῖος
2130 3125 2217 3166 πρὸς
2240 3126 2289 3174 τῷ
2311 3126 2377 3161 Εὗ-

235 3176 275 3212 οὗ
293 3177 403 3223 φασιν
427 3175 459 3209 οἱ
477 3173 616 3209 πλείους
640 3174 699 3207 τὸν
721 3172 901 3218 Σοφοκλέα
924 3174 1139 3218 τελευτῆσαι.
1170 3173 1283 3220 σαφὲς
1330 3175 1512 3224 ρυσακείῳ,
1548 3177 1633 3222 πρὸς
1668 3173 1696 3224 ᾦ
1730 3177 1762 3210 οἱ
1796 3175 2060 3223 μισθαρνοῦντες
2093 3175 2375 3223 προεστήκεισαν,

235 3230 271 3263 δὲ
289 3228 379 3263 τοῦτ’
399 3228 494 3262 ἐστὶν
512 3226 549 3270 ἐξ
568 3226 613 3260 ὧν
631 3227 649 3260 ὁ
667 3226 728 3270 μὲν
745 3224 996 3270 Ἀριστοφάνης
1011 3225 1046 3259 ἐν
1064 3228 1133 3262 τοῖς
1152 3227 1280 3271 Βατρά-
1305 3240 1309 3249 ’
1331 3230 1422 3264 ὥστε
1448 3229 1502 3264 καὶ
1524 3228 1585 3273 τὴν
1611 3228 1793 3275 παροιμίαν
1820 3229 1876 3264 ἐπὶ
1901 3230 1973 3265 τοῖς
1999 3227 2282 3276 καθαστερίζουσι
2310 3233 2390 3269 τῶ.’

233 3296 308 3328 χοις
331 3282 386 3316 ἐπὶ
414 3279 569 3315 Καλλίου
596 3276 712 3323 ἀνάγει
739 3276 817 3312 τοὺς
843 3276 1025 3322 τραγικοὺς
1050 3277 1136 3325 ὑπὲρ
1160 3277 1235 3324 γῆς,
1265 3276 1285 3311 ὁ
1331 3285 1452 3330 καιρῶν
1468 3281 1673 3326 διαδοθῆναι·

238 3333 271 3366 δὲ
291 3330 457 3378 Φρύνιχος
475 3329 510 3364 ἐν
529 3326 697 3367 Μούσαις,
717 3326 757 3363 ἃς
778 3326 970 3374 συγκαθῆκε
988 3329 1059 3364 τοῖς
1079 3330 1279 3375 Βατράχοις,
1498 3333 1560 3381 ὄψ’
1579 3332 1693 3378 ἦλθες,
1713 3333 1793 3370 ἀλλ’
1811 3334 1860 3371 εἷς
1876 3334 1935 3370 τὸν
1952 3334 2113 3369 Κολωνὸν
2129 3331 2219 3370 ἵεσο.

235 3382 344 3429 φησὶν
361 3381 478 3418 οὕτως·
1329 3385 1525 3434 μνημονεύει
1549 3390 1616 3422 τῶν
1637 3387 1728 3422 δυεῖν
1755 3389 1923 3422 Κολωνῶν
1949 3387 2157 3434 Φερεκράτης
2183 3388 2219 3423 ἐν
2237 3389 2372 3434 Πετάλῃ

336 3437 445 3482 μάκαρ
463 3432 671 3480 Σοφοκλέης,
692 3431 729 3469 ὃς
746 3431 856 3468 πολὺν
872 3434 998 3479 χρόνον
1014 3433 1113 3476 βιοὺς
1331 3442 1384 3478 διὰ
1400 3438 1538 3476 τούτων·

336 3488 510 3528 ἀπέθανεν,
531 3485 694 3531 εὐδαίμων
712 3485 794 3532 ἀνὴρ
813 3486 867 3521 καὶ
885 3486 1007 3529 δεξιὸς,
1485 3492 1594 3536 οὗτος,
1613 3492 1717 3528 πόθεν
1734 3491 1858 3538 ἦλθες;
1887 3491 1947 3528 Εἷς
1965 3493 2125 3527 Κολωνὸν
2145 3491 2253 3538 ἱὴμην,

337 3542 472 3582 πολλὰς
488 3539 634 3587 ποιήσας
652 3540 705 3576 καὶ
723 3538 828 3577 καλὰς
845 3539 1044 3588 τραγῳδίας,
1306 3519 1310 3587 Ξ
1483 3545 1523 3581 οὐ
1541 3547 1600 3581 τὸν
1617 3545 1788 3593 ἀγοραῖον,
1809 3545 1901 3581 ἀλλὰ
1917 3546 1977 3580 τὸν
2001 3548 2068 3580 τῶν
2086 3546 2226 3586 ἱππέων.

1109 3623 1127 3643 ⁸
1145 3619 1196 3652 01.
1214 3621 1264 3653 94.
1282 3621 1311 3659 3,
1330 3620 1410 3653 Ast.
1429 3621 1488 3652 401
