2488 3860
184 281 261 333 158

173 719 250 750 ΔΗ.

171 825 243 856 ΧΟ.

171 931 249 963 ΔΗ.

170 1037 244 1070 ΧΟ.

171 1197 239 1229 ΥΛ.

169 1411 247 1441 ΔΗ.

168 1464 238 1494 ΥΛ.

169 1570 246 1601 ΔΗ.

168 1623 236 1653 ΥΛ.

169 1729 246 1759 ΔΗ.

169 1835 237 1865 ΥΛ.

170 1941 244 1971 ΔΗ.

1062 291 1471 338 ΣΟΦΟΚΛΕΟΥΣ

242 401 243 404 ’
278 394 386 431 καίτοι
405 393 570 435 δέδοκται,
592 397 695 432 κεῖνος
715 395 745 430 εἷ
765 394 998 443 σφαλὴσεται,

278 447 381 493 ταύτῃ
401 448 466 483 σὺν
484 449 571 495 ὁρμῇ
589 449 672 494 κάμὲ
691 449 868 485 συνθανεῖν
886 450 966 495 ἅμα.

280 503 339 546 ζῆν
355 502 422 549 γὰρ
441 505 548 538 κακῶς
566 499 740 538 κλύουσαν
753 502 813 538 οὔκ
832 503 1034 549 ἀνασχετὸν,

1169 462 1231 495 720

241 564 242 567 ’
277 555 349 600 ἥτις
366 555 515 602 προτιμᾷ
532 554 577 600 μὴ
597 554 679 600 κακὴ
696 555 897 603 πεφυκέναι.

175 612 245 643 XO.

274 609 413 655 ταρβεῖν
430 608 492 653 μὲν
509 608 594 655 ἔργα
611 607 688 644 δείν’
708 608 894 656 ἀναγκαίως
912 609 995 655 ἕχει,

276 661 337 706 τὴν
355 660 383 696 δ’
403 660 520 696 ἐλπίδ’
537 661 577 696 οὗ
594 661 662 709 χρὴ
680 663 741 707 τῆς
758 661 863 708 τύχης
881 662 1004 709 κρίνειν
1021 661 1140 709 πάρος.

276 714 337 749 οὐκ
355 714 451 749 ἔστιν
469 714 505 750 ἐν
522 716 594 752 τοῖς
610 715 655 761 μὴ
675 717 792 751 καλοῖς
808 713 1045 760 βουλεύμασιν

276 766 347 803 οὐδ’
367 766 525 807 ἐλπις,”
501 782 574 813 ητις
593 768 647 803 καὶ
666 768 795 815 θράσος
811 782 845 803 τι
862 768 1032 815 προξενεῖ.

273 819 353 856 ἀλλ’
371 820 463 885 ἀμφὶ
481 822 552 858 τοῖς
571 822 743 868 σφαλεῖσι
760 820 805 867 μὴ
823 821 893 866 ’ξ’
875 821 1033 856 εκουσίας

275 873 361 922 ὀργὴ
378 873 594 921 πέπειρα,τη
554 875 614 919 τῆς
633 889 675 909 σε
693 875 874 922 τυγχάνειν
891 874 1025 921 πρέπει.

275 929 414 962 τοιαῦτα
433 926 461 962 δ’
481 927 522 962 ἂν
539 927 671 971 λέξειεν
689 942 754 973 ουχ
775 929 793 962 ὁ
811 930 872 962 τοῦ
891 929 993 962 κακοῦ

275 981 443 1020 κοινωνὸς,
464 979 543 1015 ἀλλ’
563 977 591 1030 ᾧ
607 980 711 1026 μηδέν
729 979 802 1015 ἐστ’
821 978 926 1016 οἴκοις
943 978 1047 1027 βαρύ.

274 1035 377 1081 σιγᾶν
395 1033 436 1068 ἂν
453 1034 593 1080 ἁρμόζοι
613 1048 656 1068 σε
674 1035 733 1069 τὸν
750 1033 860 1069 πλείω
877 1035 998 1080 λόγον,

274 1086 304 1121 εἷ
321 1085 366 1132 μή
385 1101 418 1121 τι
435 1086 549 1130 λέξεις
565 1087 661 1122 παιδὶ
679 1088 727 1135 τῷ
746 1087 885 1132 σαυτῆς’
915 1086 988 1121 ἐπεὶ

274 1140 433 1187 πάρεστι,
453 1139 590 1186 μαστὴρ
608 1141 737 1186 πατρὸς
755 1138 793 1175 ὃς
810 1140 891 1186 πρὶν
908 1137 1032 1187 ᾤχετο.

274 1192 301 1227 ὦ
318 1194 437 1240 μῆτερ,
458 1193 503 1228 ὣς
521 1192 562 1227 ἂν
580 1193 617 1227 ἐκ
635 1196 736 1239 τριῶν
756 1191 789 1227 σ’
810 1191 845 1227 ἓν
864 1193 1014 1237 εἱλόμην,

277 1244 297 1291 ἢ
316 1244 430 1291 μηκέτ’
447 1242 530 1281 εἶναι
550 1247 674 1289 ζῶσαν,
694 1244 714 1290 ἢ
735 1245 962 1291 σεσωσμένην

272 1298 385 1334 ἄλλου
403 1298 590 1344 κεκλῆσθαι
607 1298 734 1346 μητέρ’,
749 1297 769 1343 ἢ
787 1299 899 1347 λῴους
917 1297 1046 1345 φρένας

273 1355 341 1387 τῶν
359 1354 417 1388 νῦν
434 1355 619 1399 παρουσῶν
637 1351 733 1387 τῶνδ’
754 1351 973 1398 ἀμείψασθαί
990 1349 1107 1386 ποθεν.

274 1405 308 1440 τί
326 1405 354 1440 δ’
374 1404 482 1446 ἐστὶν,
503 1404 529 1440 ὦ
547 1406 619 1445 παῖ,
639 1406 726 1452 πρός
743 1404 774 1450 γ’
796 1404 878 1449 ἐμοῦ
898 1402 1153 1451 στυγούμενον;

273 1459 332 1494 τὸν
348 1458 454 1506 ἄνδρα
471 1459 531 1493 τὸν
549 1459 614 1493 σὸν
631 1456 718 1498 ἴσθι,
738 1459 798 1492 τὸν
816 1456 845 1492 δ’
866 1457 946 1502 ἐμὸν
963 1456 1056 1503 λέγω

271 1511 412 1559 πατέρα,
433 1511 678 1546 κατακτείνασα
695 1510 768 1556 τῇδ’
789 1510 825 1545 ἐν
843 1509 962 1557 ἡμέρᾳ.

274 1562 376 1610 οἴμοι,
396 1563 458 1599 τίν’
478 1562 669 1611 ἐξήνεγκας,
691 1563 716 1598 ὦ
735 1563 862 1604 τέκνον,
882 1565 990 1610 λόγον
1006 1576 1014 1603 ;

270 1616 309 1652 ὃν
326 1618 392 1663 οὐχ
410 1614 483 1652 οἷόν
500 1632 538 1652 τε
555 1617 600 1662 μὴ
619 1616 837 1662 τελεσθῆναι.
867 1617 906 1652 τὸ
924 1617 990 1664 γὰρ

272 1670 402 1717 φανθέν
419 1671 470 1707 τίς
488 1670 530 1705 ἂν
548 1669 671 1705 δύναιτ’
691 1670 732 1705 ἂν
750 1669 913 1717 ἀγένητον
929 1670 1060 1709 ποιεῖν;

271 1727 344 1760 πῶς
362 1720 469 1764 εἶπας,
490 1722 516 1757 ὦ
534 1725 597 1758 παῖ
607 1736 616 1764 ;
646 1725 707 1758 τοῦ
725 1722 802 1770 παρ’
823 1723 1009 1770 ἀνθρώπων
1026 1721 1141 1767 μαθὼν

270 1777 396 1822 ἄζηλον
414 1775 521 1813 οὕτως
539 1777 640 1823 ἔργον
658 1775 839 1823 εἷργάσθαι
855 1791 898 1822 με
916 1775 1007 1822 φῄςς

272 1830 373 1866 αὐτὸς
390 1831 532 1876 βαρεῖαν
545 1829 729 1876 ξυμφορὰν
746 1830 783 1864 ἐν
801 1828 951 1874 ὄμμασιν

273 1883 402 1930 πατρὸς
420 1882 587 1929 δεδορκὼς
605 1883 665 1917 κού
685 1882 769 1917 κατὰ
785 1883 957 1929 γλῶσσαν
976 1880 1101 1918 κλύων.

271 1937 338 1971 ποῦ
358 1936 387 1970 δ’
406 1935 605 1980 ἐμπελάζεις
622 1935 741 1982 τάνδρὶ
759 1935 813 1970 καὶ
830 1935 1066 1982 παρίστασαι;

1171 725 1229 760 725

1169 990 1230 1024 730

1167 1255 1226 1291 735

1168 1522 1229 1555 740

1168 1788 1226 1823 745

169 1993 238 2024 ΥΛ.
266 1988 296 2023 εἷ
315 1987 380 2034 χρὴ
399 1987 518 2031 μαθεῖν
536 2002 590 2028 σε,
610 1988 721 2023 πάντα
739 1987 779 2032 δὴ
799 1988 927 2034 φωνεῖν
943 1989 1068 2035 χρεών.

272 2038 329 2075 ὅθ’
350 2035 445 2085 εἷρπε
464 2036 599 2083 κλεινὴν
617 2036 770 2085 Εὐρύτου
787 2037 920 2084 πέρσας
937 2040 1052 2078 πόλιν,

273 2093 364 2137 νίκης
381 2092 473 2139 ἄγων
490 2092 636 2138 τροπαῖα
654 2089 858 2137 κάκροθίνια,

274 2144 356 2190 ἀκτή
375 2158 427 2180 τις
445 2143 688 2190 ἀμφίκλυστος
706 2142 856 2186 Εὐβοίας
873 2142 976 2190 ι’ίκρον

275 2197 421 2243 Κὴναιόν
439 2197 546 2236 ἐστιν,
566 2196 647 2231 ἔνθα
663 2195 809 2245 πατρῴῳ
829 2197 884 2231 Διὶ

275 2250 413 2296 βωμοὺς
431 2250 536 2296 ὁρίζει
553 2250 706 2295 τεμενίαν
724 2264 761 2284 τε
779 2249 957 2296 φυλλάδα·

275 2303 315 2339 οὗ
334 2318 385 2339 νιν
402 2303 444 2338 τὰ
461 2302 565 2350 πρῶτ’
587 2303 720 2338 ἐσεῖδον
738 2302 886 2347 ἅσμενος
903 2302 1012 2351 πόθῳ.

277 2358 445 2403 μέλλοντι
464 2355 492 2391 δ’
512 2355 603 2405 αὐτῷ
619 2354 835 2392 πολυθύτους
852 2354 985 2401 τεύχειν
1004 2355 1145 2404 σφαγὰς

279 2408 385 2456 κῆρυξ
402 2408 458 2445 ἀπ’
478 2407 578 2445 οἴκων
596 2405 675 2444 ἵκετ’
697 2408 818 2445 οἰκεῖος
836 2408 956 2455 Λίχας,

278 2464 317 2498 τὸ
338 2463 402 2498 σὸν
419 2462 536 2509 φέρων
555 2464 703 2509 δώρημα,
725 2462 912 2507 θανάσιμον
929 2462 1073 2499 πέπλον·

281 2515 320 2551 ὃν
338 2517 446 2553 κεῖνος
463 2516 569 2556 ἐνδὺς,
591 2516 636 2551 ὣς
654 2515 700 2550 σὺ
717 2515 967 2563 προύξεφίεσο,

282 2570 499 2616 ταυροκτονεῖ
515 2570 576 2615 μὲν
594 2567 709 2604 δώδεκ’
730 2569 875 2605 ἐντελεῖς
893 2569 982 2615 ἔχων

280 2622 376 2658 λείας
394 2622 550 2669 ἀπαρχὴν
566 2624 665 2665 βοῦς·
695 2622 780 2669 ἀτὰρ
798 2622 841 2656 τὰ
857 2621 960 2657 πάνθ’
981 2624 1066 2669 ὁμοῦ

284 2676 402 2710 ἑκατὸν
417 2677 576 2722 προσῆγε
595 2676 747 2722 συμμιγῆ
765 2674 982 2720 βοσκήματα.

284 2729 338 2763 καὶ
355 2731 474 2773 πρῶτα
490 2729 552 2774 μὲν
570 2728 731 2768 δείλαιος,
751 2725 834 2777 ἵλεῳ
853 2729 966 2775 φρενὶ,

285 2783 403 2829 κόσμῳ
422 2796 459 2816 τε
476 2781 605 2827 χαίρων
624 2782 677 2816 καὶ
697 2783 819 2826 στολῇ,
840 2780 1038 2827 κατηύχετο·

287 2834 378 2870 ὅπως
396 2834 432 2869 δέ
453 2838 586 2879 σεμνῶν
603 2834 728 2881 ὀργίων
746 2834 875 2869 ἐδαίετο

287 2887 384 2934 φλὸξ
403 2887 569 2934 αἱματηρὰ
587 2887 673 2922 κάπὸ
691 2887 823 2934 πιείρας
842 2888 955 2934 δρυὸς,

289 2941 389 2987 ἱδρὼς
406 2939 499 2985 ἀνῄει
517 2941 626 2987 χρωτὶ
644 2940 698 2974 καὶ
715 2939 1002 2986 προσπτύσσεται

287 2994 493 3040 πλευραῖσιν
510 2993 755 3039 ἀρτίκολλος”
734 3008 826 3030 ωστε
844 2995 1012 3031 τέκτονος,

288 3046 394 3093 χιτὼν
411 3045 500 3081 ἅπαν
518 3046 587 3080 κατ’
607 3045 744 3092 ἄρθρον·
774 3043 859 3089 ἦλθε
878 3045 905 3080 δ’
926 3046 1056 3081 ὀστέων

290 3099 440 3146 ἀδαγμὸς
458 3098 703 3134 ἆντίσπαστος·
734 3094 806 3132 εἶτα
824 3098 962 3144 φοινίας

293 3151 420 3199 ἐχθρᾶς
438 3151 602 3197 ἐχίδνης’
590 3152 639 3187 ιὸς
658 3150 703 3187 ὣς
721 3150 885 3185 ἐδαίνυτο.

294 3203 436 3240 ἐνταῦθα
455 3204 494 3249 δὴ
511 3203 629 3248 ’βόησε
642 3204 701 3238 τὸν
720 3203 930 3248 δυσδαίμονα

294 3257 414 3304 Λίχαν,
434 3258 493 3292 τὸν
511 3256 609 3291 οὐδὲν
627 3254 734 3291 αἴτιον
752 3259 813 3290 τοῦ
833 3259 899 3291 σοῦ
918 3259 1032 3297 κακοῦ,

293 3310 407 3347 ποίαις
426 3310 556 3358 ἐνέγκοι
573 3309 670 3343 τόνδε
688 3310 854 3354 μηχαναῖς
872 3309 1018 3345 πέπλον·

298 3365 317 3398 ὁ
337 3362 366 3398 δ’
386 3362 485 3398 οὐδὲν
503 3361 600 3398 εἰδὼς
619 3359 792 3408 δύσμορος
810 3363 849 3396 τὸ
869 3364 933 3397 σὸν
949 3364 1052 3407 μόνης

300 3416 425 3463 δώρημ’
446 3415 579 3459 ἔλεξεν,
600 3415 718 3461 ὥσπερ
736 3413 777 3459 ἦν
796 3415 1017 3460 ἐσταλμένον.

302 3469 451 3505 κάκεῖνος
468 3468 513 3504 ὣς
531 3469 657 3513 ἤκουσε
675 3468 728 3502 καὶ
747 3468 908 3504 διώδυνος

302 3522 505 3568 σπαραγμὸς
522 3521 626 3556 αὐτοῦ
643 3521 837 3568 πνευμόνων
855 3519 1048 3567 ἀνθῆψατο,

301 3574 444 3622 μάρψας
460 3575 565 3611 ποδός
584 3588 646 3614 νιν,
666 3573 793 3621 ὄρθρον
809 3571 831 3619 ᾗ
848 3574 1036 3621 λυγίζεται,

302 3627 415 3677 ῥιπτεῖ
430 3627 516 3676 πρὸς
533 3626 777 3674 ἀμφίκλυστον
795 3626 831 3662 ἐκ
849 3628 976 3663 πόντου
994 3626 1132 3671 πέτραν·

1163 2049 1224 2082 750

1167 2315 1223 2347 755

1181 3107 1242 3142 770

1194 3630 1254 3674 780

1284 2146 1351 2175 XO.

1285 2251 1351 2282 ΥΛ.

1348 2589 1358 2599 .
1386 2562 1431 2599 ’ἰδ’
1451 2562 1534 2609 οἷον,
1555 2565 1581 2600 ὦ
1599 2567 1728 2608 παῖδες,
1747 2568 1957 2615 προσέμιξεν
1982 2569 2070 2618 ’ἶφαρ

1380 397 1483 442 κόμης
1501 396 1538 431 δέ
1555 397 1679 432 λευκὸν
1695 398 1823 443 μυελὸν
1841 398 1997 447 ἐκραίνει,
2015 400 2129 446 μέσον

1383 451 1503 496 κρατὸς
1521 450 1768 498 διασπαρέντος
1785 449 1923 498 αἵματός
1941 453 1976 489 θ’
1996 455 2094 499 ὁμοῦ.

1382 503 1469 538 ἅπας
1488 501 1517 537 δ’
1536 502 1778 549 άιήυφῆμησεν
1795 504 1925 554 οἶμωγῇ
1942 507 2043 546 λεὼς,

1381 558 1442 590 τοῦ
1459 556 1522 601 μὲν
1539 559 1736 597 νοσοῦντος,
1756 560 1817 593 τοῦ
1836 558 1873 594 δὲ
1891 556 2197 607 διαπεπραγμένου·

1382 608 1511 645 κοῦδεις
1530 608 1658 655 ἐτόλμα
1675 609 1854 659 τᾶνδρὸς’
1834 611 1948 648 αντίον
1964 614 2096 658 μολεῖν.

1382 662 1512 697 ἐσπᾶτο
1531 662 1598 709 γὰρ
1616 662 1758 698 πέδονδε
1777 665 1831 700 καὶ
1846 666 2044 714 μετάρσιος,

1380 716 1486 758 βοῶν,
1507 713 1618 759 ἰύζων·
1649 715 1740 763 ἀμφὶ
1759 717 1789 752 δ’
1807 715 1972 754 ἐκτύπουν
1989 718 2111 766 πέτραι

1384 771 1523 815 Λοκρῶν
1541 767 1645 816 ὄρειοι
1659 773 1793 817 πρῶνες
1810 770 1960 814 Εὖβοίας
1977 771 2006 807 τ’
2025 771 2137 820 ἄκραι.

1385 821 1458 856 ἐπεὶ
1476 820 1504 856 δ’
1525 820 1659 862 ἀπεῖπε,
1678 823 1797 858 πολλὰ
1813 824 1876 869 μὲν
1892 825 1999 862 τάλας
2015 825 2117 872 χθονὶ

1384 873 1512 922 ῥίπτων
1530 875 1660 915 ἑαυτὸν,
1679 877 1798 911 πολλὰ
1817 875 1846 912 δ’
1865 876 1994 925 οἰμωγῇ
2011 880 2118 922 βοῶν,

1382 928 1421 962 τὸ
1441 927 1677 975 δυσπάρευνον
1693 928 1837 977 λέκτρον
1854 929 2095 976 ἐνδατούμενος

1384 982 1450 1015 σοῦ
1468 982 1528 1026 τῆς
1545 980 1717 1027 ταλαίνης,
1738 983 1793 1018 και
1810 983 1870 1019 τὸν
1888 983 2013 1020 Οἷνεως
2029 985 2140 1032 γάμον

1382 1030 1455 1068 οἷον
1473 1031 1720 1079 κατακτήσαιτο
1737 1036 1910 1082 λυμαντὴν
1926 1036 2020 1081 βίου,

1384 1085 1453 1122 τότ’
1474 1087 1510 1121 ἐκ
1526 1086 1722 1134 προσέδρου
1739 1087 1879 1136 λιγνύος
1898 1090 2113 1138 διάστροφον

1383 1139 1606 1186 ὀφθαλμὸν”
1584 1155 1667 1188 αρας
1685 1137 1755 1176 εἶδέ
1770 1141 1804 1188 μ’
1825 1142 1860 1177 ἐν
1877 1144 2001 1192 πολλῷ
2021 1143 2159 1193 στρατῷ

1385 1193 1666 1240 δακρυρροοῦντα,
1687 1194 1743 1229 καί
1759 1209 1802 1240 με
1818 1196 2056 1243 προσβλέψας
2073 1198 2182 1238 καλει,

1385 1245 1411 1280 ὦ
1428 1248 1500 1287 παῖ,
1520 1246 1708 1293 πρόσελθε,
1727 1247 1773 1294 μὴ
1792 1246 1907 1296 φύγῃς
1924 1249 2050 1295 τούμὸν
2067 1251 2180 1291 κακὸν,

1384 1298 1460 1344 μηδ’
1481 1297 1514 1334 εἴ
1530 1314 1572 1335 σε
1589 1300 1657 1347 χρὴ
1678 1300 1812 1337 θανόντι
1831 1301 2009 1338 συνθανεῖν
2027 1303 2115 1349 ἐμοί·

1385 1352 1465 1387 ἀλλ’
1485 1351 1568 1399 ἆρον
1586 1353 1664 1398 ἔξω,
1685 1354 1740 1389 καὶ
1756 1355 1911 1400 μάλιστα
1927 1355 1989 1401 μὲν
2005 1356 2107 1402 μέθες

1386 1405 1522 1441 ἐνταῦθ’
1543 1404 1630 1442 ὅπου
1646 1421 1690 1453 με
1706 1405 1752 1453 μή
1771 1422 1823 1445 τις
1840 1407 1966 1454 ὄψεται
1982 1411 2131 1453 βροτῶν·

1385 1456 1414 1490 εἰ
1451 1456 1480 1492 δ’
1519 1455 1634 1495 οἶκτον
1677 1456 1803 1506 ἴσχεις,
1839 1457 1934 1494 ἀλλά
1978 1459 2013 1506 μ’

1432 1511 1496 1557 γῆς

1384 1561 1640 1608 πόρθμευσονε
1623 1578 1669 1600 ως
1685 1564 1847 1611 τάχιστα,
1867 1565 1944 1612 μηδ’
1963 1566 2068 1602 αὐτοῦ
2087 1565 2190 1602 θάνω.

1383 1615 1521 1650 τοσαῦτ’
1543 1615 1853 1664 ἐπισκὴψαντος,’
1835 1634 1871 1655 εν
1886 1619 1984 1668 μέσω
2003 1620 2132 1666 σκάφει

1384 1667 1497 1705 θέντες
1516 1670 1591 1715 σφε
1607 1671 1694 1717 πρὸς
1711 1672 1785 1735 γῆν·
1794 1670 1885 1717 τήνδ’
1905 1672 2096 1718 ἐκέλσαμεν
2112 1674 2215 1719 μόλις

1382 1723 1606 1768 βρυχώμενον
1624 1726 1835 1770 σπασμοῖσι.
1865 1725 1921 1760 καί
1938 1739 1989 1761 νιν
2006 1726 2125 1762 αὐτίκα

1383 1773 1518 1819 ἢζῶντ’
1538 1775 1728 1823 ἐσόψεσθ’,
1747 1776 1768 1823 ἣ
1787 1777 1956 1823 τεθνηκότ’
1976 1779 2113 1826 ἀρτίως.

1383 1830 1533 1868 τοιαῦτα,
1552 1830 1670 1876 μῆτερ,
1690 1831 1794 1878 πατρὶ
1811 1829 2027 1874 βουλεύσασ’
2047 1833 2117 1881 ε’μῷ

1384 1881 1438 1915 καὶ
1456 1881 1561 1928 δρῶσ’
1582 1880 1753 1929 ἐλήφθης,
1774 1883 1821 1919 ὧν
1839 1899 1883 1920 σε
1898 1884 2054 1931 ποίνιμος
2072 1885 2156 1930 Δίκη

1383 1933 1509 1969 τίσαιτ’
1526 1933 1660 1981 Ἐρινύς
1678 1935 1721 1971 τ.
1751 1935 1781 1971 εἶ
1800 1936 1894 1982 θέμις
1912 1937 1955 1980 δ’,
1976 1936 2175 1984 ἐπεύχομαι·

1385 1985 1479 2031 θέμις
1498 1986 1540 2028 δ’,
1561 1987 1636 2023 ἐπεί
1652 2003 1711 2033 μοι
1729 1988 1790 2034 τὴν
1809 1989 1905 2035 θέμιν
1924 1990 1969 2026 σὺ
1986 1993 2197 2037 προῦβαλες,

1383 2038 1519 2074 πάντων
1537 2039 1681 2086 ἄριστον
1698 2040 1804 2087 ἄνδρα
1821 2045 1889 2076 τῶν
1907 2042 1964 2078 ἐπὶ
1980 2042 2083 2089 χθονὶ

1385 2088 1533 2124 ΚΤΕίνασ,
1536 2115 1546 2129 5
1567 2092 1686 2126 ὁποιον
1703 2091 1813 2127 ἄλλον
1830 2092 1892 2127 Οὐκ
1910 2092 1995 2139 Οψει
2012 2092 2109 2128 ποτέ.

1381 2141 1415 2175 τί
1434 2140 1504 2188 σῖγ’
1523 2141 1714 2189 ἇφέρπεις·
1705 2169 1715 2184 ,
1745 2143 1785 2178 οὐ
1804 2145 1962 2179 κάτοισθ’
1982 2144 2146 2181 ὁθούνεκα

1385 2194 1582 2241 ξυνηγορεῖς
1601 2199 1740 2243 σιγῶσα
1757 2211 1804 2245 τω
1823 2199 2020 2247 κατηγόρω·
2011 2225 2021 2240 ,

1387 2246 1453 2281 ἐᾶτ’
1459 2246 1656 2313 :Rheba-ew.
1686 2247 1787 2296 ουρος
1805 2249 2034 2296 ὀφθαλμῶν’
2015 2255 2105 2297 εμῶν

1387 2300 1474 2345 αὐτῇ
1490 2300 1615 2346 γένοιτ’
1635 2301 1807 2337 απωθενο
1789 2301 1943 2350 ερπούσῃ
1963 2306 2088 2342 καλῶς.

1387 2351 1489 2399 ὅγκον
1506 2353 1573 2400 γὰρ
1593 2354 1710 2391 ἄλλως
1728 2355 1893 2400 ὀνόματος
1910 2356 1945 2391 τί
1962 2358 2015 2393 δεῖ
2031 2358 2173 2406 τρέφειν

1384 2407 1550 2454 μητρῷον,
1571 2406 1643 2452 ἥτις
1661 2408 1764 2453 μηδὲν
1783 2409 1828 2445 ὣς
1845 2412 1994 2445 τεκοῦσα
2011 2411 2075 2458 δρᾷ
2086 2424 2097 2453 ;

1388 2458 1468 2493 ἀλλ’
1489 2461 1618 2506 ἑρπέτω
1635 2461 1821 2508 χαίρουσα·
1851 2462 1912 2508 τὴν
1930 2463 1967 2499 δέ
1986 2463 2114 2512 τέρψιν
2130 2462 2172 2510 ἦν

1388 2512 1489 2560 τώμῷ
1508 2513 1630 2548 δίδωσι
1647 2515 1763 2561 πατρὶ,
1783 2514 1874 2560 τήνδ’
1893 2516 1976 2562 αὐτὴ
1994 2518 2112 2560 λάβοι.

2272 615 2332 660 735

2276 887 2337 924 ⁷90

2276 1154 2335 1190 795

2277 1414 2339 1446 800

2062 1461 2100 1496 ἔκ
2144 1474 2187 1508 γε
2230 1462 2338 1508 τῆσδε

2273 1730 2334 1771 805

2260 1995 2338 2028 -810

2273 2255 2293 2288 (ο

2303 2265 2313 2287 Π

2319 2265 2336 2297 υ·

2275 2522 2340 2554 8²0

2193 2584 2273 2619 στρ.
2293 2570 2338 2607 α’.

1388 2620 1513 2654 τοῦπος
1532 2620 1570 2654 τὸ
1590 2619 1782 2667 θεοπρόπον
1800 2620 1878 2667 ἡμῖν

1388 2674 1449 2707 τᾶς
1466 2674 1689 2719 παλαιφάτου
1706 2675 1879 2720 προνοίας,

1389 2723 1409 2758 ὅ
1427 2723 1455 2758 τ’
1475 2725 1609 2765 ἔλακεν,
1630 2728 1734 2761 ὁπότε
1752 2729 1954 2774 τελεόμηνος
1973 2729 2113 2777 ἐκφέροι

1389 2777 1576 2814 δωδέκατος
1593 2778 1727 2826 ἄροτος,
1747 2780 1918 2827 ἀναδοχὰν
1935 2783 2047 2818 τελεῖν
2063 2785 2176 2819 πόνων

1386 2833 1434 2879 τῷ
1458 2832 1538 2867 Διὸς
1555 2832 1743 2867 αὐτόποιδι·

1387 2886 1441 2920 καὶ
1459 2884 1530 2919 τάδ’
1550 2885 1659 2930 ὀρθῶς
1678 2886 1806 2930 ἔμπεδα
1824 2884 2024 2932 κατουρίζει.

1385 2941 1457 2985 πῶς
1474 2938 1540 2985 γὰρ
1559 2938 1600 2973 ἂν
1618 2939 1637 2972 ὁ
1654 2938 1700 2984 μὴ
1718 2937 1881 2974 λεύσσων

1384 2991 1460 3027 ποτ’
1481 2991 1525 3026 ἔτ’
1546 2991 1706 3027 ἐπίπονον
1725 2993 1798 3037 ἔχοι
1817 2992 1926 3027 θανὼν
1941 2993 2121 3039 λατρείαν;

1389 3039 1420 3075 εἷ
1437 3041 1503 3088 γάρ
1523 3042 1597 3087 σφε
1617 3042 1808 3090 Κενταύρου
1827 3043 1932 3090 φονίᾳ
1949 3045 2085 3092 νεφέλᾳ

1390 3094 1482 3140 χρίει
1502 3095 1685 3131 δολοποιὸς
1703 3096 1830 3144 ἀνάγκα

1389 3147 1522 3193 πλευρὰ
1540 3147 1792 3194 προστακέντος
1810 3149 1876 3192 ιὀῦ,

1391 3198 1429 3234 ὃν
1447 3199 1562 3235 τέκετο
1582 3200 1735 3242 θάνατος,
1756 3203 1848 3238 ἔτεκε
1866 3201 1896 3238 δ’
1915 3202 2032 3240 αἰόλος
2050 3204 2193 3251 δράκων,

1389 3255 1461 3288 πῶς
1479 3252 1527 3287 ὅδ’
1548 3252 1588 3287 ἂν
1606 3253 1722 3289 ἀέλιον
1736 3254 1852 3303 ἕτερον
1869 3254 1889 3301 ἣ
1908 3258 2008 3292 τανῦν
2025 3254 2104 3298 ἴδοι,

1392 3306 1572 3354 δεινοτάτῳ
1589 3307 1651 3351 μὲν
1668 3305 1772 3355 ὕδρας

1393 3360 1631 3403 προστετακὼς
1649 3361 1830 3406 φάσματι·
1820 3387 1830 3403 ,
1856 3362 2068 3410 μελαγχαίτα
2086 3363 2115 3398 τ’

1391 3409 1521 3457 ἅμμιγά
1539 3425 1590 3446 νιν
1607 3412 1722 3456 αἰκίζει

1392 3462 1494 3511 θηρὸς
1511 3463 1652 3500 ὀλόεντα
1670 3467 1776 3515 κέντρ’
1795 3467 2008 3513 ἐπιζέσαντα.

1390 3516 1435 3552 ῶν
1452 3517 1504 3552 ἅδ’
1522 3521 1545 3553 ἁ
1562 3520 1699 3565 τλάμων
1717 3521 1836 3557 ἄοκνον

1386 3572 1538 3618 μεγάλαν
1555 3577 1767 3621 προσορῶσα
1784 3574 1921 3622 δόμοισι
1938 3576 2076 3620 βλάβαν
2094 3576 2177 3616 νέων

1387 3624 1583 3662 α’ἳσσόντων
1599 3628 1716 3674 γάιιων
1733 3628 1775 3664 τὰ
1792 3629 1855 3675 μὲν
1876 3630 1949 3666 οὔτι

2275 2787 2338 2830 825

2271 2999 2335 3059 ⁸³?

2197 3044 2337 3084 duna.

2274 3263 2336 3307 835
