2488 3860
138 377 206 412 XO.

135 485 202 516 AI&

136 750 208 780 XX).

134 856 203 886 Ala

135 1067 207 1097 X(L

136 1275 203 1306 11P.

137 1752 208 1782 xc»

138 1805 206 1835 ΙίΡ.

138 2122 208 2154 lzzh

140 2281 207 2311 IKP.

139 2333 212 2366 :Ezu

141 2440 208 2470 IKP.

1009 273 1334 314 ΑΝΤΙΓΟΝΗ.

233 372 267 409 τί
283 372 374 409 τοῦτ’
393 373 434 409 ἂν
451 373 620 411 εἷκάσειας
634 387 643 414 ;
672 372 692 419 ἦ
710 373 794 421 γυνὴ
812 375 918 411 πάλιν

237 425 384 474 φρούδη,
403 427 483 474 πρὶν
501 426 605 462 εἰπεῖν
623 427 752 463 ἐσθλὸν
769 426 789 472 ἦ
809 429 910 464 κακὸν
925 429 1044 476 λόγον.

241 479 362 516 καύτὸς
379 479 575 524 τεθάμβηκ’·
606 480 747 515 ἐλπίσιν
765 481 802 516 δὲ
819 482 1003 527 βόσκομαι,

237 532 304 578 ἄχη
322 532 440 568 τέκνου
458 531 632 567 κλύουσαν
650 534 684 570 ἐς
701 535 804 569 πόλιν
820 536 922 581 γόους

237 585 298 620 οὐκ
315 585 488 629 ἀξιώσειν,
508 585 587 620 ἀλλ’
607 586 672 621 ὑπὸ
693 587 816 634 στέγης
834 588 904 622 ἔσω

238 638 363 683 δμωαῖς
380 637 569 685 προθήσειν
586 638 709 675 πένθος
727 639 852 675 οἰκεῖον
870 640 1014 675 στένειν.

236 692 371 736 γνώμης
387 691 455 738 γὰρ
473 691 534 726 οὐκ
552 691 702 738 ἄπειρος,
723 692 812 728 ὥσθ’
832 694 1042 739 ἁμαρτάνειν.

237 744 297 779 οὐκ
314 740 390 779 οἶδ’·
421 744 496 790 ἐμοὶ
515 743 543 779 δ’
564 743 624 780 οὖν
641 745 664 790 ἥ
680 744 708 779 τ’
728 746 813 792 ἄγαν
832 746 913 793 σιγὴ
931 745 1021 793 βαρὺ

238 797 332 832 δοκεῖ
346 799 525 844 προσεῖναι
542 795 588 843 χῆ
607 798 715 843 μάτην
732 799 847 843 πολλὴ
865 797 944 844 βοή.

242 848 322 885 ἀλλ’
342 849 543 894 εἷσόμεσθα,
562 849 607 895 μή
627 865 659 885 τι
678 852 732 886 καὶ
750 852 963 897 κατάσχετον

239 903 352 949 κρυφῆ
372 901 535 938 καλῦπτει
554 904 672 950 καρδίᾳ
690 903 892 949 θυμουμένῃ,

239 956 363 1000 δόμους
379 956 680 1002 παραστείχοντες.
711 955 748 991 εὖ
765 958 832 1004 γὰρ
850 955 910 992 οὖν
926 955 1052 1004 λέγεις.

238 1008 292 1043 καὶ
310 1009 369 1052 τῆς
386 1008 472 1052 ἄγαν
487 1010 554 1056 γάρ
574 1009 652 1043 ἐστί
669 1024 736 1044 που
755 1011 856 1057 σιγῆς
873 1010 993 1057 βάρος.

237 1062 291 1096 καὶ
309 1062 374 1106 μὴν
392 1061 441 1096 ὅδ’
460 1061 544 1105 ἄναξ
562 1062 662 1104 αὐτὸς
681 1061 800 1108 ἐφήκει

243 1113 337 1160 μνῆμ’
358 1114 526 1159 ἐπίσημον
544 1115 600 1149 διὰ
616 1116 732 1160 χειρὸς
750 1116 849 1161 ἔχων,

240 1164 270 1199 εἷ
288 1164 383 1210 θέμις
401 1163 518 1205 εἶπεῖν,
538 1164 598 1198 οὐκ
617 1164 804 1210 ἀλλοτρίαν

239 1217 332 1261 ἄτην,
353 1216 433 1252 ἀλλ’
453 1217 554 1253 αὐτὸς
572 1217 740 1261 ἁμαρτών.

239 1269 279 1304 ἰὼ
297 1271 433 1317 φρενῶν
452 1270 659 1316 δυσφρόνων
677 1267 896 1316 ἁμαρτήματα

241 1323 366 1370 στερεὰ
385 1320 586 1358 θανατόεντ’·

241 1375 267 1410 ὦ
286 1376 466 1412 κτανόντας
484 1390 521 1410 τε
539 1378 594 1411 καὶ

240 1428 402 1464 θανόντας
418 1428 608 1471 βλέποντες
627 1426 831 1473 ἐμφυλίους.

241 1480 326 1527 ὦμοι
345 1481 433 1527 ἐμῶν
451 1481 585 1524 ἄνολβα
603 1481 859 1525 βουλευμάτων.

241 1534 280 1568 ἷὼ
298 1535 371 1575 παῖ,
392 1534 466 1570 νέος
485 1534 548 1582 νέῳ
567 1533 629 1578 ξὺν
645 1535 752 1581 μόρῳ,

264 1586 398 1599 '⁴⁸5⁶-

239 1602 309 1622 αιαι
327 1601 407 1627 αιαι,

239 1640 365 1684 ἔθανες,
386 1639 570 1685 ἀπελύθης,

241 1693 336 1737 ἐμαῖς
354 1693 431 1728 οὐδὲ
453 1695 553 1729 σαῖσι
572 1691 811 1736 δυσβουλίαις.

238 1744 305 1791 οἴμ’
325 1746 370 1782 ὦς
387 1747 498 1782 ἔοικας
515 1746 586 1793 ὀψὲ
604 1746 665 1791 τὴν
683 1745 777 1790 δίκην
796 1744 889 1779 ἰδεῖν.

241 1797 344 1845 οἴμοι,

239 1852 309 1898 ἔχω
326 1851 443 1897 μαθὼν
461 1852 621 1888 δείλαιος·
651 1851 687 1886 ἐν
705 1849 733 1886 δ’
755 1850 823 1898 ἐμῷ
842 1850 926 1895 κάρᾳ

243 1904 320 1941 θεὸς
337 1904 406 1940 τότ’
425 1904 491 1952 ἄρα
508 1907 587 1939 τότε
605 1904 692 1951 μέγα
709 1903 818 1951 βάρος
835 1900 869 1947 μ’
889 1902 978 1947 ἔχων

241 1958 394 1996 ἔπαισεν,
415 1957 451 1992 ἐν
469 1956 498 1992 δ’
517 1958 655 1992 ἔσεισεν
673 1955 806 2002 ἀγρίαις
825 1955 928 1993 ὁδοῖς,

241 2008 333 2056 οἴμοι
349 2010 568 2054 λακπάτητον
585 2008 759 2055 ἀντρέπων
775 2007 897 2053 χαράν.

242 2065 311 2109 φεῦ
329 2064 409 2110 φεῦ,
430 2062 456 2097 ὦ
474 2064 574 2098 πόνοι
591 2063 726 2108 βροτῶν
745 2058 923 2096 δύσπονοι.

244 2116 270 2150 ὦ
289 2115 448 2158 δέσποθ’,
469 2115 514 2151 ὣς
531 2116 621 2161 ἔχων
637 2129 675 2149 τε
693 2114 747 2148 καὶ
766 2110 974 2156 κεκτημένος,
1112 2111 1191 2151 1278

243 2169 286 2204 τὰ
302 2169 364 2214 μὲν
380 2169 448 2215 πρὸ
466 2171 592 2215 χειρῶν
609 2167 690 2202 τάδε
708 2165 836 2212 φέρων,
856 2164 899 2199 τὰ
918 2162 946 2198 δ’
967 2162 1002 2197 ἐν
1020 2162 1136 2206 δόμοις

243 2223 354 2259 ἔοικας
371 2221 462 2267 ἥκειν
480 2221 535 2255 καὶ
552 2219 628 2266 τάχ’
649 2218 804 2266 ὄψεσθαι
823 2217 918 2252 κακά.
1113 2218 1193 2250 1ι8ο

241 2275 276 2312 τί
293 2274 361 2310 δ”
341 2289 438 2310 εστιν
455 2288 496 2309 av
480 2272 644 2320 ’[κάκιον
661 2270 681 2317 ἦ
702 2274 810 2307 κακῶν
828 2267 918 2314 ἔτι],·

239 2328 324 2375 γυνὴ
343 2327 492 2371 τέθνηκε,
511 2326 612 2361 τοῦδε
629 2324 818 2370 παμμήτωρ
837 2322 966 2368 νεκροῦ,

243 2378 420 2425 δύστηνος,
439 2378 516 2426 ἄρτι
532 2379 727 2423 νεοτόμοισι
742 2374 956 2422 πλήγμασιν.

243 2433 283 2468 ἰὼ
301 2433 341 2468 ἶὼ
359 2431 594 2478 δυσκάθαρτος
605 2430 726 2466 ’Ἃιδου
742 2428 858 2475 λιμὴν,
935 2426 1007 2461 ἀντ.
1028 2424 1071 2460 α’.

244 2486 279 2521 τί
295 2485 329 2532 μ’
348 2486 414 2532 ἄρα
430 2484 465 2519 τί
481 2484 515 2530 μ’
534 2484 689 2524 ὀλέκεις;

247 2538 274 2574 ὦ
292 2538 506 2586 κακάγγελτά
522 2552 580 2583 μοι

245 2591 457 2639 προπέμψας
475 2590 556 2636 ἄχη,
576 2589 651 2625 τίνα
670 2588 781 2636 θροεῖς
798 2588 927 2634 λόγον;

247 2645 329 2686 αἷαῖ,
348 2641 496 2680 ὀλωλότ’
515 2642 608 2690 ἄνδρ’
628 2641 876 2688 ἐπεξειργάσω.

247 2698 283 2733 τί
299 2696 381 2744 φῂς,
400 2697 475 2732 τίνα
491 2696 606 2744 λέγεις
623 2695 698 2731 νέον
714 2708 773 2741 μοι
790 2693 875 2735 νέον,

247 2750 319 2786 αἷαῖ
334 2750 416 2794 alat,

247 2799 402 2845 σφάγιον
419 2798 471 2835 ἐπ’
489 2799 622 2848 ὀλέθρῳ

244 2853 434 2898 γυναικεῖον
451 2852 676 2898 ἀμφικεῖσθαι
693 2856 800 2900 μόρον
816 2865 825 2892 ;

1099 441 1177 472 1245

1103 704 1182 736 ¹250

1103 968 1181 1002 1255

1107 1216 1189 1250 1260

1041 1280 1124 1314 στρ.
1144 1265 1187 1302 α’.

1108 1481 1187 1522 1265

1111 1752 1191 1786 1270

1112 2014 1189 2046 1275

1114 2430 1192 2468 1284

1114 2484 1192 2524 1285

144 2906 213 2939 XO.
251 2905 304 2917 ‘⁶

146 2961 214 2992 IKP.

243 2918 326 2950 epau
341 2905 519 2952 πάρεστιν·
550 2905 590 2940 οὐ
606 2906 673 2952 γὰρ
690 2905 726 2941 ἐν
742 2906 863 2952 μυχοῖς
885 2905 946 2940 ἔτι.

248 2954 350 3002 οἶμοι,

1225 646 1277 677 5}

1231 910 1296 940 {KP-

1243 1754 1312 1784 xc»

1238 1856 1307 1886 11P.

1239 2119 1312 2150 310.

1239 2226 1307 2255 [KP.

1304 2300 1312 2308 .
1341 2271 1387 2318 μή
1408 2286 1466 2308 νυν
1482 2270 1680 2319 προσεύχου
1696 2273 1812 2318 μηδέν·
1843 2274 1888 2310 ὡς
1904 2274 2123 2320 πεπρωμένης

1238 2383 1308 2415 ῙίΡ.

1218 2684 1310 2730 “1(ο.

1117 2752 1221 2789 ¹290'

1322 377 1422 411 κακὸν
1438 374 1508 410 τόδ’
1527 373 1617 408 ἄλλο
1636 373 1792 420 δεύτερον
1808 372 1929 415 βλέπω
1946 373 2066 408 τάλας.
2187 382 2264 413 1295

1321 429 1373 465 τίς
1389 427 1465 475 ἄρα,
1484 427 1536 463 τίς
1552 441 1594 472 με
1610 427 1739 471 πότμος
1757 427 1806 460 ἔτι
1822 426 1991 472 περιμένει
2006 438 2015 466 ;

1322 483 1391 527 ἔχω
1408 481 1470 524 μὲν
1487 481 1523 515 ἐν
1538 479 1719 526 χείρεσσιν
1735 478 1858 525 ἀρτίως
1874 478 2001 518 τέκνον,

1325 535 1443 573 τάλας,
1462 534 1522 569 τὸν
1540 531 1569 567 δ’
1588 532 1706 567 ἔναντα
1722 531 1937 578 προσβλέπω
1956 532 2084 578 νεκρόν.

1324 588 1392 633 φεῦ
1411 587 1480 632 φεῦ
1497 587 1603 632 μᾶτερ
1622 584 1737 624 ἀθλία,
1757 585 1825 630 φεῦ
1843 584 1970 619 τέκνον.
2187 593 2270 624 1300

1283 667 1291 675 .
1331 639 1351 684 ἡ
1371 638 1399 674 δ’
1419 637 1606 683 ὀξύθηκτος
1624 637 1684 682 ἥδε
1700 637 1814 682 βωμία
1831 637 1931 683 πέριξ

1325 690 1402 728 λύει
1421 692 1557 726 κελαινὰ
1573 690 1750 737 βλέφαρα,
1770 687 1956 724 κωκύσασα
1972 690 2033 735 μὲν

1328 748 1389 780 τοῦ
1406 746 1486 791 πρὶν
1504 743 1664 779 θανόντος
1682 742 1865 789 Μεγαρέως
1883 744 2016 777 κλεινὸν
2031 742 2151 787 λάχος,

1328 797 1423 834 αὖθις
1441 798 1477 832 δὲ
1495 797 1606 839 τοῦδε,
1626 795 1786 830 λοίσθιον
1804 796 1840 830 δὲ
1861 796 1919 830 σοὶ
1937 795 2038 831 κακὰς

1329 850 1468 898 πράξεις
1485 848 1717 896 ἐφυμνήσασα
1734 849 1781 896 τῷ
1798 849 2018 896 παιδοκτόνῳ.
2195 858 2272 889 1305

1331 903 1401 939 αἰαῖ
1417 903 1497 943 αἷαΐ,
2126 913 2205 945 στρ.
2225 898 2273 941 β’.

1330 957 1475 992 ἀνέπταν
1494 956 1611 1003 φόβῳ.
1641 955 1675 989 τί
1691 954 1725 999 μ’
1745 954 1805 988 οὐκ
1824 953 1961 988 ἀνταίαν
2122 974 2131 979 ⁷

1331 1009 1471 1046 ἔπαισέν
1488 1023 1539 1045 τις
1557 1006 1758 1055 ἀμφιθήκτῳ
1778 1006 1896 1053 ξίφει;

1331 1063 1480 1098 δείλαιος
1499 1061 1579 1106 ἐγὼ,
1600 1060 1686 1098 αἰαῖ,
2201 1071 2279 1102 1310

1333 1114 1466 1160 δειλαίᾳ
1484 1114 1520 1149 δὲ
1540 1113 1768 1160 συγκέκραμαι
1786 1111 1859 1158 δύᾳ.

1292 1194 1300 1203 .
1343 1168 1388 1205 ὡς
1405 1167 1514 1202 αἰτίαν
1529 1181 1571 1213 γε
1588 1167 1693 1201 τῶνδε
1712 1166 1870 1201 κάκείνων
1887 1166 1976 1211 ἔχων
1992 1195 1995 1197 .

1338 1221 1423 1268 πρὸς
1440 1221 1499 1265 τῆς
1518 1218 1686 1263 θανούσης
1704 1217 1800 1264 τῆσδ’
1821 1217 2036 1263 ἐπεσκήπτου
2054 1219 2178 1265 μόρων.

1293 1300 1302 1309 .
1336 1273 1424 1321 ποίῳ
1442 1274 1480 1308 δὲ
1498 1271 1705 1308 κάπελύσατ’
1725 1272 1761 1307 ἐν
1778 1272 1901 1318 φοναῖς
1918 1272 2033 1318 τρόπῳ
2049 1283 2058 1310 ;

1297 1354 1304 1362 .
1344 1325 1489 1362 παίσασ’
1508 1324 1569 1371 ὑφ’
1587 1324 1678 1372 ἧπαρ
1695 1325 1854 1372 αὐτόχειρ
1872 1324 1986 1369 αὑτὴν,
2007 1324 2098 1360 ὅπως
2204 1336 2281 1367 1315

1335 1380 1456 1415 παιδὸς
1473 1379 1542 1414 τόδ’
1560 1376 1678 1423 ᾔσθετ’
1697 1378 1910 1422 ὀξυκώκυτον
1925 1377 2046 1413 πάθος.

1295 1460 1304 1468 .
1339 1431 1423 1478 ὤμοι
1440 1446 1509 1478 μοι,
1528 1430 1600 1466 τάδ’
1620 1431 1681 1466 οὐκ
1699 1430 1750 1467 ἐπ’
1769 1431 1879 1465 ἄλλον
1894 1432 2031 1477 βροτῶν
2138 1444 2216 1476 στρ.
2240 1427 2284 1476 γ’.

1342 1486 1423 1527 ἐμᾶς
1440 1486 1584 1532 ἁρμόσει
1601 1483 1676 1520 ποτ’
1696 1483 1734 1528 ἐξ
1751 1483 1871 1520 αἰτίας.

1343 1539 1409 1586 ἐγὼ
1426 1539 1492 1585 γάρ
1512 1536 1545 1572 σ’
1564 1537 1631 1584 ἐγὼ
1649 1538 1777 1577 ἔκανον,
1793 1536 1819 1571 ὢ
1836 1536 1972 1582 μέλεος,

1343 1591 1422 1638 ἐγὼ,
1443 1590 1529 1637 φάμ’
1547 1590 1682 1635 ἔτυμον.
1712 1589 1751 1624 ἶὼ
1768 1591 1979 1636 πρόσπολοι,
2209 1601 2289 1631 1320

1343 1643 1445 1691 ἄγετέ
1461 1642 1494 1689 μ’
1513 1642 1567 1678 ὅτι
1583 1643 1701 1688 τάχος,
1720 1642 1822 1690 ἄγετέ
1837 1641 1871 1687 μ’
1891 1642 2052 1682 ἐκποδὼν,

1344 1698 1403 1732 τὸν
1421 1696 1481 1731 οὐκ
1500 1695 1580 1731 ὄντα
1596 1697 1732 1741 μᾶλλον
1749 1694 1768 1740 ἢ
1787 1695 1924 1740 μηδένα.
2211 1708 2221 1728 ι
2227 1707 2266 1738 32
2272 1706 2287 1738 5

1342 1748 1442 1796 κέρδη
1459 1750 1643 1795 παραινεῖς,
1663 1763 1693 1783 ει
1710 1763 1743 1783 τι
1762 1748 1914 1793 κέρδος’
1897 1763 1932 1783 εν
1950 1749 2062 1783 κακοῖς

1344 1798 1522 1845 βράχιστα
1539 1797 1606 1844 γὰρ
1624 1798 1790 1844 κράτιστα
1808 1798 1868 1833 τάν
1885 1800 1991 1834 ποσὶν
2009 1798 2103 1833 κακά.

1344 1864 1403 1884 ιτω
1424 1865 1496 1894 ιτω,
2145 1850 2217 1886 ἀντ.
2239 1849 2287 1892 β’.

1345 1901 1485 1969 φανήτω
1503 1904 1617 1949 μόρων
1635 1905 1653 1938 ὁ
1673 1902 1834 1938 κάλλιστ’
1854 1903 1941 1949 ἐμῶν
2210 1917 2290 1949 ¹3²9

1346 1956 1421 2000 ἐμοὶ
1439 1956 1578 2003 τερμίαν
1595 1955 1686 2003 ἄγων
1704 1956 1829 2003 ἁμέραν

1345 2006 1486 2045 ὕπατος·
1516 2006 1577 2043 ἴτω
1597 2023 1667 2048 ιτω,

1344 2060 1435 2097 ὅπως
1451 2060 1563 2107 μηκέτ’
1582 2059 1671 2108 ἆμαρ
1689 2061 1768 2096 ἄλλ’
1789 2061 1919 2097 εἰσίδω.
2207 2075 2286 2107 1333

1341 2129 1384 2159 με
1377 2104 1522 2149 ’Λλοντα
1539 2117 1656 2149 ταῦτα.
1685 2118 1752 2149 τῶν
1768 2115 1995 2161 προκειμένων
2013 2130 2045 2150 τι
2062 2115 2129 2162 χρὴ

1343 2167 1526 2213 πράσσειν.
1546 2165 1643 2211 μελει
1653 2167 1719 2214 γὰρ
1732 2166 1861 2203 τῶνδ”’
1841 2182 1953 2203 οτοισι
1963 2168 2030 2215 χρὴ
2041 2183 2082 2212 με
2077 2169 2174 2205 λειν.
2207 2182 2285 2213 1335

1342 2219 1421 2254 ἀλλ’
1442 2219 1488 2255 ὧν
1505 2220 1571 2266 ἐρῶ
1588 2219 1665 2265 μὴν,
1679 2222 1784 2255 ταῦτα
1802 2221 2096 2267 συγκατηυξάμην.

1342 2325 1403 2360 οὐκ
1421 2326 1498 2360 ἔστι
1516 2325 1648 2369 θνητοῖς
1667 2326 1851 2373 συμφορᾶς
1868 2325 2065 2374 ἀπαλλαγή.

1342 2377 1450 2425 ἄγοιτ’
1469 2378 1510 2413 ἂν
1526 2378 1668 2423 μάταιον
1686 2376 1778 2425 ἄνδρ’
1797 2379 1958 2419 ἐκποδὼν,

1343 2428 1392 2470 ὃς,
1413 2430 1439 2465 ὦ
1456 2432 1529 2471 παῖ,
1550 2430 1594 2466 σέ
1611 2429 1640 2465 τ’
1659 2431 1724 2477 οὐχ
1743 2432 1826 2467 ἑκὼν
1847 2432 2027 2470 κατέκανον

1344 2484 1388 2518 σέ
1404 2482 1433 2518 τ’
1453 2482 1496 2519 αὖ
1509 2482 1613 2519 τάνδ’.
1642 2482 1726 2529 ὤμοι
1743 2484 1880 2528 μέλεος,
1900 2484 1970 2519 οὐδ’
1990 2485 2058 2531 ἔχω

1344 2536 1411 2572 ὅπα
1428 2537 1514 2583 πρὸς
1530 2537 1675 2582 πότερον
1691 2533 1766 2571 ἴδω·
1794 2538 1903 2572 πάντα
1920 2538 1987 2584 γὰρ

1346 2589 1471 2635 λέχρια
1488 2587 1550 2623 τάν
1566 2590 1694 2635 χεροῖν,
1723 2590 1765 2624 τὰ
1782 2588 1811 2624 δ’
1831 2590 1887 2626 ἐπὶ
1907 2591 2004 2634 κρατί
2020 2605 2078 2636 μοι

1343 2642 1474 2687 πότμος
1495 2642 1726 2687 δυσκόμιστος
1745 2641 1920 2688 εἰσήλατο.

1340 2696 1465 2743 πολλῷ
1483 2695 1522 2730 τὸ
1541 2695 1682 2742 φρονεῖν
1700 2695 1912 2741 εὐδαιμονίας

1345 2751 1481 2794 πρῶτον
1498 2747 1657 2794 ὑπάρχει·
1685 2747 1753 2795 χρὴ
1774 2749 1804 2785 δ’
1823 2751 1858 2787 ἐς
1875 2752 1917 2786 τὰ
1935 2752 2020 2787 θεῶν

1344 2800 1448 2845 μηδὲν
1465 2799 1638 2835 ἀσεπτεῖν·
1667 2801 1812 2846 μεγάλοι
1830 2802 1867 2836 δὲ
1883 2804 1985 2847 λόγοι

1343 2853 1495 2899 μεγάλας
1512 2853 1647 2900 πληγὰς
1663 2857 1731 2889 τῶν
1749 2852 1951 2901 ὑπεραύχων

1342 2904 1570 2942 ἀποτίσαντες

1343 2955 1433 3005 γήρᾳ
1450 2959 1490 2994 τὸ
1507 2959 1649 3006 φρονεῖν
1666 2959 1837 3004 ἐδίδαξαν.

2150 2380 2223 2416 ἀντ.
2244 2379 2288 2427 γ’.

2209 2447 2290 2478 1340

2213 2606 2288 2636 1345

2215 2818 2287 2848 ¹35³
