2488 3860
189 275 265 317 216

192 633 271 662 HM.

191 685 268 713 HM.

192 734 274 763 HM.

193 786 274 815 HM.

194 890 274 920 HM.

194 1255 277 1285 HM.

194 1308 278 1337 HM.

195 1360 277 1389 HM.

196 1411 277 1441 HM.

197 1464 277 1494 HM.

196 1622 266 1652 XO.

292 371 311 416 ἢ
328 372 411 418 γόον
429 371 471 406 ὣς
490 370 750 416 πεπραγμένων;

291 423 330 458 οὐ
347 424 413 468 μὰν
430 422 508 457 οὐδέ
524 436 574 458 τις
592 422 794 467 ἀμφιπόλων

295 475 484 518 στατίζεται
502 474 591 520 ἀμφὶ
608 472 729 509 πύλας.
769 515 773 520 ι

293 527 323 562 εἶ
339 527 405 574 γὰρ
422 524 620 571 μετακύμιος
637 525 727 565 ἄτας,

294 579 320 614 ὦ
338 579 457 618 Παιὰν,
477 577 626 623 φανείης.

291 629 332 662 οὔ
347 628 408 662 τᾶν
425 627 589 673 φθιμένης
605 625 638 673 γ’
660 625 822 660 ἐσιώπων.

298 678 337 712 ού
354 678 420 723 γὰρ
434 677 473 721 δὴ
492 679 642 724 φροῦδός
659 675 690 723 γ’
711 676 748 722 ἐξ
766 674 865 711 οἴκων
883 674 982 711 νέκως
1000 674 1073 718 ἤδη,

293 727 417 767 πόθεν;
446 727 506 761 οὐκ
523 726 628 772 αὐχῶ.
657 727 691 762 τί
709 742 751 762 σε
769 726 948 774 θαρσύνει;

293 783 364 816 πῶς
381 779 421 813 ἂν
438 780 559 826 ἔρημον
576 779 686 825 τάφον
695 778 864 824 Ἀδμητος

294 832 407 876 κεδνῆς
425 831 464 866 ἂν
481 831 604 877 ἔπραξε
621 833 794 877 γυναικός;

294 885 410 919 πυλῶν
426 883 565 930 πάροιθε
584 882 612 918 δ’
631 883 695 929 οὐχ
713 885 780 929 ὁρῶ

293 937 435 983 πηγαῖον
453 936 496 972 ὡς
514 935 678 980 νομίζεται

293 987 422 1034 χέρνιβ’
442 988 496 1023 ἐπὶ
514 987 645 1033 φθιτῶν
662 985 795 1026 πύλαις,

294 1040 395 1086 χαίτα
412 1039 440 1074 τ’
460 1041 550 1075 οὔτις
567 1039 622 1075 ἐπὶ
639 1038 821 1085 προθύροις

295 1094 442 1138 τομαῖος,
461 1092 483 1126 ἃ
501 1092 540 1137 δὴ
559 1089 681 1126 νεκύων

294 1144 408 1180 πένθει
425 1144 543 1184 πίτνει,
563 1144 639 1178 οὐδὲ
660 1141 778 1186 νεαλὴς

297 1198 414 1233 δουπεῖ
429 1197 505 1243 χεὶρ
521 1199 696 1243 γυναικῶν.

298 1249 351 1284 καὶ
368 1249 432 1294 μὴν
449 1249 526 1283 τόδε
545 1247 656 1295 κύριον
672 1246 771 1293 ἦμαρ,

298 1302 332 1337 τί
349 1301 416 1336 τόδ’
436 1301 536 1346 αὐδᾷς
547 1313 557 1341 ;

298 1351 325 1402 ᾧ
341 1353 408 1400 χρή
425 1354 495 1401 σφε
517 1355 632 1399 μολεῖν
651 1353 732 1387 κατὰ
749 1352 855 1398 γαίας.

297 1405 404 1451 ἔθιγες
421 1405 551 1451 ψυχῆς,
570 1403 677 1449 ἔθιγες
695 1402 731 1437 δέ
749 1402 893 1448 φρενῶν.

297 1457 363 1504 χρὴ
381 1461 447 1492 τῶν
464 1455 597 1503 ἀγαθῶν
614 1455 865 1498 διακναιομένων

297 1509 427 1546 πενθεῖν
445 1508 540 1544 ὅστις

296 1563 446 1608 χρηστὸς
463 1558 518 1595 ἀπ’
536 1560 642 1606 ἀρχῆς
659 1561 861 1604 νενόμισται.

296 1613 375 1649 ἀλλ’
393 1613 470 1647 οὐδὲ
488 1612 687 1658 ναυκληρίαν

301 1665 377 1701 ἔσθ’
398 1665 474 1701 ὅποι
492 1679 542 1700 τις
559 1662 632 1700 α’ίας

302 1719 438 1754 στείλας
455 1717 474 1762 ἢ
495 1717 614 1751 Λυκίας

301 1770 358 1806 εἴτ’
378 1771 432 1805 ἐπὶ
450 1770 508 1805 τὰς
526 1767 685 1814 ἀνύδρους

301 1822 506 1869 Ἀμμωνίδας
524 1821 621 1867 ἕδρας

305 1876 471 1911 δυστάνου
487 1871 682 1920 παραλῦσαι

302 1928 433 1972 ψυχάν·
463 1927 564 1970 μόρος
580 1925 646 1969 γὰρ
664 1924 832 1968 ἀπότομος

301 1975 434 2011 πλάθει·
465 1975 548 2010 θεῶν
585 1975 594 1987 ’
614 1974 665 2011 ἐπ’
685 1975 845 2022 ἐσχάραις

301 2028 361 2062 οὐκ
378 2028 446 2073 ἔχω
465 2028 519 2063 ἐπὶ
536 2028 609 2062 τίνα

298 2078 488 2125 μηλοθύταν
504 2079 669 2126 πορευθῶ.

298 2134 399 2177 μόνος
416 2131 444 2166 δ’
465 2132 515 2171 ἂν,
535 2132 564 2166 εἷ
582 2133 656 2177 φῶς
673 2130 741 2167 τόδ’
760 2129 800 2175 ἦν

300 2183 446 2229 ὄμμασιν
464 2184 626 2231 δεδορκὼς

300 2237 427 2278 Φοίβου
444 2238 533 2275 παῖς,
551 2231 756 2279 προλιποῦσ’

299 2287 401 2332 ἦλθεν
419 2288 515 2334 ἕδρας
531 2287 666 2322 σκοτίας

295 2339 395 2375 Ἀιδα
413 2355 450 2375 τε
465 2340 585 2376 πύλας·
614 2340 667 2373 καὶ

301 2391 482 2436 δμαθέντας
499 2392 564 2438 γὰρ
583 2391 714 2435 ἀνίστη.

299 2445 378 2490 πρὶν
395 2444 495 2478 αὐτὸν
513 2440 584 2477 εἷλε
603 2444 764 2485 διόβολον

303 2497 475 2542 πλᾶκτρον
491 2496 595 2541 πυρὸς
613 2495 795 2541 κεραυνίου.

302 2550 359 2582 νῦν
377 2548 412 2581 δὲ
430 2547 489 2582 τίν’
510 2548 564 2582 ἐπὶ
581 2548 658 2589 βίον

302 2600 425 2634 ἐλπίδα
442 2600 681 2644 προσδέχωμαι
695 2612 704 2638 ;

301 2652 409 2686 πάντα
425 2652 490 2698 γὰρ
508 2652 568 2696 ἤδη
587 2651 785 2686 τετέλεσται

301 2704 518 2745 βασιλεῦσιν,

301 2756 433 2790 πάντων
451 2756 486 2790 δέ
506 2755 590 2790 θεῶν
608 2755 662 2790 ἐπὶ
679 2757 807 2799 βωμοῖς

303 2808 515 2853 αἶμόρραντοι
534 2807 646 2841 θυσίαι
664 2805 814 2852 πλήρεις,

302 2858 372 2894 οὐδ’
391 2860 465 2893 ἔστι
483 2862 589 2893 κακῶν
606 2859 684 2894 ἄκος
702 2859 810 2894 οὐδέν.

303 2910 380 2946 ἀλλ’
399 2910 449 2956 ἥδ’
468 2911 600 2946 ὀπαδῶν
618 2911 653 2945 ἐκ
672 2911 780 2955 δόμων
797 2925 847 2946 τις
864 2911 996 2956 ἔρχεται

305 2964 568 3009 δακρυρροοῦσα·
596 2963 669 2997 τίνα
686 2961 790 3008 τύχην
808 2961 993 3007 ἀκούσομαι
1005 2989 1014 3003 ,

303 3015 435 3050 πενθεῖν
451 3015 522 3059 μὲν,
542 3012 620 3048 εἴτι
638 3011 838 3049 δεσπόταισι
855 3015 1024 3061 τυγχάνει,

306 3068 537 3114 συγγνωστόν·
566 3066 595 3100 εἷ
613 3065 641 3100 δ’
660 3065 704 3100 ἔτ’
724 3066 817 3101 ἐστὶν
833 3067 989 3112 ἔμψυχος
1005 3067 1087 3113 γυνὴ

306 3117 363 3153 εἶτ’
382 3117 441 3153 οὖν
458 3117 588 3153 ὄλωλεν
606 3118 723 3153 εἰδέναι
741 3118 942 3163 βουλοίμεθ’
959 3118 1010 3153 ἅν.

1179 483 1220 515 90

1270 525 1340 555 ΘΕ.

1180 739 1219 773 95

1168 998 1228 1019 100

1172 1256 1228 1289 ¹05

1177 1518 1236 1541 110

1161 1622 1236 1656 στρ.

1176 1777 1234 1811 115

1177 2041 1238 2064 120

1179 2300 1234 2330 125
1258 2324 1259 2327 ¹

1177 2559 1236 2589 ¹30

203 3175 470 3206 eEPAnAINA.
500 3171 553 3204 καὶ
572 3171 682 3212 ζῶσαν
700 3170 802 3205 εἰπεῖν
820 3171 872 3204 καὶ
891 3170 1059 3206 θανοῦσαν
1074 3170 1148 3206 ἔστι
1167 3184 1236 3206 σοι.

203 3227 277 3258 XO.

205 3280 277 3310 ΘΕ.

204 3331 277 3361 XO.

205 3383 276 3413 ΘΕ.

204 3435 277 3465 XO.

206 3487 275 3516 ΘΕ.

206 3539 272 3572 XO.

306 3224 360 3257 καὶ
376 3226 446 3258 πῶς
464 3222 503 3256 ἂν
521 3222 618 3257 αὑτὸς
637 3221 790 3256 κατθάνοι
808 3236 844 3256 τε
863 3223 915 3256 καὶ
932 3222 1075 3268 βλέποις

305 3275 366 3319 ἤδη
384 3273 561 3320 προνωπὴς
579 3274 654 3308 ἐστι
672 3275 724 3308 καὶ
741 3274 967 3320 ψυχορραγεῖ.

307 3326 333 3360 ὦ
350 3328 489 3371 τλῆμον,
509 3324 580 3361 οἵας
598 3322 667 3362 οἷος
685 3325 730 3360 ὣν
747 3326 951 3371 ἁμαρτάνεις.

304 3380 396 3413 οὔπω
414 3377 482 3412 τόδ’
501 3374 570 3412 οἶδε
588 3378 763 3421 δεσπότης,
782 3378 861 3423 πρὶν
878 3377 917 3411 ἂν
934 3377 1036 3422 πάθῃ.

306 3430 403 3466 ε’λπὶς
419 3430 479 3474 μὲν
496 3429 600 3464 οὐκέτ’
619 3430 694 3464 ἐστὶ
716 3429 885 3472 σώζεσθαι
908 3429 986 3470 βίον
997 3442 1007 3469 ;

302 3481 497 3528 πεπρωμένη
515 3482 580 3528 γὰρ
597 3480 702 3527 ἡμέρα
717 3481 878 3523 βιάζεται.

305 3535 423 3570 οὔκουν
440 3533 488 3571 ἐπ’
509 3533 589 3579 αὐτῇ
608 3534 798 3580 πράσσεται
815 3533 856 3569 τὰ
873 3534 1077 3580 πρόσφορα;

1181 3391 1237 3424 ¹45

1084 275 1418 317 ΕΎῬῙΠΙΔΟὙ·

1246 371 1250 428 i
1270 369 1340 399 ΘΕ.

1270 421 1340 451 ΧΟ.

1369 369 1495 408 κόσμος
1511 365 1545 409 ’γ’
1565 363 1704 407 ἕτοιμος,
1724 361 1751 413 ᾧ
1769 365 1840 410 σφε
1859 365 2027 411 συνθάψει
2046 366 2156 401 πόσις.

1369 413 1454 450 ’ίστω
1473 429 1530 450 νυν
1547 414 1682 459 εὐκλεής
1698 429 1738 461 γε
1756 416 1995 462 κατθανουμένη

1372 465 1454 514 γυνή
1473 466 1502 501 τ’
1520 466 1641 512 ἀρίστη
1659 469 1725 501 τῶν
1743 465 1803 512 ὑφ’
1819 467 1904 516 ἡλίῳ
1920 469 2046 517 μακρῷ.

1370 522 1440 554 πῶς
1458 517 1487 553 δ’
1506 518 1565 552 οὐκ
1583 518 1726 564 ἀρίστης
1754 519 1804 555 τίς
1821 519 1850 554 δ’
1869 521 2121 561 ἐναντιώσεταις

1372 571 1406 605 τί
1422 569 1488 616 χρὴ
1505 569 1662 617 γενέσθαι
1680 570 1739 614 τὴν
1756 571 2050 617 ὑπερβεβλημένην

1372 623 1530 668 γυναῖκα,
1559 626 1629 658 πῶς
1647 621 1675 657 δ’
1694 622 1734 657 ἂν
1751 624 1883 667 μᾶλλον
1901 624 2080 668 ἐνδείξαιτό
2097 639 2147 661 τις

1372 676 1475 710 πόσιν
1491 673 1677 718 προτιμῶσ’
1695 674 1714 719 ἢ
1734 674 1869 710 θέλουσ’
1888 669 2081 722 ὑπερθανεῖν
2097 690 2106 719 ;

1372 727 1426 760 καὶ
1443 728 1545 760 ταῦτα
1562 726 1622 770 μὲν
1640 726 1679 770 δὴ
1697 726 1778 761 πᾶσ’
1798 727 1973 763 ἐπίσταται
1989 730 2101 765 πόλις·

1372 777 1394 812 ἃ
1412 777 1440 812 δ’
1460 778 1495 812 ἐν
1513 778 1627 822 δόμοις
1644 778 1767 824 ἔδρασε
1784 779 1946 823 θαυμάσει
1965 780 2085 816 κλύων.

1372 829 1444 865 ἐπεὶ
1460 829 1526 876 γὰρ
1543 827 1663 874 ᾔσθεθ’
1683 829 1805 877 ἡμέραν
1821 831 1881 876 τὴν
1898 832 2011 878 κυρίαν

1372 881 1530 926 ἥκουσαν,
1550 880 1650 916 ὕδασι
1667 883 1839 927 ποταμίοις
1857 885 1975 918 λευκὸν
1991 886 2078 931 χρόα

1373 932 1543 973 ἐλούσατ’,
1564 933 1599 967 ἐκ
1617 933 1645 968 δ’
1665 935 1792 969 ἑλοῦσα
1809 936 1964 982 κεδρίνων
1981 937 2090 981 δόμων

1373 985 1499 1030 ἐσθῆτα
1517 987 1645 1031 κόσμον
1662 986 1690 1020 τ’
1710 987 1879 1033 εὐπρεπῶς
1896 986 2082 1033 ἠσκήσατο,

1373 1037 1426 1071 καὶ
1445 1039 1559 1072 στᾶσα
1575 1039 1726 1084 πρόσθεν
1742 1039 1856 1076 ἑστίας
1873 1040 2068 1085 κατηύξατο,

1373 1089 1534 1130 δέσποιν’,
1555 1090 1620 1137 ἐγὼ
1637 1091 1702 1137 γὰρ
1720 1091 1859 1138 ἔρχομαι
1877 1093 1958 1127 κατὰ
1975 1093 2107 1138 χθονὸς,

1372 1140 1584 1177 πανύστατόν
1603 1157 1644 1177 σε
1660 1144 1903 1190 προσπίτνουσ’
1923 1144 2113 1190 αἰτήσομαι,

1373 1193 1457 1228 τέκν’
1476 1194 1684 1240 ὄρφανεῦσαι
1702 1196 1800 1240 τάμὰ,
1820 1197 1872 1231 καὶ
1890 1198 1936 1245 τῷ
1952 1198 2012 1242 μέν
2030 1197 2140 1243 φίλην

1375 1244 1536 1290 σύζευξον
1553 1246 1691 1292 ἄλοχον,
1710 1250 1750 1292 τῇ
1769 1249 1805 1283 δέ
1821 1251 1971 1295 γενναῖον
1986 1251 2100 1284 πόσιν.

1372 1297 1446 1343 μηδ’
1467 1298 1583 1345 ὥσπερ
1600 1299 1706 1334 αὐτῶν
1723 1298 1743 1343 ἦ
1760 1300 1891 1336 τεκοῦσ’
1910 1302 2102 1346 ἀπόλλυμαι

1374 1350 1483 1385 θανεῖν
1500 1350 1627 1397 ἀώρους
1644 1353 1773 1392 παῖδας,
1793 1352 1871 1387 ἀλλ’
1890 1354 2083 1399 εὐδαίμονας

1374 1402 1410 1437 ἐν
1426 1405 1468 1448 γῇ
1487 1402 1623 1451 πατρῴᾳ
1640 1405 1780 1448 τερπνὸν
1797 1405 1963 1450 ἐκπλῆσαι
1980 1406 2070 1448 βίον.

1373 1455 1498 1490 πάντας
1517 1455 1552 1489 δὲ
1569 1455 1706 1500 βωμοὺς
1723 1453 1756 1490 οἳ
1773 1455 1843 1491 κατ’
1861 1457 2028 1503 Ἀδμήτου
2047 1459 2168 1503 δόμους

1373 1507 1550 1553 προσῆλθε
1568 1508 1760 1554 κᾶξέστεψε
1778 1510 1829 1544 καὶ
1847 1509 2075 1556 προσηύξατο,

1372 1558 1527 1604 πτόρθων
1545 1559 1781 1605 ἀποσχίζουσα
1797 1562 1958 1608 μυρσίνης
1975 1564 2100 1608 φόβην,

1373 1611 1575 1651 ἄκλαυστος,
1595 1612 1807 1653 ἀστένακτος,
1828 1614 1904 1648 οὐδὲ
1922 1615 2058 1649 τούπιὸν

1374 1665 1473 1697 κακὸν
1489 1663 1631 1708 μεθίστη
1648 1666 1779 1710 χρωτὸς
1797 1665 1902 1710 εὐειδῆ
1921 1665 2040 1712 φύσιν.

1374 1715 1511 1750 κᾶπειτα
1529 1715 1678 1760 θάλαμον
1696 1717 1894 1753 ἐσπεσοῦσα
1911 1719 1963 1753 καὶ
1979 1720 2094 1765 λέχος,

1375 1767 1514 1802 ἐνταῦθα
1532 1768 1571 1812 δὴ
1590 1768 1746 1815 ’δάκρυσε
1763 1770 1816 1804 καὶ
1833 1770 1927 1817 λέγει
1944 1771 2033 1811 τάδε,

1375 1819 1401 1853 ὦ
1418 1819 1570 1866 λέκτρον,
1591 1820 1669 1855 ἔνθα
1685 1821 1850 1867 παρθένει’
1869 1821 1968 1857 ἕλυσ’
1987 1823 2052 1870 ἐγὼ

1375 1870 1545 1918 κορεύματ’
1566 1873 1600 1906 ἐκ
1618 1872 1706 1907 τοῦδ’
1726 1873 1855 1919 ἀνδρὸς,
1875 1873 1915 1908 οὗ
1933 1874 2065 1919 θνῆσκω
2082 1877 2169 1922 πέρι,

1373 1923 1474 1968 χαῖρ’·
1505 1924 1543 1957 οὔ
1561 1926 1625 1970 γὰρ
1644 1925 1788 1971 ἐχθαίρω
1806 1925 1852 1959 σ’.
1880 1926 2059 1963 ἀπώλεσας
2078 1928 2116 1962 δέ
2130 1942 2172 1971 με

1374 1974 1487 2017 μόνην·
1516 1974 1696 2019 προδοῦναι
1713 1975 1778 2020 γάρ
1798 1975 1831 2009 α’
1851 1977 1997 2010 ὀκνοῦσα
2015 1977 2068 2010 καὶ
2085 1978 2188 2011 πόσιν

1376 2023 1522 2069 θνῆσκω.
1553 2025 1593 2059 σὲ
1612 2025 1639 2059 δ’
1660 2025 1747 2069 (’ίλλη
1766 2041 1816 2062 τις
1831 2028 1913 2072 γυνὴ
1933 2027 2137 2072 κεκτήσεται,

1377 2078 1527 2123 σώφρων
1543 2077 1603 2121 μὲν
1621 2077 1680 2111 οὐκ
1698 2078 1738 2111 ἂν
1754 2081 1898 2123 μᾶλλον,
1918 2080 2058 2125 εὐτυχὴς
2075 2081 2104 2114 δ’
2120 2078 2217 2116 ἴσως..

1375 2131 1465 2163 κυνεῖ
1481 2129 1518 2163 δέ
1535 2129 1803 2175 προσπίτνουσα,
1822 2133 1888 2166 πᾶν
1906 2132 1942 2166 δὲ
1960 2131 2090 2176 δέμνιον

1376 2180 1664 2229 ὀψθαλμοτέγκτῳ
1683 2181 1810 2217 δεύεται
1827 2184 2047 2230 πλημμυρίδι.

1377 2234 1447 2268 ἐπεὶ
1466 2234 1502 2268 δὲ
1519 2235 1658 2268 πολλῶν
1676 2233 1824 2280 δακρύων
1841 2232 1930 2280 εἶχεν
1947 2237 2056 2282 κόρον,

1377 2285 1506 2330 στείχει
1523 2286 1700 2331 προνωπὴς
1719 2287 1910 2322 ἐκπεσοῦσα
1927 2288 2076 2332 δεμνίων,

1376 2339 1430 2372 καὶ
1445 2338 1561 2373 πολλὰ
1579 2337 1728 2383 θάλαμον
1746 2339 1871 2382 ἐξιοῦσ’
1887 2340 2097 2387 ἐπεστράφη,

1377 2390 1541 2436 κᾶρριψεν
1558 2390 1659 2434 αὑτὴν
1676 2389 1769 2426 αὖθις
1787 2391 1820 2427 ἐς
1838 2392 1948 2436 κοίτην
1964 2394 2079 2427 πάλιν.

1375 2442 1491 2477 παῖδες
1509 2442 1544 2476 δὲ
1563 2442 1701 2477 πέπλων
1717 2444 1839 2489 μητρὸς
1858 2444 2069 2490 ἐξηρτημένοι

1377 2495 1520 2528 ἔκλαιον·
1550 2493 1569 2537 ἡ
1588 2494 1624 2528 δὲ
1641 2494 1852 2539 λαμβάνουσ’
1872 2496 1906 2530 ἐν
1924 2496 2084 2543 ἀγκάλαις

1376 2544 1534 2591 ἦσπάζετ’
1553 2545 1670 2580 ἄλλοτ’
1689 2546 1807 2587 ἄλλον,
1827 2548 1871 2584 ὡς
1888 2547 2079 2593 θανουμένη.

1377 2599 1498 2634 πάντες
1515 2597 1544 2632 δ’
1563 2598 1698 2633 ἔκλαιον
1715 2598 1837 2633 οἷκέται
1856 2600 1938 2634 κατὰ
1956 2602 2079 2645 στέγας

1378 2650 1557 2685 δέσποιναν
1575 2650 1803 2697 οἷκτείροντες.
1832 2650 1851 2695 ἦ
1870 2652 1906 2686 δέ
1924 2652 2036 2696 δεξιὰν

1378 2702 1541 2748 προῦτειν’
1561 2703 1703 2750 ἑκάστῳ,
1724 2705 1833 2739 κοῦτις
1849 2701 1890 2747 ἦν
1907 2702 1993 2739 οὕτω
2012 2705 2108 2741 κακὸς

1378 2753 1416 2789 ὃν
1433 2755 1473 2789 οὐ
1490 2757 1654 2801 προσεῖπε
1673 2756 1726 2789 καὶ
1743 2755 1959 2802 προσερρὴθη
1977 2758 2091 2792 πάλιν.

1378 2806 1500 2841 τοιαῦτ’
1520 2807 1555 2841 ἐν
1572 2805 1674 2842 οἴκοις
1692 2807 1785 2841 ἐστὶν
1801 2806 1967 2852 Ἀδμήτου
1985 2809 2079 2843 κακά.

1379 2858 1432 2893 καὶ
1451 2859 1618 2893 κατθανών
1635 2858 1663 2893 τ’
1683 2859 1723 2893 ἂν
1740 2858 1849 2900 ὤλετ’,
1869 2861 2024 2907 ἐκφυγὼν
2040 2860 2069 2895 δ’
2087 2861 2158 2907 ἔχει

1378 2913 1543 2946 τοσοῦτον
1560 2911 1675 2956 ἄλγος,
1695 2910 1736 2945 οὗ
1752 2911 1825 2946 ποτ’
1845 2912 1884 2946 ού
1900 2911 2095 2956 λελήσεται.

1339 2988 1347 2997 .
1376 2960 1395 3006 ἦ
1414 2977 1480 2998 που
1499 2964 1650 3006 στενάζει
1667 2963 1787 2998 τοισίδ’
1799 2962 1967 3008 Ἀδμητος
1985 2966 2107 3003 κακοῖς,

1379 3014 1505 3059 ε’σθλῆς
1522 3016 1675 3061 γυναικὸς
1693 3015 1721 3049 εἷ
1739 3015 1938 3062 στερηθῆναί
1956 3017 2028 3061 σφε
2044 3015 2110 3062 χρῆ
2125 3028 2135 3056 ;

1338 3091 1347 3102 .
1377 3067 1483 3101 κλαίει
1499 3066 1544 3113 γ’,
1564 3067 1689 3101 ἄκοιτιν
1707 3067 1742 3102 ἐν
1758 3069 1872 3114 χεροῖν
1889 3067 1995 3113 φίλην
2012 3069 2110 3112 ἔχων,

1380 3119 1433 3153 καὶ
1450 3119 1494 3163 μὴ
1512 3119 1692 3165 προδοῦναι
1709 3119 1880 3158 λίσσεται,
1900 3118 2072 3164 τᾶμῆχανα

1381 3172 1495 3213 ζητῶν·
1526 3170 1638 3215 φθίνει
1655 3171 1719 3219 γὰρ
1739 3171 1792 3206 καὶ
1809 3170 1998 3216 μαραίνεται
2016 3172 2106 3218 νόσῳ

1380 3219 1573 3266 [παρειμένη
1591 3236 1642 3267 γε,
1662 3222 1774 3267 χειρὸς
1792 3221 1910 3256 ἄθλιον
1925 3218 2067 3270 βάρος.]

1380 3272 1469 3317 ὅμως
1486 3273 1522 3307 δὲ
1540 3272 1655 3318 καίπερ
1674 3273 1815 3319 σμικρὸν
1832 3270 2006 3316 ἐμπνέουσ”
2025 3272 2074 3306 ἔτι

1379 3324 1513 3370 βλέψαι
1530 3325 1614 3370 πρὸς
1631 3323 1734 3369 αὐγὰς
1750 3322 1909 3366 βούλεται
1925 3323 1985 3359 τὰς
2000 3322 2110 3366 ἡλίου.

1382 3372 1447 3424 [ὡς
1465 3375 1577 3411 οὔποτ’
1597 3374 1702 3415 αὖθις,
1717 3376 1807 3410 ἀλλὰ
1824 3377 1881 3410 νῦν
1897 3373 2108 3410 πανύστατον

1381 3428 1495 3462 ἀκτῖνα
1512 3426 1634 3462 κύκλον
1651 3426 1684 3461 θ’
1703 3426 1800 3472 ἡλίου
1817 3424 2063 3471 προσόψεται.]

1382 3478 1459 3514 ἀλλ’
1479 3476 1545 3524 εἶμι
1563 3480 1616 3514 καὶ
1635 3480 1699 3524 σὴν
1716 3479 1849 3525 ἀγγελῶ
1865 3478 2063 3524 παρουσίαν·

1383 3531 1423 3566 οὐ
1439 3534 1505 3579 γάρ
1523 3546 1554 3566 τι
1572 3533 1691 3569 πάντες
1708 3529 1745 3567 εὖ
1762 3531 1930 3579 φρονοῦσι
1948 3530 2122 3578 κοιράνοις,

2247 429 2302 461 ¹50

2244 689 2301 722 ι55

2247 940 2305 973 160

2247 1201 2302 1242 165

2249 1471 2306 1503 170

2250 1733 2306 1765 Ι75

2252 1980 2309 2012 ι8ο

2253 2240 2309 2282 185

2254 2510 2311 2541 ¹90

2252 2769 2308 2802 ¹95

2251 3029 2312 3052 200

2251 3284 2310 3318 ²05

2251 3543 2311 3570 ato
