2488 3860
173 2147 245 2179 AN.

323 999 939 1054 ΣΟΦΟΚΛΕΟΥΣ
1004 1003 1457 1055 ΟΙΔΙΠΟΥΣ
1531 1000 1683 1054 Em
1753 988 2178 1054 KOAQNQJ

558 1403 779 1434 ΟΙΔΙΠΟΥΣ.

280 1458 396 1488 ΤΕΚΝ
403 1459 462 1488 ΟΝ
481 1455 620 1500 τυφλοῦ
635 1453 795 1500 γέροντος
811 1451 998 1500 Ἀντιγονη,
1017 1463 1110 1487 τινας

279 1507 414 1554 χώρους
430 1505 611 1552 ἀφίγμεθ’,
630 1505 650 1551 ἦ
667 1506 768 1541 τίνων
785 1505 914 1551 ἀνδρῶν
930 1505 1055 1545 πόλιν;

280 1559 332 1596 τίς
349 1560 408 1594 τὸν
424 1558 598 1604 πλανήτην
617 1558 780 1594 Οἰδίπουν
798 1557 874 1592 καθ’
894 1557 1019 1604 ἡμέραν

280 1612 342 1657 τὴν
359 1614 418 1648 νῦν
436 1613 640 1648 σπανιστοῖς
658 1611 790 1655 δέξεται
808 1610 997 1658 δωρήμασι,
1020 1619 1023 1622 “

278 1666 423 1712 σμικρὸν
439 1665 502 1710 μὲν
514 1665 722 1709 ἐξαιτοῦντα,
741 1666 802 1699 τοῦ
821 1665 968 1710 σμικροῦ
985 1661 1015 1698 δ’
1035 1663 1086 1697 ἔτι

279 1720 375 1763 μεῖον
393 1718 556 1764 φέροντα,
576 1717 631 1752 καὶ
649 1716 719 1752 τόδ’
739 1716 938 1763 ἐξαρκοῦν’
920 1716 1017 1762 εμοί;

278 1771 436 1837 στέργειν
452 1771 519 1818 γὰρ
537 1771 571 1805 αἶ
588 1770 693 1806 πάθαι
709 1785 752 1816 με
769 1770 822 1816 χώ
839 1771 964 1817 χρόνος
981 1768 1090 1813 ξυνὼν

275 1825 403 1870 μακρὸς
421 1824 575 1859 διδάσκει
593 1824 647 1858 καὶ
664 1824 703 1858 τὸ
719 1825 873 1869 γενναῖον
890 1823 1017 1869 τρίτον.

275 1876 370 1920 ἀλλ’,
390 1876 417 1911 ὦ
434 1877 561 1917 τέκνον,
582 1876 726 1920 θάκησιν
742 1890 773 1910 ει
789 1890 863 1911 τινα
879 1875 1023 1918 βλέπεις

275 1928 296 1974 ἢ
314 1931 400 1976 πρὸς
416 1928 620 1974 βεβήλοις*
601 1945 622 1974 η
640 1930 726 1976 πρὸς
743 1929 893 1964 ἄλσεσιν
912 1928 1008 1968 θεῶν,

278 1984 412 2028 οτῆσόν
428 1997 471 2027 με
489 1982 708 2029 κάξίδρυσον,
728 1982 774 2018 ὣς
789 1981 975 2028 πυθώμεθα

276 2035 362 2071 ὅπου
379 2035 454 2071 ποτ’
475 2035 590 2080 ἐσμέν.
618 2034 798 2080 μανθάνειν
814 2035 882 2081 γὰρ
899 2034 1023 2079 ἥκομεν

275 2088 366 2132 ξένοι
383 2089 469 2135 πρὸς
485 2088 612 2128 ἀστῶν,
631 2088 697 2134 χᾶν
714 2086 913 2133 ἀκούσωμεν
931 2088 1052 2121 τελεῖν.

273 2142 381 2188 πάτερ
398 2141 584 2188 ταλαίπωρ’
606 2141 779 2180 Οἰδίπους,
797 2139 923 2186 πύργοι
939 2140 1011 2184 μὲν,
1031 2136 1064 2173 οἳ

267 2194 371 2228 πόλιν
388 2192 628 2240 στέφουσιν,“
611 2207 657 2228 ως
673 2190 731 2227 ἀπ’
751 2191 919 2237 ὀμμάτων,
938 2191 1073 2237 πρόσω·

275 2250 389 2294 χῶρος
406 2246 434 2282 δ’
455 2245 504 2282 ὅδ’
524 2247 607 2292 ἱρὸς,
627 2246 673 2281 ὣς
691 2245 780 2290 σάφ’
797 2244 943 2283 εἰκάσω,
963 2241 1080 2289 βρύων

275 2301 418 2346 δάφνης,
438 2299 567 2339 ἐλαίας,
586 2297 754 2343 ἇμπέλου·
783 2298 1008 2343 πυκνόπτεροι
1026 2293 1055 2329 δ’

273 2351 358 2388 εἴσω
377 2351 446 2387 κατ’
465 2352 568 2387 αὐτὸν
585 2351 792 2396 εὗστομοῦσ’
810 2350 959 2394 ἀηδόνες·

273 2404 315 2441 ου
332 2407 427 2440 κῶλα
444 2405 585 2451 κάμψον
601 2403 692 2439 τοῦδ’
713 2402 765 2438 ἐπ’
784 2402 934 2447 άξέστου
951 2401 1090 2447 πέτρου·

272 2459 403 2505 μακρὰν
419 2459 486 2505 γὰρ
505 2458 550 2494 ὣς
565 2457 702 2504 γέροντι
719 2456 940 2503 προῦστάλης
958 2455 1050 2489 ὁδόν.

276 2510 391 2554 κάθιζέ
407 2509 466 2546 νύν
482 2525 525 2556 με
543 2511 597 2545 καὶ
614 2508 783 2556 φύλασσε
800 2509 860 2543 τὸν
877 2508 1025 2553 τυφλόν.

235 2590 245 2599 .
273 2565 401 2610 χρόνου
418 2578 480 2608 μεν
497 2561 603 2598 οὕνεκ’
623 2562 663 2597 οὗ
680 2561 799 2607 μαθεῖν
815 2576 858 2606 με
876 2561 928 2595 δεῖ
943 2559 1035 2594 τόδε

276 2617 367 2677 ἔχεις
385 2615 518 2659 διδάξαι
536 2613 576 2659 δή
594 2614 629 2659 μ’
649 2613 727 2649 ὅποι
746 2613 978 2656 καθέσταμεν;

238 2690 247 2699 .
275 2665 337 2700 τὰς
353 2666 438 2711 γοῦν
453 2662 598 2708 Ἀθήνας
615 2659 704 2703 οἶδα,
723 2663 783 2697 τὸν
801 2662 838 2696 δε
854 2664 970 2707 χῶρον
986 2661 1040 2695 οὔ.

277 2718 344 2752 πᾶς
360 2717 428 2763 γάρ
445 2730 497 2752 τις
513 2716 599 2760 ηὔδα
615 2716 716 2750 τοῦτό
733 2713 765 2758 γ’
784 2713 862 2759 ἡμῖν
880 2713 1048 2760 ἐμπόρων.

239 2794 249 2805 .
266 2767 357 2804 ἀλλ’
378 2767 475 2805 ὅστις
492 2770 512 2803 ὁ
531 2769 635 2804 τόπος
651 2765 671 2811 ἦ
690 2766 786 2812 μάθω
803 2766 964 2811 μολοῦσά
980 2777 1061 2805 ποις

282 2822 348 2862 ναὶ,
367 2821 495 2861 τέκνον,
515 2819 609 2867 εἴπερ
627 2820 705 2855 ε’στί
720 2819 752 2866 γ’
773 2817 1001 2863 ἐξοικήσιμος.

239 2900 251 2911 .
280 2873 360 2909 ἀλλ’
381 2874 458 2909 ἐστὶ
474 2873 540 2919 μὴν
557 2873 701 2917 οίκητός.
730 2870 843 2916 οἴομαι
861 2871 899 2906 δὲ
916 2871 986 2906 δεῖν

277 2926 386 2962 οὐδέν·
416 2926 528 2962 πέλας
544 2926 611 2973 γὰρ
629 2925 734 2972 ἄνδρα
751 2924 849 2959 τόνδε
866 2926 930 2972 νῷν
947 2925 1028 2970 ὁρῶ.

278 2977 299 3023 ἦ
318 2979 418 3026 δεῦρο
435 2979 688 3025 προστείχοντα
705 2977 986 3023 κάξορμῶμενονς

238 3056 248 3067 .
278 3033 334 3067 καὶ
351 3031 391 3076 δὴ
409 3032 471 3077 μὲν
488 3030 548 3066 οὖν
564 3032 725 3078 παρόντα·
754 3028 807 3075 χῶ
825 3043 859 3064 τι
877 3042 936 3064 σοι
952 3027 1067 3074 λέγειν

275 3085 428 3131 εὕκαιρόν
445 3084 552 3124 ε’στιν,
573 3082 699 3129 ἔννεφ’,
719 3082 764 3118 ὣς
781 3081 865 3128 ἀνὴρ
882 3081 952 3117 ὅδε.

223 3161 233 3173 .
281 3136 308 3172 ὦ
328 3136 421 3182 ξεῖν’,
435 3135 566 3171 ἀκούων
581 3136 689 3181 τῆσδε
705 3136 766 3180 τῆς
782 3134 867 3181 ὑπέρ
883 3133 912 3169 τ’
932 3134 1014 3180 ε’μοῦ

278 3190 383 3234 αὑτῆς
401 3189 435 3224 θ’
455 3190 600 3235 ὁρώσης,
620 3186 731 3233 οὕνεχ’
749 3186 828 3232 ἡμῖν
844 3184 957 3224 αἴσιος

278 3242 408 3279 σκοπὸς
422 3239 610 3287 προσήκεις
627 3239 676 3275 ὦν
693 3239 885 3284 ἀδηλοῦμεν
900 3239 1049 3285 φράσαι,

238 3321 246 3329 .
280 3295 361 3341 πρὶν
378 3295 436 3328 νῦν
452 3293 496 3328 τὰ
511 3291 641 3328 πλείον’
661 3291 821 3337 ἱστορεῖν,
841 3288 878 3323 ἐκ
894 3288 993 3334 τῆσδ’
1013 3288 1110 3335 ἕδρας

279 3345 410 3390 ἔξελθ’,
429 3346 519 3391 ἔχεις
534 3345 602 3392 γὰρ
619 3347 733 3390 χῶρον
749 3341 815 3387 οὔχ
832 3342 934 3388 ἁγνὸν
950 3343 1078 3377 πατεῖν.

225 3425 234 3434 .
277 3399 329 3436 τίς
346 3398 375 3434 δ’
396 3397 475 3434 ἔσθ’
495 3400 514 3433 ὁ
531 3401 667 3443 χῶρος;
696 3397 757 3430 τοῦ
775 3393 861 3429 θεῶν
877 3394 1066 3440 νομίζεται;

239 3477 249 3488 .
283 3451 419 3487 ἄθικτος
436 3448 508 3486 οὐδ’
526 3449 669 3493 οίκητός.
697 3448 732 3483 αἶ
748 3446 816 3494 γὰρ
833 3446 985 3492 ἔμφοβοι
1005 3486 1008 3488 ,

283 3503 357 3539 θεαί
375 3502 440 3550 σφ’
459 3503 594 3549 ἔχουσι,
613 3502 679 3546 Γῆς
695 3515 732 3535 τε
750 3499 805 3534 καὶ
822 3499 949 3534 Σκότυυ
966 3501 1072 3547 κόραι.

282 3557 382 3592 τίνων
398 3556 439 3591 τὸ
458 3556 583 3600 σεμνὸν
600 3553 692 3599 ὄνομ’
711 3552 752 3587 ἃν
769 3551 927 3596 εὐξαίμην
944 3550 1077 3592 κλύων;

240 3635 251 3648 .
283 3610 345 3649 τὰς
361 3607 464 3647 πάνθ’
483 3608 619 3658 ὁρώσας
635 3604 819 3654 Εὐμενίδας
836 3603 856 3642 ὅ
871 3602 907 3653 γ’
922 3604 1031 3642 ἐνθάδ’
1048 3602 1089 3640 ἂν

1185 1939 1222 1961 10

1182 2463 1223 2487 20

1179 2987 1224 3018 30

1184 3247 1224 3279 35

1178 3512 1221 3542 40

1263 1463 1321 1493 01.

1263 1567 1332 1652 ἓῖἐ

1264 1831 1335 1862 ΞΕ.

1265 1884 1322 1913 01.

1265 1935 1334 1966 ΞΕ.

1265 2509 1322 2539 ΟΙ.

1263 2561 1333 2593 ΞΕ.

1266 2615 1323 2644 ΟῙ.

1265 2666 1334 2698 ΞΕ.

1209 2726 1217 2732 ·
1267 2720 1324 2750 ΟΙ.

1264 2771 1334 2804 ΞΕ.

1266 2825 1323 2855 ΟΙ.

1265 2877 1334 2910 ΞΕ.

1267 2930 1325 2960 ΟΙ.

1265 3036 1323 3066 ΟῙ.

1266 3401 1325 3431 01.

1266 3454 1341 3484 AN.

1266 3559 1326 3592 01.

1364 1402 1452 1440 εἴποι
1468 1405 1556 1441 λεώς
1573 1410 1636 1439 νιν·
1664 1402 1756 1438 ἄλλα
1773 1401 1803 1438 δ’
1821 1402 1979 1448 ἀλλαχοῦ
1997 1402 2096 1436 καλά.

1366 1457 1446 1493 ἀλλ’
1463 1455 1548 1505 ἵλεῳ
1565 1457 1626 1502 μὲν
1642 1457 1702 1491 τὸν
1720 1456 1830 1500 ἱκέτην
1847 1455 2014 1499 δεξαίατο·

1367 1509 1411 1546 ὣς
1429 1510 1492 1555 οὐχ
1511 1510 1610 1557 ἕδρας
1627 1510 1689 1556 γῆς
1705 1507 1802 1553 τῆσδ’
1822 1507 1863 1542 ἂν
1880 1505 2055 1552 ἐξέλθοιμ’
2074 1507 2136 1541 ἔτι.

1367 1562 1402 1597 τί
1419 1561 1448 1597 δ’
1468 1562 1545 1597 ἐστὶ
1562 1564 1685 1601 rosa-03

1367 1615 1445 1650 ἀλλ’
1465 1614 1536 1649 οὐδ’
1556 1614 1631 1658 ἐμοί
1647 1629 1701 1649 τοι
1718 1613 1979 1657 τούξανιστάναι
1996 1615 2133 1649 πόλεως

1367 1666 1434 1713 δίχ’
1453 1667 1529 1702 ε’στὶ
1548 1666 1688 1712 θάρσος,
1707 1665 1787 1712 πρίν
1803 1664 1836 1711 γ’
1855 1664 1896 1699 ἂν
1914 1664 2050 1708 ἐνδείξω
2067 1665 2102 1700 τί
2119 1665 2198 1712 δρῶ.

1311 1748 1322 1757 .
1365 1722 1451 1768 πρός
1468 1735 1526 1756 νυν
1544 1719 1640 1759 θεῶν,
1660 1718 1687 1753 ὦ
1705 1719 1804 1763 ξεῖνε,
1823 1716 1868 1763 μή
1885 1717 1919 1762 μ’
1939 1718 2118 1763 ἀτιμάσῃς,

1367 1773 1488 1809 τοιόνδ’
1507 1771 1646 1817 ἀλήτην,
1666 1772 1712 1806 ὧν
1730 1786 1773 1806 σε
1789 1771 1995 1818 προστρέπω
2013 1772 2160 1818 φράσαι.
2202 1791 2205 1794 ⁴

1367 1825 1520 1871 σήμαινε,
1540 1826 1620 1860 κούκ
1638 1825 1755 1869 ἄτιμος
1773 1825 1809 1858 ἔκ
1825 1824 1859 1870 γ’
1879 1824 1960 1868 ἐμοῦ
1978 1824 2091 1869 φανεῖ.

1363 1879 1415 1915 τίς
1432 1878 1461 1914 δ’
1482 1877 1558 1914 ἔσθ’
1578 1880 1597 1913 ὁ
1610 1881 1721 1924 χῶρος
1735 1874 1806 1921 δῆτ’
1822 1877 1860 1911 ἐν
1877 1873 1904 1925 ᾧ
1918 1875 2130 1921 βεβήκαμεν,

1367 1929 1422 1965 ὅσ’
1440 1926 1515 1965 οἶδα
1533 1930 1624 1976 κάγὼ
1641 1926 1737 1964 πάντ’
1756 1926 1935 1972 ἐπιστήσει
1953 1927 2077 1964 κλύων.

1367 1986 1479 2028 χῶρος
1494 1983 1556 2028 μὲν
1574 1983 1646 2028 ἱρὸς
1662 1982 1728 2017 πᾶς
1746 1980 1795 2016 ὅδ’
1814 1980 1901 2015 ἔστ’·
1930 1982 2002 2025 ἔχει
2019 1981 2059 2017 δέ
2075 1997 2126 2017 νιν

1367 2031 1490 2075 σεμνὸς
1506 2030 1696 2065 Ποσειδῶν·
1726 2029 1763 2064 ἐν
1780 2028 1847 2064 δ”
1828 2044 1848 2064 ο
1865 2029 2044 2075 πυρφόρος
2062 2028 2139 2065 θεὸς

1366 2083 1468 2118 Τιτὰν
1486 2081 1696 2130 Προμηθεύς·
1727 2080 1766 2116 ὃν
1783 2081 1812 2117 δ’
1832 2081 2042 2124 επιστείβεις
2059 2083 2177 2123 τόπον,

1366 2128 1490 2181 χυονὸς
1507 2137 1657 2170 καλεῖται
1674 2135 1780 2179 τῆσδε
1796 2135 1992 2181 χαλκόπους
2008 2134 2098 2173 ὁδὸς,

1367 2187 1494 2235 ἔρεισμ’
1512 2187 1672 2232 Ἀθηνῶν·
1702 2188 1734 2222 οἶ
1751 2187 1789 2222 δε
1806 2186 1951 2230 πλησίοι
1967 2185 2047 2233 γύαι

1367 2240 1487 2276 τόνδ’ξ
1476 2242 1619 2284 ιιι-πότην
1636 2241 1797 2275 Κολωνὸν
1814 2242 1970 2285 εὔχονται
1988 2239 2117 2286 σφίσιν

1366 2294 1517 2340 ἀρχηγὸν
1533 2289 1628 2333 εἶναι,
1648 2293 1703 2328 καὶ
1720 2292 1870 2340 φέρουσι
1887 2293 2034 2334 τοῦνομα

1366 2347 1406 2381 τὸ
1423 2346 1523 2381 τοῦδε
1540 2347 1650 2381 κοινὸν
1666 2346 1788 2382 πάντες
1805 2344 2049 2390 ὠνομασμένοι.

1366 2399 1503 2433 τοιαῦτά
1521 2413 1579 2433 σοι
1597 2397 1688 2433 ταῦτ’
1707 2398 1814 2439 ἐστὶν,
1834 2397 1861 2433 ὦ
1877 2397 1958 2442 ξέν’,
1977 2399 2018 2433 οὗ
2035 2399 2154 2445 λόγοις

1366 2450 1533 2497 τιμώμεν’,
1553 2451 1646 2486 ἀλλὰ
1662 2453 1702 2496 τῇ
1721 2451 1884 2497 ξυνουσία
1900 2451 2020 2486 πλέον.

1367 2502 1388 2548 ἦ
1406 2505 1473 2551 γάρ
1490 2518 1578 2540 τινες
1595 2503 1728 2539 ναίουσι
1745 2502 1871 2539 τούσδε
1888 2503 1967 2540 τοὺς
1983 2507 2121 2545 τόπους,

1368 2558 1422 2592 καὶ
1440 2557 1555 2604 κάρτα,
1575 2557 1674 2592 τοῦδε
1691 2559 1752 2591 τοῦ
1770 2556 1849 2591 θεοῦ
1864 2555 1898 2603 γ’
1917 2556 2096 2602 ἐπώνυμοι.

1369 2609 1466 2656 ἄρχει
1483 2624 1535 2646 τις
1551 2609 1672 2650 αὐτῶν,
1691 2608 1711 2654 ἢ
1729 2609 1778 2645 ’πὶ
1795 2611 1844 2658 τῷ
1860 2608 1985 2654 πλήθει
2002 2611 2108 2657 λόγος
2122 2622 2132 2650 ;

1369 2663 1405 2697 ἐκ
1422 2663 1484 2697 τοῦ
1501 2662 1570 2699 κατ’
1589 2662 1677 2697 ἄστυ
1694 2662 1870 2705 βασιλέως
1886 2661 1958 2697 τάδ’
1976 2662 2129 2709 ἄρχεται.

1370 2714 1469 2751 οὗτος
1482 2716 1519 2751 δὲ
1541 2715 1592 2751 τίς
1607 2716 1704 2764 λόγῳ
1721 2730 1759 2750 τε
1776 2715 1831 2750 καὶ
1849 2714 1963 2750 σθένει
1981 2717 2118 2762 κρατεῖς
2139 2760 2141 2762 ¹

1370 2767 1502 2812 θησεὺς
1520 2769 1682 2809 καλεῖται,
1701 2770 1762 2803 τοῦ
1779 2768 1860 2815 πρὶν
1876 2768 2006 2815 Αἰγέως
2022 2770 2133 2805 τόκος.

1367 2818 1419 2867 ἆρ’
1438 2820 1479 2855 ἅν
1494 2834 1546 2856 τις
1563 2820 1652 2868 αὐτῷ
1668 2822 1803 2866 πομπὸς
1820 2820 1859 2865 ἐξ
1876 2821 1968 2867 ὑμῶν
1984 2823 2087 2866 μόλοι
2102 2834 2112 2861 ;

1364 2873 1410 2909 ὡς
1425 2873 1511 2920 πρὸς
1527 2873 1562 2908 τί
1577 2873 1689 2917 λέξων
1705 2873 1725 2919 ἢ
1745 2872 1964 2919 καταρτύσων
1979 2875 2098 2918 μολεῖν
2111 2887 2122 2914 ;

1370 2926 1414 2962 ὡς
1432 2926 1473 2961 ἂν
1488 2930 1693 2973 προσαρκῶν
1712 2928 1839 2974 σμικρὰ
1857 2927 1998 2974 κερδάνῃ
2015 2927 2115 2973 μέγα.

1324 3003 1334 3013 .
1367 2979 1422 3014 καὶ
1439 2978 1491 3015 τίς
1506 2979 1592 3026 πρὸς
1609 2978 1730 3027 ἀνδρὸς
1745 2979 1790 3024 μὴ
1807 2980 1998 3022 βλέποντος
2015 2978 2173 3026 ἅρκεσις;

1366 3030 1422 3066 ὅσ’
1441 3031 1482 3066 ἂν
1497 3031 1651 3078 λέγωμεν
1666 3031 1769 3068 πάνθ’
1788 3034 1918 3078 ὁρῶντα
1933 3031 2090 3077 λέξομεν.

1325 3110 1334 3119 .
1367 3081 1476 3124 οἶσθ’,
1495 3083 1522 3118 ὦ
1539 3083 1619 3128 ξέν’,
1640 3085 1685 3122 ὣς
1702 3087 1760 3120 νῦν
1776 3085 1822 3130 μὴ
1841 3085 2003 3131 σφαλῇς;
2032 3083 2170 3131 ε’πείπερ
2187 3080 2220 3119 εἷ

1365 3139 1526 3184 γενναῖος,
1546 3137 1591 3173 ὡς
1609 3137 1724 3178 ἰδόντι,
1743 3138 1834 3182 πλὴν
1850 3140 1912 3172 τοῦ
1929 3137 2096 3182 δαίμονος.

1366 3190 1469 3225 αὐτοῦ
1485 3188 1569 3234 μέν’,
1589 3189 1693 3236 οὗπερ
1711 3190 1875 3234 κάφάνης,
1895 3189 1957 3226 ἕως
1975 3189 2041 3233 ἐγὼ

1366 3240 1438 3276 τοῖς
1454 3239 1564 3276 ἐνθάδ’
1582 3241 1685 3278 αὐτοῦ
1701 3242 1748 3287 μὴ
1766 3242 1836 3279 κατ’
1855 3242 1943 3279 ἄστυ
1962 3241 2122 3287 δημόταις

1368 3292 1460 3336 λέξω
1478 3291 1549 3327 τάδ’
1568 3293 1691 3328 ε’λθών.
1720 3292 1792 3330 οἵδε
1808 3295 1875 3342 γὰρ
1893 3297 2046 3342 κρινοῦσι
2061 3297 2103 3342 δὴ

1370 3343 1401 3379 εἶ
1417 3343 1484 3391 χρή
1503 3359 1546 3380 σε
1562 3346 1706 3391 μίμνειν,
1724 3345 1745 3392 ἢ
1762 3346 1970 3395 πορεύεσθαι
1986 3349 2103 3384 πάλιν.

1369 3396 1396 3431 ὦ
1412 3397 1539 3439 τέκνον,
1557 3396 1578 3442 ἦ
1595 3398 1743 3443 βέβηκεν
1760 3399 1838 3445 ἡμῖν
1855 3403 1874 3436 ὁ
1893 3401 2009 3445 ξένοι-ς

1368 3449 1527 3494 βέβηκεν,
1547 3451 1638 3486 ὥστε
1654 3454 1722 3487 πᾶν
1739 3452 1775 3487 ε’ν
1792 3452 1924 3501 ἡσύχῳ,
1943 3455 2061 3501 πάτερ,

1369 3501 1485 3546 ἔξεστι
1502 3503 1639 3550 φωνεῖν,
1659 3505 1704 3547 ὣς
1721 3505 1803 3550 ε’μοῦ
1819 3508 1922 3551 μόνης
1937 3507 2055 3543 πέλας.

1371 3553 1398 3589 ὦ
1415 3556 1547 3591 πότνιαι
1565 3557 1733 3600 δεινῶπες,
1753 3556 1828 3593 εὖτε
1845 3561 1904 3594 νῦν
1922 3559 2020 3605 ἕδρας

1369 3609 1512 3654 πρώτων
1529 3608 1585 3654 ἐφ’
1604 3609 1696 3653 ὑμῶν
1712 3611 1818 3653 τῆσδε
1834 3613 1897 3656 γῆς
1914 3611 2038 3655 ἔκαμψ’
2058 3611 2136 3657 ἐγὼ,

2263 1521 2302 1551 45

1759 1566 1817 1596 01·
1856 1560 2038 1608 ξυμφορᾶς
2055 1558 2191 1605 ξύνθημ’
2212 1560 2304 1605 ἐμῆς·

2267 1787 2306 1817 50

2269 2042 2306 2074 55

2266 3352 2304 3384 80

2259 3620 2299 3663 35
