2488 3860
160 477 229 509 BA.

159 529 232 562 ΠΡ.

158 634 230 664 ΠΡ.

158 687 228 720 BA.

157 791 230 823 ΠΡ.

157 896 226 930 BA.

156 949 229 980 111².

158 1001 227 1032 BA.

157 1106 229 1138 ΠΡ.

157 1210 226 1243 ΒΔ.

158 1315 230 1348 ΠΡ.

157 1420 226 1451 BA.

156 1525 228 1555 ΠΡ.

157 1681 225 1711 BA.

158 1890 229 1920 ΠΡ.

157 2201 228 2231 ΠΡ.
256 2195 309 2231 ἵνα
326 2196 496 2242 θοῖμάτιον
513 2198 673 2241 σώσαιμι,
692 2197 971 2242 μεθυπεδησάμην

257 2249 439 2294 μιμουμένη
458 2263 500 2284 σε
517 2250 571 2284 καὶ
588 2252 761 2285 κτυποῦσα
777 2251 849 2284 τοῖν
865 2249 982 2284 ποδοῖν
1129 2259 1188 2292 545
1210 2284 1212 2295 y

260 2301 313 2335 καὶ
329 2301 406 2336 τοὺς
421 2301 539 2336 λίθους
555 2301 702 2336 παίουσα
719 2302 760 2346 τῇ
774 2301 950 2347 βακτηρίᾳ.

158 2356 227 2387 BA.
258 2349 352 2387 οἷσθ’
371 2351 430 2387 οὖν
447 2353 680 2389 ἀπολωλεκυῖα
696 2357 810 2400 πυρῶν
827 2353 932 2392 ἑκτέα,

261 2402 300 2438 ὃν
315 2405 401 2450 χρῆν
417 2404 466 2448 ἔμ’
487 2405 524 2448 ἐξ
541 2405 720 2449 ἐκκλησίας
737 2404 909 2451 εἷληφέναι
924 2418 934 2443 ;

159 2460 230 2490 ΠΡ.
261 2457 307 2500 μὴ
325 2456 524 2503 φροντίσῃς·
553 2457 652 2503 ἄρρεν
668 2458 734 2503 γὰρ
752 2458 842 2492 ἔτεκε
858 2456 1002 2492 παιδίον.

158 2513 225 2543 BA.
259 2507 425 2551 ἡκκλησία
438 2521 448 2548 ;
1129 2520 1190 2552 550

163 3502 231 3535 ΒΛ.

953 260 1494 313 ΕΚΚΑΗΣῘΑΖΟΥΣΑῙ.

263 360 300 404 έν
328 368 376 418 τᾷ
401 363 537 417 θορΰβῳ
568 366 622 404 καὶ
648 369 717 406 τοῖς
743 369 862 407 δεινοῖς
887 370 1114 416 ἀνδρειόταται
1140 384 1196 417 γε·

313 420 471 468 γένησθε.

261 470 357 518 αὕτη,
375 472 479 509 πόθεν
495 473 595 519 ἥκεις,
615 474 840 522 Πραξαγόρας
1137 488 1198 520 5²0

877 528 912 563 τί
928 526 970 571 δ’,
990 526 1016 562 ὃ
1032 527 1128 573 μέλε,

263 577 322 617 σοὶ
338 576 434 613 τοῦθ’
446 592 457 619 ;
486 584 554 614 BA.
574 578 595 614 3
611 578 645 615 τί
656 594 714 624 μοι
729 579 817 616 τοῦτ’
833 580 948 620 ε’στίν;
968 581 1013 616 ὥς
1026 579 1194 624 εὐηθικῶς.

258 631 300 664 οὔ
315 644 368 665 τοι
385 631 476 677 παρὰ
492 633 553 665 τοῦ
569 634 692 677 μοιχοῦ
708 646 749 678 γε
766 631 903 677 φήσεις.

952 685 1012 720 οὐκ
1027 682 1112 720 ἴσως

261 735 334 772 ἑνός
350 749 403 781 γε.

436 788 491 823 καὶ
506 787 572 832 μὴν
587 788 775 830 βασανίσω
792 789 886 824 τουτί
901 789 944 835 γε’
959 803 1017 824 σοι

259 839 386 883 ἔξεστι.
415 844 484 874 BA.
499 842 590 880 πῶς,
619 845 689 874 ΠΡ.
708 840 738 874 εἷ
750 842 808 885 τῆς
825 841 976 887 κεφαλῆς
993 841 1057 884 ’όζω
1074 838 1193 887 μύρου.

259 891 294 927 τί
310 891 339 927 δ’
352 904 362 932 ;
390 892 468 937 οὐχὶ
483 893 625 933 βινεῖται
641 892 723 939 γυνὴ
741 893 838 929 κᾶνευ
853 891 981 939 μῦρου;
1131 905 1190 937 525

258 944 298 979 οὗ
315 943 356 988 δὴ
373 943 499 979 τάλαιν’
518 945 637 991 ἔγωγε.

666 1000 737 1033 πῶς
754 995 813 1032 οὖν
829 996 964 1044 ὄρθριον

259 1047 353 1097 ᾤχου
371 1051 482 1093 σιωπῇ
501 1048 671 1093 θοίμάτιον
687 1050 847 1089 λαβοῦσά
863 1064 928 1094 μου
941 1062 950 1090 ;

255 1100 339 1148 γυνῆ
357 1100 400 1146 μέ
416 1115 467 1137 τις
484 1099 611 1148 νύκτωρ
629 1101 743 1147 ἑταίρα
760 1102 814 1136 καὶ
831 1102 919 1147 φίλη

259 1152 488 1199 μετεπέμψατ’
507 1153 686 1188 ὦδίνουσα.

719 1202 787 1251 κᾷτ’
807 1205 867 1240 οὐκ
883 1203 924 1250 ἦν
942 1205 1014 1250 ἐμοὶ

260 1258 448 1305 φράσασαν
465 1257 567 1298 ἶέναι;
1133 1269 1195 1302 530

594 1311 652 1355 τῆς
668 1311 793 1356 λεχοῦς
810 1309 839 1346 δ’
858 1310 897 1344 οὔ
915 1309 1112 1356 φροντίσαι,

260 1360 366 1399 οὕτως
383 1360 540 1408 ἐχούσης,
560 1361 665 1409 ὦνερ;

691 1414 852 1454 εἰποῦσάν
868 1415 909 1462 γε’
924 1429 994 1460 μοι.

259 1465 339 1502 ἀλλ’
357 1468 452 1502 ἔστιν
469 1466 608 1502 ἐνταῦθά
625 1481 657 1501 τι
675 1469 784 1502 κακόν.

811 1519 857 1564 μὰ
874 1519 920 1554 τὼ
938 1518 1014 1558 θεὼ,

259 1571 338 1607 ἀλλ’
358 1572 474 1618 ὥσπερ
492 1568 583 1617 εἶχον
601 1570 746 1620 ᾠχόμην·
776 1571 881 1606 ἐδεῖτο
900 1572 935 1606 δὲ

259 1624 344 1671 ἥπερ
360 1624 484 1669 μεθῆκέ
498 1623 533 1669 μ’
553 1623 672 1668 ἐξιεναι
689 1625 783 1668 πάσῃ
801 1623 915 1670 τέχνῃ.

259 1673 317 1711 εἶτ’
335 1676 376 1711 οὐ
393 1677 432 1711 τὸ
450 1678 575 1721 σαυτῆς
594 1677 722 1721 ἱμάτιον
740 1676 842 1722 ἐχρῆν
860 1676 893 1711 σ’
912 1677 1023 1722 ἔχειν;

261 1727 339 1763 ἀλλ’
357 1726 407 1773 ἔμ’
425 1728 629 1769 ἀποδῦσασᾎ
649 1729 863 1771 ἐπιβαλοῦσα
879 1730 1096 1775 τοῦγκυκλον,

259 1795 352 1829 φχου
370 1780 586 1817 ‹araxen-06&
606 1780 752 1827 ὡσπερεὶ
769 1781 994 1827 προκείμενον,

1131 1687 1189 1720 535

246 1835 361 1878 ’μόνον
377 1832 417 1867 οὔ
435 1832 677 1879 στεφανώσασ’
696 1832 766 1868 οὐδ’
786 1832 939 1869 ἐπιθεῖσα
954 1831 1111 1878 λήκυθον.

261 1885 378 1931 ψῦχος
393 1885 459 1931 γὰρ
476 1883 527 1929 ἦν,
547 1885 613 1932 ἐγὼ
630 1885 667 1920 δὲ
683 1883 791 1930 λεπτὴ
809 1884 983 1930 κάσθενής·

260 1936 368 1971 ἔπειθ’
386 1936 424 1972 ἵν’
445 1937 642 1982 ἀλεαίνοιμι,
661 1936 750 1972 τοῦτ’
769 1935 1000 1983 ἢμπισχόμην·

262 1989 303 2023 σὲ
320 1987 350 2023 δ’
368 1989 404 2024 ἐν
419 1989 503 2035 ἀλέᾳ
521 1990 752 2035 κατακείμενον
769 1992 822 2025 καὶ
840 1991 1037 2036 στρώμασιν

261 2041 450 2081 κατέλιπον,
470 2041 565 2088 ὦνερ.

588 2094 622 2128 αἱ
639 2094 676 2128 δὲ
694 2094 734 2138 δὴ
753 2094 935 2128 Λακωνικαὶ

259 2141 390 2193 «ἔχοντα
406 2145 490 2190 μετὰ
507 2147 573 2180 σοῦ
590 2146 674 2180 κατὰ
690 2147 724 2180 τί
740 2144 785 2190 χῆ
802 2145 966 2190 βακτηρία
982 2157 990 2187 ;

461 2561 508 2604 μὰ
526 2558 593 2600 Δί’,
613 2560 688 2596 ἀλλ’
709 2560 764 2606 ἐφ’
783 2559 822 2606 ἣν
840 2561 1022 2608 ε’γῳχόμην.

261 2611 344 2658 ἀτὰρ
360 2612 532 2658 γεγένηται
546 2625 555 2652 ;

571 2665 623 2700 ναὶ
639 2665 685 2710 μὰ
703 2664 772 2700 Δί’.
800 2665 859 2700 οὐκ
875 2662 1006 2710 ᾔδησθά
1022 2678 1065 2708 με

261 2717 442 2762 φράσαντά
460 2730 517 2751 σοι
534 2716 633 2762 Xois-3

643 2768 718 2814 ἄρτι
734 2768 766 2815 γ’
784 2766 1080 2814 ἀναμιμνήσκομαι.

261 2820 330 2856 οὐδ’
349 2819 414 2866 ἄρα
430 2821 471 2855 τὰ
489 2820 616 2864 δόξαντ’
636 2818 736 2855 οἶσθα
751 2833 760 2860 ;

781 2873 827 2916 μὰ
845 2871 900 2911 Δί’
919 2872 984 2918 ἐγὼ
1001 2872 1061 2919 μὲν
1078 2873 1130 2906 οὕ.

261 2924 389 2969 κάθησο
407 2924 517 2959 τοίνυν
535 2925 657 2968 σηπίας
673 2925 864 2970 μασωμένη.

262 2976 339 3017 ὑμῖν
356 2976 394 3011 δέ
409 2977 499 3021 φασι
516 2976 763 3023 παραδεδόσθαι
779 2975 839 3020 τὸν
855 2977 968 3014 πόλιν.

263 3042 296 3063 τι
314 3029 417 3075 δρᾶνς

1015 3080 1135 3119 τίνων;

218 3158 226 3166 .
262 3132 502 3174 ἁπαξαπάντων
519 3134 584 3166 τῶν
601 3132 682 3166 κατὰ
698 3133 799 3166 πόλιν
814 3132 1026 3178 πραγμάτων.

264 3184 302 3227 νὴ
319 3185 379 3228 τὴν
395 3182 610 3230 Ἀφροδίτην,
628 3183 771 3230 μακαρία
786 3181 857 3228 τᾶρ’
875 3182 895 3227 ἦ
912 3184 1011 3219 πόλις

261 3234 358 3270 ἔσται
374 3235 413 3270 τὸ
430 3237 561 3270 λοιπόν.
616 3240 684 3269 ΒΛ.
713 3235 795 3271 κατὰ
810 3234 845 3269 τί
854 3247 864 3275 ;

877 3287 1017 3325 πολλῶν
1033 3283 1160 3328 ρι’ἷνεκα.

263 3339 303 3374 οὐ
319 3339 385 3385 γὰρ
402 3339 451 3374 ἔτι
467 3341 538 3376 τοῖς
554 3340 726 3383 τολμῶσιν
742 3338 844 3382 αὐτὴν
859 3337 986 3386 αἰσχρὰ
1004 3339 1085 3386 δρᾶν
1129 3342 1189 3382 560

262 3391 358 3426 ἔσται
375 3392 414 3426 τὸ
430 3392 562 3430 λοιπὸν,
582 3390 727 3434 οὐδαμοῦ
744 3390 780 3424 δὲ
797 3391 983 3435 μαρτυρεῖν,

262 3442 302 3477 οῦ
321 3444 557 3489 συκοφαντεῖν.

575 3493 730 3539 μηδαμῶς
746 3494 830 3539 πρὸς
846 3496 912 3533 τῶν
929 3491 1012 3529 θεῶν

260 3546 356 3585 τουτὶ
372 3545 517 3593 ποιήσῃς
531 3545 608 3593 μηδ’
626 3545 743 3595 ἀφέλῃ
761 3559 826 3592 μου
843 3546 901 3588 τὸν
917 3544 1006 3593 βίον.

1212 1695 1215 1702 .
1238 1673 1304 1704 ΠΡ.

1128 2987 1187 3019 555
1209 2971 1212 3000 ¹
1231 2978 1300 3007 ΠΡ.

445 3028 619 3073 ὖφαίνειν;
659 3033 727 3063 ΒΛ.
755 3042 795 3062 ου
812 3042 858 3072 μα
875 3026 943 3066 Δί’,
962 3022 1041 3062 ἀλλ’
1059 3041 1185 3073 αρχειν.
1210 3027 1212 3048 ³

2193 267 2270 318 571

1244 377 1314 406 XO.
1347 368 1372 403 ὦ
1390 369 1530 414 δαιμόνι’
1549 368 1688 415 ἀνδρῶν,
1707 369 1767 414 τὴν
1781 367 1911 416 γυναῖκ’
1925 369 1964 406 ἔα
1979 368 2105 417 λέγειν.

1242 428 1311 457 ΠΡ.
1343 421 1389 465 μὴ
1406 422 1659 466 λωποδυτῆσαι,
1677 422 1721 466 μὴ
1740 422 1879 468 φθονεῖν
1895 424 1964 459 τοῖς
1981 422 2142 468 πλησίον,

1344 473 1388 518 μὴ
1406 474 1532 519 γυμνὸν
1549 470 1644 516 εἶναι,
1662 474 1707 518 μὴ
1724 473 1849 519 πένητα
1864 475 2000 520 μηδένα,

1344 525 1389 570 μὴ
1406 525 1650 572 λοιδορεῖσθαι,
1668 526 1712 570 μὴ
1730 525 2001 572 ’νεχυραζόμενον
2018 527 2147 573 φέρειν.

1243 582 1316 616 XO.
1345 578 1382 622 νὴ
1400 578 1460 613 τὸν
1476 579 1645 618 Ποσειδῶ,
1664 579 1796 624 μεγάλα
1811 580 1856 625 γ’,
1875 579 1905 614 εἶ
1921 579 1966 624 μὴ
1983 578 2166 625 ψεύσεται.

1245 635 1313 667 ΠΡ.
1348 630 1425 664 ἀλλ’
1445 630 1611 676 ἀποφανῶ
1628 630 1737 670 τοῦθ’,
1757 630 1848 665 ὥστε
1865 633 1907 666 σέ
1922 631 1965 677 γε’
1978 646 2036 676 μοι
2053 633 2239 679 μαρτυρεῖν,

1346 682 1400 716 καὶ
1417 685 1537 717 τοῦτον
1553 683 1653 717 αὐτὸν
1669 683 1771 725 μηδεν
1787 674 1987 723 ὀντειπεῖν’
1968 684 2055 728 εμοί.
2213 698 2276 730 570

1349 746 1407 767 ν·’ν
1449 732 1489 776 δὴ
1526 733 1576 768 δεῖ
1610 747 1651 768 σε
1686 734 1811 778 πυκνὴν
1843 734 1952 779 φρενα
1992 737 2045 773 καὶ
2087 738 2276 782 φιλόδημον

1346 781 1499 828 φροντίδ’
1518 783 1740 829 ἐπισταμένην
2118 783 2276 835 [ᾃείρειν

1345 836 1438 869 ταῖσι
1455 835 1652 880 φίλαισιν’
1632 835 1778 881 αμῦνειν.

1345 889 1436 931 κοινῇ
1453 887 1521 934 γὰρ
1538 887 1589 924 ἐπ’
1608 888 1816 934 ευτυχίαισιν

1344 939 1477 984 ἔρχεται
1492 941 1623 986 γνώμης
1641 940 1781 980 ἐπίνοια,
1801 942 1943 985 πολίτην

1342 991 1446 1036 δῆμον
1464 992 1696 1039 ἐπαγλαϊοῦσα

1342 1042 1513 1087 μυρίαισιν
1530 1044 1715 1089 ὦφελίαισι
1731 1045 1823 1085 βίον,
1842 1045 1899 1090 δη-

1340 1093 1441 1129 λοῦσ’
1461 1094 1481 1130 3
1497 1095 1532 1130 τί
1548 1110 1614 1141 περ
1632 1095 1780 1135 δῦναται.
1809 1112 1880 1134 και-

1340 1147 1399 1191 ρὸς
1416 1146 1464 1181 δέ·
1493 1147 1597 1182 δεῖται
1613 1150 1678 1195 γάρ
1695 1163 1728 1183 τι
1747 1150 1863 1195 σοφοῦ
1880 1151 1968 1187 τινὸς
1986 1151 2079 1196 ‘'fw-

1340 1197 1486 1243 ρῆματος
1502 1199 1522 1244 ἡ
1539 1201 1640 1236 πόλις
1657 1200 1760 1246 ἡμῶν.

1341 1251 1433 1285 ἀλλὰ
1448 1251 1582 1298 πέραινε
1598 1254 1699 1297 μόνον

1342 1302 1425 1347 μήτε
1442 1304 1625 1350 δεδραμένα
1641 1304 1717 1351 μήτ’
1734 1306 1780 1342 εἷ-

1338 1355 1461 1400 ρημένα
1477 1371 1531 1391 πω
1547 1359 1722 1405 πρότερον·
1751 1374 1805 1403 μι-

1339 1409 1444 1442 σοῦσι
1460 1409 1527 1455 γὰρ
1544 1408 1584 1453 ἦν
1601 1410 1643 1444 τὰ
1659 1412 1786 1445 παλαιὰ
2210 1423 2271 1461 580

1338 1461 1503 1497 πολλάκις
1520 1461 1671 1498 θεῶνται.
2080 1462 2268 1514 [διανοίαις,

1339 1511 1416 1547 ἀλλ’
1443 1513 1483 1547 οὗ
1508 1514 1663 1559 μέλλειν,
1682 1515 1760 1556 ἀλλ’
1788 1515 1953 1552 ἅπτεσθαι
1975 1531 2028 1553 και
2050 1518 2091 1563 δὴ
2107 1520 2174 1566 χρὴ
2197 1525 2270 1559 ταῖς

1339 1564 1383 1602 ὣς
1412 1565 1452 1600 τὸ
1478 1565 1632 1612 ταχύνειν
1656 1568 1803 1613 χαρίτων
1828 1569 1960 1614 μετέχει
1985 1571 2151 1608 πλεῖστον
2179 1577 2270 1621 παρὰ

1390 1618 1481 1653 τοῖσι
1498 1618 1640 1661 θεαταῖς.

1339 1670 1391 1704 καὶ
1407 1670 1473 1715 μὴν
1489 1670 1542 1707 ὅτι
1564 1687 1625 1717 μεν
1649 1674 1784 1719 χρηστὰ
1802 1674 1926 1718 διδάξω
1943 1675 2107 1712 πιστεύω·
2136 1677 2214 1715 τοὺς
2231 1681 2267 1715 δὲ

1390 1722 1519 1764 θεατὰς,

1336 1774 1364 1808 εἷ
1382 1778 1586 1821 καινοτομεῖν
1604 1777 1828 1822 ἐθελήσουσιν
1845 1780 1897 1814 καὶ
1914 1779 1959 1824 μὴ
1977 1782 2047 1818 τοῖς
2070 1779 2173 1826 ἠθάσι
2189 1785 2266 1819 λίαν

1340 1829 1408 1864 τοῖς
1434 1828 1585 1876 ἀρχαίοις
1611 1830 1838 1877 ἐνδιατρίβειν,
1858 1832 1946 1867 τοῦτ’
1969 1832 2046 1867 ἔσθ’
2071 1833 2090 1868 ὃ
2115 1835 2264 1879 μάλιστα

1384 1880 1527 1916 δέδοικα.

2211 426 2272 469 5⁶5

1246 736 1317 766 XO.

2213 1010 2271 1043 575

1992 1891 2052 1930 5⁸⁵
2085 1882 2205 1934 [γὰρ
2187 1890 2266 1933 ημῖν

1132 1950 1192 1982 540
1233 1935 1297 1964 Βὶ.
1330 1932 1406 1976 περι
1422 1947 1483 1977 μεν
1500 1933 1611 1969 τοίνυν
1636 1937 1695 1971 τοῦ
1719 1939 1922 1980 καινοτομεῖν
1938 1952 1983 1982 μη
2008 1939 2135 1982 &lanf
2163 1942 2262 1975 τοῦτο

1333 1981 1415 2027 δρᾶν
1448 1982 1517 2018 ἄντ’
1551 1984 1658 2029 ἄλλης
1692 1986 1797 2032 ἀρχῆς
1825 1987 1928 2026 ἐστιν,
1960 1992 2026 2023 τῶν
2051 1983 2081 2018 δ’

2111 1989 2260 2035 ἀρχαίων

1384 2034 1562 2080 ἀμελῆσαι.

1231 2089 1301 2119 ΠΡ.
1333 2085 1378 2130 μή
1397 2101 1453 2121 νυν
1478 2091 1641 2135 πρότερον
1666 2091 1817 2134 μηδεὶς”
1801 2095 1891 2135 υμῶν
1915 2092 2050 2137 ἀντείπῃ
2075 2091 2150 2139 μηδ
2178 2093 2259 2130 ὕπο·

1384 2137 1524 2185 κροῦση,

1332 2204 1410 2236 πριν
1435 2192 1638 2228 ἐπίστασθαι
1655 2195 1713 2238 τὴν
1740 2196 1884 2231 ἐπίνοιαν
1910 2197 1963 2231 καὶ
1989 2200 2048 2232 τοῦ
2073 2199 2260 2245 φράζοντος

1383 2243 1535 2280 ἀκοῦσαι.

1333 2298 1497 2331 κοινωνεῖν
1522 2299 1587 2344 γὰρ
1613 2299 1736 2335 πάντας
1762 2300 1866 2346 φήσω
1891 2304 2012 2348 χρῆναι
2044 2303 2176 2338 πάντων
2197 2318 2257 2349 με·

1382 2346 1551 2393 τέχοντας,
2198 2370 2261 2402 590

1333 2399 1392 2434 κάκ
1418 2401 1539 2436 ταύτοῦ
1566 2403 1625 2446 ζῆν
1647 2403 1699 2437 καὶ
1724 2404 1769 2448 μὴ
1796 2406 1853 2440 τὸν
1878 2407 1939 2450 μὲν
1963 2409 2132 2448 πλουτεῖν,
2152 2409 2210 2443 τὸν
2229 2408 2258 2443 δ’

1382 2451 1501 2488 αθλιον
1518 2451 1610 2497 εἶναι,

1333 2504 1415 2548 μηδε
1440 2508 1599 2552 γεωργεῖν
1621 2509 1679 2542 τὸν
1704 2508 1764 2552 μὲν
1785 2510 1996 2558 πολλὴν,τῷ
2021 2511 2050 2546 δ’
2075 2509 2156 2548 εἶναι
2179 2514 2259 2558 μηδὲ

1383 2558 1540 2602 ταφῆναι·

1331 2608 1406 2653 μηδ’
1425 2609 1642 2656 ἀνδραπόδοις
1659 2614 1717 2647 τὸν
1734 2628 1794 2657 μεν
1809 2614 1958 2660 χρῆσθαι
1980 2617 2136 2661 πολλοῖς,
2155 2618 2214 2652 τὸν
2231 2618 2260 2652 δ’

1383 2660 1453 2696 οὐδ’
1471 2662 1657 2712 ἀκολουθῳ·

1332 2712 1410 2747 ἀλλ’
1441 2713 1497 2748 ἕνα
1526 2719 1610 2750 ποιῶ
1642 2718 1749 2751 κοινὸν
1775 2719 1880 2752 πᾶσιν
1906 2719 2026 2762 βίοτον
2061 2722 2114 2756 καὶ
2142 2724 2261 2758 τοῦτον

1383 2763 1509 2811 ὅμοιον.

1231 2820 1298 2851 BA.
1330 2819 1401 2852 πῶς
1417 2816 1477 2852 οὖν
1493 2819 1588 2854 ἔσται
1606 2821 1713 2856 κοινὸς
1729 2821 1876 2862 ἅπασινς
2197 2839 2258 2873 595

1229 2873 1300 2903 ΠΡ.
1693 2870 1822 2908 κατέδει
1834 2874 1983 2910 πέλεθον
1997 2877 2161 2925 πρότερός
2177 2894 2254 2924 μοι.

1230 2926 1298 2955 ΒΛ.
1332 2921 1385 2955 καὶ
1401 2925 1466 2957 τῶν
1480 2920 1629 2957 πελέθων
1647 2927 1885 2968 κοινωνοῦμεν;

1608 2975 1656 3020 μὰ
1673 2975 1742 3015 Δί’,
1761 2976 1840 3013 ἀλλ’
1858 2978 1966 3024 εφθης
1981 2979 2016 3025 μ’
2035 2980 2258 3029 ὑποκροῦσας.

1332 3026 1430 3059 τοῦτο
1447 3028 1512 3071 γὰρ
1529 3027 1678 3071 ἤμελλον
1696 3029 1761 3074 ἐγὼ
1778 3029 1901 3073 λεξειν·
1930 3031 1990 3076 τὴν
2006 3034 2071 3079 γῆν
2087 3035 2260 3078 πρώτιστα

1382 3076 1515 3121 ποιήσω

1333 3128 1442 3172 κοινὴν
1458 3130 1589 3164 πάντων
1606 3144 1658 3166 και
1668 3145 1847 3179 ταργυριον
1864 3136 1917 3169 καὶ
1935 3135 2032 3171 τᾶλλ’
2052 3137 2151 3173 ὁπόσ’
2165 3139 2260 3175 ἐστὶν

1383 3181 1524 3229 εκάστω.

1332 3228 1390 3266 εἶτ’
1416 3232 1482 3267 άπὸ
1506 3247 1632 3269 τουτων
1659 3239 1774 3271 κοινῶν
1797 3237 1901 3273 ὄντων
1922 3238 2014 3283 ἡμεις
2039 3240 2258 3288 βοσκήσομεν

1382 3283 1466 3328 ὑμᾶς

1333 3337 1559 3380 ταμιευόμεναι
1583 3339 1635 3373 καὶ
1653 3340 1844 3385 φειδόμεναι
1869 3344 1921 3377 καὶ
1939 3343 1997 3387 τὴν
2018 3345 2150 3389 γνώμην
2172 3360 2256 3391 προ-

1383 3401 1560 3432 σεχουσαι.
2199 3403 2260 3432 600

1231 3441 1297 3472 BA.
1330 3441 1400 3474 πῶς
1417 3438 1476 3473 οὖν
1492 3438 1588 3476 ὅστις
1603 3442 1648 3486 μὴ
1675 3444 1824 3487 κέκτηται
1841 3447 1904 3490 γῆν
1926 3445 2026 3489 ἡμῶν,
2046 3446 2204 3494 ἀργύριον
2222 3450 2256 3483 δὲ

1208 3524 1214 3574 ¹
1333 3490 1386 3526 καὶ
1405 3493 1594 3538 Δαρεικοὺς,
1613 3494 1725 3540 ἀφανῆ
1744 3498 1914 3533 πλοῦτονς

1232 3546 1301 3579 ΠΡ.

1732 3545 1820 3582 τοῦτ’
1840 3548 1872 3584 ἐς
1891 3550 1928 3584 τὸ
1945 3548 2052 3594 μέσον
2069 3550 2258 3602 καταθήσει,
