2488 3860
245 244 326 290 250

244 1461 311 1492 TA.

246 1671 316 1701 ΕΚ.

244 1776 310 1805 TA.

243 1828 315 1858 ΕΚ.

243 1933 308 1964 ΤΑ.

244 1986 313 2015 ΕΚ.

243 2091 309 2120 ΤΑ.

245 2143 315 2172 ΕΚ.

244 2247 311 2277 ΤΑ.

244 2407 309 2437 TA.

243 2459 315 2488 EK.

243 2563 310 2592 TA.

244 2615 313 2645 ΕΚ.

243 2772 312 2803 TA.

244 2824 314 2854 ΕΚ.

244 2876 325 2921 TA..

245 2929 314 2959 ΕΚ.

245 2981 310 3010 TA.

246 3033 315 3063 ΕΚ.

247 3189 314 3220 ΤΑ.

246 3242 319 3271 ΕΚ.

247 3295 316 3324 TA.

247 3347 321 3376 ΕΚ.

248 3450 316 3480 ΤΑ.

249 3502 318 3533 ΕΚ.

1147 254 1472 296 ΕΥΡΙΠΙΔΟΥ

343 353 406 392 τὸν
422 357 564 401 Πηνειοῦ
583 356 709 403 σεμνὰν
721 358 848 406 χώραν,

346 410 475 455 κρηπῖδ’
496 409 680 456 Οὐλύμπου
698 410 899 452 καλλίσταν,

348 461 445 509 ὅλβῳ
462 461 595 508 βρίθειν
612 463 730 508 φάμαν
746 463 862 509 ἤκουσ’

342 510 480 548 εὐθαλεῖ
496 513 526 548 τ’
547 515 733 561 εὐκαρπείᾳ·

342 566 422 601 τάδε
443 566 580 614 δεύτερά
597 581 655 612 μοι
670 569 755 613 μετὰ
772 569 832 603 τὰν
851 568 941 614 ἱερὰν

345 617 484 663 Θησέως
502 620 619 662 ζαθέαν
637 620 750 655 ἐλθεῖν
766 616 892 667 χώραν.

345 671 398 705 καὶ
415 671 476 705 τὰν
495 672 650 707 Αἰτναίαν
667 672 863 719 Ἡφαίστου
1226 687 1287 709 220

347 724 499 760 Φοινίκας
516 724 638 772 ἀντήρη
655 727 780 772 χώραν,

345 776 491 811 Σικελῶν
509 776 613 824 ὀρέων
629 778 753 824 ματέρ’,
773 777 882 813 ἀκούω

346 827 578 876 κηρύσσεσθαι
598 831 781 876 στεφάνοις
798 830 927 876 ἀρετᾶς·

345 883 406 916 τάν
422 881 452 915 τ’
472 881 745 929 ἀγχιστεύουσαν
761 885 825 929 γᾶν
1227 895 1284 927 225

346 933 452 982 Ἰονίῳ
471 936 576 969 ναίοιν
592 936 716 982 πόντῳ,

346 985 387 1021 ἂν
404 987 552 1032 ὑγραίνει
571 985 803 1022 καλλιστεύων

347 1041 366 1073 ὁ
385 1038 508 1082 ξανθὰν
524 1040 644 1085 χαίταν
660 1040 853 1086 πυρσαίνων

348 1091 483 1137 Κρᾶθις,
505 1092 635 1135 ζαθέαις
651 1094 795 1138 παγαῖσι
813 1090 947 1138 τρέφων

348 1144 504 1190 εὔανδρόν
516 1143 547 1178 τ’
568 1144 716 1187 ὀλβίζων
732 1145 806 1190 γᾶν.

347 1197 400 1230 καὶ
417 1197 482 1240 μὴν
501 1201 637 1231 Δαναῶν
655 1195 704 1230 ὅδ’
724 1195 790 1231 ἀπὸ
809 1197 968 1242 στρατιᾶς
1226 1209 1286 1239 230

347 1248 462 1294 κῆρυξ,
481 1252 631 1294 νεοχμῶν
647 1247 761 1293 μύθων
777 1248 906 1293 ταμίας,

347 1301 476 1345 στείχει
493 1300 663 1346 ταχύπουν
680 1299 773 1346 ’ίχνος
791 1298 944 1343 ἐξανύων.

345 1353 380 1387 τί
397 1352 515 1399 φέρεις
542 1354 575 1388 τί
592 1353 707 1399 λέγει;
737 1353 855 1387 δοῦλαι
872 1353 938 1398 γὰρ
957 1351 996 1396 δὴ

347 1406 496 1451 Δωρίδος
515 1405 616 1450 ε’σμὲν
632 1404 755 1450 χθονὸς
772 1405 843 1449 ἤδη.

347 1457 486 1502 Ἑκάβη,
505 1458 629 1493 πυκνὰς
646 1458 712 1503 γὰρ
731 1454 833 1492 οἶσθά
849 1456 884 1501 μ’
906 1457 939 1492 ἐς
955 1455 1078 1503 Τροίαν
1095 1456 1193 1494 ὁδοὺς
1225 1469 1283 1502 235

347 1509 489 1544 ἐλθόντα
508 1508 618 1556 κήρυκ’
639 1509 678 1553 ἐξ
696 1507 869 1555 Ἀχαιῖκοῦ
889 1511 1046 1555 στρατοῦ,

348 1562 556 1608 ἐγνωσμένος
574 1563 610 1597 δέ
629 1563 682 1597 καὶ
699 1561 841 1608 πάροιθέ
859 1575 927 1605 σοι,
945 1560 1052 1608 γύναι,

348 1613 541 1655 Ταλθύβιος
558 1614 638 1659 ἥκω,
658 1614 769 1648 καινὸν
786 1614 965 1660 ἀγγέλλων
982 1614 1097 1660 λόγον.

344 1667 421 1701 τόδε
438 1668 525 1708 τόδε,
545 1667 647 1712 φίλαι
664 1668 827 1712 γυναῖκες,

347 1718 366 1753 ὃ
384 1719 498 1764 φόβος
515 1717 555 1762 ἦν
571 1733 629 1764 μοι
646 1720 762 1754 πάλαι.

348 1772 409 1816 ἤδη
429 1770 649 1818 κεκλήρωσθ’,
668 1771 698 1805 εἶ
715 1770 784 1806 τόδ’
802 1769 843 1814 ἦν
859 1771 937 1816 ὑμῖν
953 1771 1075 1817 φόβος.
1225 1785 1285 1815 240

343 1824 422 1859 αἶαῖ.
458 1823 520 1858 τίν’
540 1823 559 1868 ἢ
579 1824 776 1860 Θεσσαλίας
791 1824 893 1859 πόλιν
909 1822 929 1868 ἢ

347 1875 491 1912 Φθιάδος
508 1873 602 1912 εἶπας
619 1875 639 1921 ἢ
660 1876 825 1921 Καδμείας
841 1875 964 1922 χθονός
974 1890 986 1916 ‚·

346 1929 417 1963 κατ’
436 1927 529 1974 ἄνδρ’
549 1930 672 1973 ἑκάστη
692 1928 775 1974 κούχ
794 1930 877 1973 ὁμοῦ
895 1930 1099 1975 λελόγχατε.

341 1979 404 2016 τίν’
424 1980 488 2027 ἄρα
505 1981 555 2017 τίς
572 1981 679 2026 ἔλαχε
689 1996 700 2022 ;
727 1982 801 2016 τίνα
817 1982 943 2026 πότμος
962 1980 1104 2026 εὐτυχὴς

349 2033 503 2068 Ἰλιάδων
520 2033 610 2078 μένει
624 2050 635 2074 ,-
1227 2047 1285 2079 245

346 2083 423 2120 οἷδ’·
450 2083 531 2120 ἀλλ’
553 2086 678 2121 ἕκαστα
694 2085 873 2129 πυνθάνου,
891 2085 936 2130 μὴ
954 2084 1051 2121 πάνθ’
1070 2087 1165 2131 ὁμοῦ.

345 2138 467 2183 τούμὸν
485 2138 522 2172 δέ
539 2138 590 2174 τίς
607 2138 658 2185 ἄρ’
679 2138 784 2183 ἔλαχε
801 2138 904 2178 τέκος,
924 2138 1048 2179 ἔννεπε,

347 2191 497 2235 τλάμονα
516 2191 737 2237 Κασάνδραν,·

350 2239 519 2289 ἐξαίρετόν
536 2257 586 2278 νιν
603 2243 729 2284 ἔλαβεν
750 2241 967 2289 Ἀγαμέμνων
984 2242 1082 2288 ἄναξ.

342 2293 364 2341 ἦ
383 2298 424 2343 τᾷ
442 2296 682 2340 Λακεδαιμονίᾳ
700 2293 814 2340 νύμφᾳ

348 2348 472 2385 δούλαν
483 2363 496 2391 ,·
524 2346 607 2392 ὦμοι-
625 2361 691 2392 μοι.

346 2401 416 2443 οὒκ,
436 2402 527 2437 ἀλλὰ
546 2399 696 2446 λέκτρων
713 2401 832 2434 σκότια
849 2397 1090 2447 νυμφευτήρια.

343 2453 363 2497 ἦ
381 2455 442 2489 τὰν
458 2457 518 2489 τοῦ
536 2452 666 2497 Φοίβου
683 2451 858 2498 παρθένον,
877 2449 899 2497 ᾇ
916 2454 1018 2499 γέρας
1034 2454 1053 2486 ὁ

346 2509 561 2552 χρυσοκόμας
579 2502 677 2542 ἔδωκ’
697 2505 859 2549 ἄλεκτρον
877 2505 954 2546 ζόαν
964 2519 975 2544 ;

349 2559 431 2604 ἔρως
449 2558 599 2602 ἐτόξευσ’
620 2559 721 2594 αὐτὸν
741 2556 854 2591 ἐνθέου
872 2558 978 2600 κόρης.
1227 2570 1263 2602 25
1270 2571 1286 2602 5

340 2610 450 2657 ῥῖπτε,
468 2611 593 2654 τέκνον,
616 2611 752 2654 ζαθέους

348 2664 472 2707 κλῇδας
491 2665 544 2699 καὶ
562 2663 628 2698 ἀπὸ
645 2664 749 2711 χροὸς
767 2661 820 2698 ε’ν-

349 2715 454 2749 δυτῶν
473 2715 628 2761 στεφέων
647 2716 753 2763 ἱεροὺς
771 2714 954 2761 στολμούς.

346 2768 385 2801 οὐ
402 2768 468 2814 γὰρ
485 2765 560 2814 μέγ’
581 2768 660 2813 αὐτῇ
679 2769 868 2811 βασιλικῶν
886 2767 1034 2812 λέκτρων
1050 2767 1185 2812 τυχεῖν,·

662 2820 671 2832 5
702 2820 709 2832 9
740 2822 746 2832 δ
779 2821 788 2831 Ι

1223 2307 1287 2339 250
1308 2317 1311 2382 y

349 2871 543 2916 Πολυξένην
563 2873 692 2916 ἔλεξας,
712 2872 731 2917 ἦ
750 2870 812 2908 τίν’
835 2874 980 2919 ἱστορεῖς
991 2885 1003 2911 3
1229 2874 1288 2907 260

341 2926 388 2971 τῷ
405 2925 513 2959 πάλος
530 2924 682 2968 ἔζευξεν,-

347 2975 466 3023 τύμβῳ
483 2976 634 3012 τέτακται
650 2979 862 3023 προσπολεῖν
880 2976 1078 3022 Ἀχιλλέως.

343 3026 426 3073 ὤμοι
445 3028 519 3074 ε’γώ.
556 3029 655 3076 τάφῳ
673 3031 874 3076 πρόσπολον
891 3030 1058 3074 ἐτεκόμαν.
1228 3032 1286 3074 265

350 3080 434 3126 ἀτὰρ
451 3080 502 3116 τίς
520 3080 568 3115 ὅδ’
588 3080 607 3125 ἢ
627 3082 725 3125 νόμος
741 3080 761 3126 ἢ

349 3133 384 3166 τί
401 3131 552 3177 θέσμιον,
572 3132 598 3166 ὦ
616 3133 731 3176 φίλος,
751 3133 924 3169 Ἑλλάνων
935 3149 946 3174 ,-

350 3184 552 3229 εὐδαιμόνιζε
568 3185 670 3219 παῖδα
689 3184 763 3229 σήν·
791 3187 862 3231 ἔχει
881 3187 998 3222 καλῶς.

347 3236 382 3271 τί
397 3233 466 3271 τόδ’
486 3237 625 3277 ἔλακες;
653 3235 717 3282 ἆρά
734 3251 790 3282 μοι
808 3237 922 3272 ἀέλιον
939 3236 1083 3274 λεύσσει
1093 3252 1105 3278 ,·

354 3289 424 3333 ἔχει
441 3291 567 3333 πότμος
585 3302 644 3331 νιν,
664 3289 746 3323 ὥστ’
766 3289 983 3334 ἀπηλλάχθαι
1000 3292 1119 3326 πόνων.
1226 3299 1289 3334 270

357 3340 418 3375 τίν’
439 3343 461 3374 ἁ
478 3341 514 3375 δὲ
532 3343 591 3375 τοῦ
609 3342 869 3387 χαλκεομίτορος
881 3342 1041 3388 Ἕκτορος
1059 3344 1179 3388 δάμαρ,

352 3390 566 3437 Ἀνδρομάχα
583 3393 732 3435 τάλαινα,
751 3390 814 3426 τίν’
834 3393 905 3437 ἔχει
923 3393 1053 3438 τύχανς

353 3444 406 3479 καὶ
423 3441 514 3487 τήνδ’
535 3442 722 3488 Ἀχιλλέως
739 3444 846 3485 ἔλαβε
863 3447 942 3481 παῖς
960 3445 1138 3492 ἐξαίρετον.

353 3496 419 3542 ἐγὼ
437 3496 474 3530 δὲ
491 3499 537 3544 τῷ
555 3497 765 3542 πρόσπολος,
784 3499 806 3530 ἁ
823 3498 1063 3543 τριτοβάμονος
1079 3499 1156 3546 χερὶ
1226 3509 1284 3543 275

352 3548 509 3593 δευομένα
525 3548 673 3595 βάκτρου
690 3551 811 3596 γεραιῷ
832 3549 935 3595 κάρᾳ,-

1331 1097 1401 1126 ΧΟ.

1330 1202 1396 1232 TA.

1332 1936 1400 1967 KA.
1429 1930 1541 1974 ἄνεχε,
1560 1931 1699 1975 πάρεχε,
1718 1929 1793 1975 φῶς
1810 1930 1906 1976 φέρε·
1935 1928 2041 1971 σέβω,
2060 1926 2192 1975 φλέγω,

1213 359 1286 394 ἀντ.
1330 366 1395 395 ΤΑ.
1425 358 1561 394 Ἴθακος
1578 353 1766 393 Ὀδυσσεὺς
1783 353 1882 402 ἔλαχ’
1901 354 1984 400 ἄναξ
2001 353 2125 402 δούλην
2142 352 2179 396 σ’
2197 354 2300 404 ἔχων.

1227 426 1285 456 215
1332 418 1402 448 ΕΚ.
1431 410 1449 445 ἔ
1467 411 1491 445 ἔ.

1433 463 1567 509 ἄρασσε
1585 462 1690 508 κρᾶτα
1707 458 1873 507 κούριμον,

1434 513 1507 550 ἕλκ’
1525 512 1690 559 ὀνύχεσσι
1708 513 1870 559 δίπτυχον
1885 514 2034 561 παρειάν.
2310 517 2369 551 280

1434 568 1472 602 ἶώ
1490 567 1548 612 μοί
1565 580 1634 611 μοι.

1432 620 1573 667 μυσαρῷ
1593 617 1696 666 δολίῳ
1714 633 1751 653 τε
1767 618 1926 665 λέλογχα
1942 618 2032 665 φωτὶ
2046 616 2217 659 δουλεύειν

1432 671 1583 719 πολεμίῳ
1602 670 1704 712 δίκας,
1723 672 1902 719 παρανόμῳ
1920 671 2023 714 δάκει,

1433 724 1470 761 ὃς
1486 724 1596 759 πάντα
1612 722 1763 758 τάκεῖθεν
1780 722 1890 763 ἐνθάδ’
2310 727 2368 769 285

1432 774 1585 812 ἀντίπαλ’
1604 774 1699 812 αὖθις
1717 775 1827 816 ἐκεῖσε
1844 775 1993 824 διπτύχῳ
2009 776 2158 823 γλώσσᾳ

1432 829 1522 875 φίλα
1538 828 1581 863 τὰ
1597 825 1733 875 πρότερ’
1752 827 1862 874 ἄφιλα
1879 828 2047 874 τιθέμενος
2063 829 2208 864 πάντων.

1431 880 1567 928 γοᾶσθ’,
1587 879 1613 914 ὦ
1631 880 1793 928 Τρῳάδες,
1811 895 1862 926 με.

1432 933 1566 976 βέβακα
1583 930 1786 977 δύσποτμος,
1806 931 1940 978 οἴχομαι
2309 945 2372 980 290

1433 988 1454 1019 ἁ
1471 985 1612 1028 τάλαιν’,
1632 983 1655 1020 ἃ
1672 985 1934 1033 δυστυχεστάτῳ

1432 1037 1654 1084 προσέπεσον
1671 1036 1795 1086 κλήρῳ.

1431 1091 1470 1124 τὸ
1488 1090 1549 1134 μὲν
1568 1091 1631 1125 σὸν
1649 1086 1762 1131 οἶσθα,
1779 1091 1908 1131 πότνια,
1927 1090 1986 1128 τὰς
2004 1087 2034 1125 δ’
2055 1089 2135 1134 ἐμὰς
2151 1086 2255 1134 τύχας

1431 1142 1482 1178 τίς
1500 1141 1554 1188 ἆρ’
1575 1141 1720 1188 Ἀχαιῶν
1738 1141 1758 1187 ἢ
1776 1143 1827 1179 τίς
1843 1141 2016 1187 Ἐλλήνων
2033 1142 2126 1188 ἔχεις

1433 1193 1486 1236 ἴτ’,
1507 1195 1688 1239 ἐκκομίζειν
1706 1194 1804 1240 δεῦρο
1823 1195 2023 1240 Κασάνδραν
2038 1194 2149 1240 χρεὼν

1434 1246 1518 1282 ὅσον
1534 1248 1690 1292 τάχιστα,
1708 1247 1824 1291 δμῶες,
1844 1248 1889 1285 ὡς
1906 1246 2120 1293 στρατηλάτῃ
2312 1259 2370 1292 295

1434 1301 1467 1335 ἐς
1484 1301 1582 1345 χεῖρα
1599 1297 1677 1335 δούς
1695 1313 1744 1334 νιν
1762 1295 1832 1335 εἶτα
1849 1300 1908 1336 τὰς
1925 1297 2122 1345 εἰληγμένας

1434 1353 1487 1386 καὶ
1505 1353 1615 1386 τοῖσιν
1632 1351 1752 1388 ἄλλοις
1768 1350 2024 1397 αἰχμαλωτίδων
2040 1350 2125 1397 ἄγω.

1434 1405 1482 1445 ἔα,
1502 1403 1535 1438 τί
1552 1402 1674 1447 πεύκης
1691 1404 1785 1439 ἔνδον
1801 1402 1929 1442 αἴθεται
1947 1403 2057 1440 σέλας
2067 1417 2079 1443 3

1433 1458 1622 1502 πιμπρᾶσιν
1639 1455 1658 1500 ἢ
1677 1456 1711 1491 τί
1729 1456 1836 1502 δρῶσι
1853 1456 2006 1504 Τρῳάδες
2022 1454 2160 1501 μυχοὺς,

1437 1509 1481 1544 ὡς
1499 1507 1680 1555 ἐξάγεσθαι
1697 1508 1802 1552 τῆσδε
1818 1509 2014 1553 μέλλουσαι
2030 1507 2154 1554 χθονὸς
2309 1521 2372 1551 300

1434 1563 1518 1607 πρὸς
1529 1558 1668 1606 '‘Ap-yos,
1686 1561 1794 1596 αὑτῶν
1810 1558 1841 1595 τ’
1863 1562 2045 1607 ἐκπυροῦσι
2063 1561 2212 1605 σώματα,

1435 1613 1546 1648 θανεῖν
1564 1612 1752 1653 θέλουσαι,·
1779 1614 1883 1660 κάρτα
1899 1627 1952 1649 τοι
1967 1611 2189 1659 τούλεύθερον

1437 1666 1472 1702 ἐν
1488 1667 1558 1703 τοῖς
1574 1663 1737 1705 τοιούτοις
1754 1666 1940 1713 δυσλόφως
1957 1666 2055 1711 φέρει
2073 1665 2167 1705 κακά.

1435 1718 1540 1766 ἄνοιγ’
1561 1719 1684 1766 ἄνοιγε,
1703 1719 1748 1765 μὴ
1766 1720 1806 1755 τὸ
1822 1720 1941 1756 ταῖσδε
1957 1718 2173 1766 πρόσφορον,

1435 1771 1558 1817 ε’χθρὸν
1576 1771 1604 1806 δ’
1626 1771 1786 1817 Ἀχαιοῖς,
1805 1773 1852 1809 εἷς
1870 1771 1919 1818 ἔμ’
1939 1768 2046 1807 αἶτίαν
2062 1770 2168 1815 βάλῃ.
2308 1781 2370 1814 305

1332 1829 1403 1862 ΕΚ.
1432 1825 1491 1859 οὐκ
1509 1825 1612 1866 ἔστιν,
1633 1824 1671 1858 οὐ
1689 1826 1890 1871 πιμπρᾶσιν,
1908 1823 2000 1862 ἀλλὰ
2015 1825 2095 1864 παῖς
2113 1821 2174 1868 ἐμὴ

1434 1877 1551 1922 μαινὰς
1569 1876 1680 1920 θοάζει
1698 1876 1796 1923 δεῦρο
1815 1877 1996 1923 Κασάνδρα
2014 1876 2136 1923 δρόμῳ.
2301 1911 2306 1919 ,

2294 1940 2370 1973 στρ.

1435 1981 1508 2016 ἰδοὺ
1527 1981 1609 2022 ἰδοὺ,

1432 2035 1590 2079 λαμπάσι
1607 2034 1676 2068 τόδ’
1698 2035 1798 2080 ἱερόν.
2309 2037 2371 2068 3¹0

1433 2085 1546 2131 Ὑμὴν,
1565 2085 1591 2120 ὦ
1608 2084 1750 2130 Ὑμέναι’
1769 2085 1862 2129 ἄναξ,
2301 2095 2304 2098 ”

1434 2139 1593 2184 μακάριος
1611 2141 1629 2172 ὁ
1646 2138 1803 2185 γαμέτας,

1434 2190 1577 2236 μακαρία
1595 2189 1623 2225 δ’
1644 2192 1709 2237 ἐγὼ
1726 2191 1919 2233 βασιλικοῖς
1936 2190 2089 2235 λέκτροις

1436 2243 1506 2278 κατ’
1517 2242 1646 2290 ’Ἄργος
1664 2246 1685 2278 ἁ
1699 2241 1903 2290 γαμουμένα.

1434 2295 1547 2340 Ὑμὴν,
1567 2294 1592 2329 ὦ
1609 2293 1752 2341 Ὑμέναι’
1772 2294 1869 2338 ἄναξ.

1435 2348 1507 2383 ἐπεὶ
1525 2347 1581 2387 σὺ,
1600 2349 1716 2395 μᾶτερ,
1736 2347 1790 2383 ἐπὶ
1809 2347 1950 2394 δάκρυσι
1967 2346 2023 2384 καὶ
2309 2356 2370 2389 315

1434 2401 1548 2447 γόοισι
1566 2401 1624 2434 τὸν
1642 2399 1782 2435 θανόντα
1798 2401 1926 2446 πατέρα
1941 2398 2085 2446 πατρίδα
2101 2411 2139 2432 τε

1435 2454 1542 2499 φίλαν
1560 2451 1799 2488 καταστένουσ’
1820 2452 1922 2497 ἔχεις,

1437 2506 1502 2552 ἐγὼ
1519 2503 1590 2540 τόδ’
1611 2505 1665 2540 ἐπὶ
1682 2506 1802 2551 γάμοις
1819 2504 1911 2549 ἐμοῖς

1435 2558 1617 2603 ἀναφλέγω
1633 2558 1739 2604 πυρὸς
1755 2557 1830 2603 φῶς
2309 2565 2372 2596 320

1436 2611 1470 2646 ἐς
1487 2610 1603 2656 αὐγὰν,
1624 2610 1657 2646 ἐς
1674 2608 1808 2656 αἴγλαν,

1435 2662 1550 2708 Ὑμὴν,
1571 2661 1597 2696 ὦ
1613 2660 1774 2707 Ὑμέναιε,
1795 2660 1863 2699 σοι’.

1437 2715 1530 2749 δίδου
1548 2713 1592 2755 δ’,
1610 2713 1637 2748 ὦ
1652 2714 1786 2758 Ἑκάτα,
1806 2715 1906 2762 φάος,

1435 2766 1607 2814 παρθένων
1625 2768 1680 2803 ἐπὶ
1696 2768 1861 2814 λέκτροις,
1880 2765 1903 2801 ἃ
1920 2767 2019 2812 νόμος
2035 2764 2119 2811 ἔχει.

1434 2820 1547 2855 πάλλε
1564 2818 1640 2855 πόδ’
1658 2819 1815 2865 αἰθέριον,
1835 2820 1937 2866 ἄναγε
1953 2819 2068 2865 χορὸν,
2089 2826 2108 2848 ⁸

1435 2872 1512 2906 εὗὰν
1530 2873 1612 2913 εὐοῖ,

1435 2925 1480 2960 ὡς
1498 2925 1552 2960 ἐπὶ
1569 2925 1696 2972 πατρὸς
1713 2924 1795 2970 ἐμοῦ

1434 2979 1697 3023 μακαριωτάταις
1713 2976 1839 3023 τύχαις.

1435 3030 1453 3062 ὁ
1471 3029 1574 3076 χορὸς
1593 3028 1699 3074 ὅσιος,
1719 3038 1739 3058 ⁶

1434 3081 1495 3127 ἄγε
1514 3082 1559 3117 σὺ
1577 3082 1682 3123 Φοῖβέ
1699 3095 1759 3117 νιν·
1788 3080 1871 3117 κατὰ
1889 3079 1953 3119 σὸν
1970 3077 2006 3119 ἐν
2022 3077 2165 3124 δάφναις

1435 3132 1616 3181 ἀνάκτορον
1633 3133 1805 3179 θυηπολῶ,
2245 3150 2249 3155 ’
2310 3139 2372 3171 330

1434 3185 1548 3231 Ὑμὴν,
1568 3185 1594 3220 ὦ
1610 3185 1768 3232 Ὑμέναι’,
1785 3184 1899 3232 Ὑμήν.

1431 3240 1565 3284 χόρευε,
1584 3240 1699 3285 μᾶτερ,
1718 3238 1835 3287 ἄναγε,
1853 3237 1942 3274 πόδα
1959 3236 2024 3272 σὸν

1435 3290 1561 3325 ἕλισσε
1577 3289 1649 3336 τᾷδ’
1670 3291 1780 3327 ἐκεῖσε
1797 3288 1869 3336 μετ’
1890 3286 2005 3334 ἐμέθεν
2020 3286 2133 3323 ποδῶν

1435 3342 1591 3389 φέρουσα
1608 3343 1778 3388 φιλτάταν
1793 3344 1910 3385 βάσιν.

1432 3394 1576 3436 βοάσατ’
1596 3393 1633 3430 εὖ
1650 3396 1709 3430 τὸν
1725 3394 1909 3441 Ὑμέναιον,
1927 3391 1966 3433 ὣ,
2307 3398 2370 3434 335

1431 3447 1605 3492 μακαρίαις
1622 3447 1749 3483 ἀοιδαῖς

1433 3498 1562 3544 ἷακχαῖς
1579 3513 1617 3533 τε
1635 3498 1780 3544 νύμφαν.

1431 3549 1474 3584 ἴτ’
1508 3549 1534 3584 ὦ
1551 3550 1778 3586 καλλίπεπλοι
1797 3552 1938 3596 Φρυγῶν

2208 2814 2280 2854 ἀντ.
2310 2825 2371 2860 325
