2488 3860
629 661 1200 722 ΕΥΡΙΠΙΔΟΥ

1276 675 1849 738 ΦΟΙΝῙΣΣΑΕ

713 1101 796 1141 ΤΑ
846 1104 978 1144 ΤΟΥ
1025 1107 1395 1153 ΔΡΑΜΑΤΟΣ
1444 1114 1770 1156 ΠΡΟΣΩΠΑ

469 1333 660 1364 lom-tra.

471 1385 743 1418 ΠΑῙΔΑΓΩΓΟΣ.

467 1443 688 1471 ANTII'ONH.

470 1496 607 1526 ΧΟΡΟΣ
628 1493 855 1527 ΦΟῙΝΙΣΞΩΝ
875 1494 1092 1526 r'rNAIKnN.

470 1550 742 1580 ΠΟΛῪΝΕῙΚΗΣ.

471 1603 695 1634 moni-12.

1600 1337 1743 1365 ΚΡΕΩΝ.

1604 1388 1850 1419 ΜΕΝΟῙΚΕΥΣ.

1600 1443 1820 1474 ΤΕῙΡΕΣῙΑΣ.

1604 1497 1792 1528 Armes.

1603 1547 1754 1578 ΕΤΕΡΟΣ
1774 1546 1962 1579 ΑΙἹῈΛΟΞ.

1603 1601 1809 1632 ΟῙΔῙΠΟΤΣ.

1023 1896 1450 1937 ΤΠΟΘΕΣῙΣ.

229 2026 410 2070 Ἐτεοκλῆς
442 2023 651 2072 παραλαβὼν
683 2023 744 2069 τὴν
777 2028 844 2059 τῶν
877 2027 1001 2070 Θηβῶν
1034 2026 1217 2070 βασιλείαν

181 2079 364 2125 ἀποστερεῖ
389 2079 449 2112 τοῦ
471 2078 593 2123 μέρους
620 2078 679 2112 τὸν
695 2077 849 2123 ἀδελφὸν
865 2078 967 2113 αὐτοῦ
994 2081 1214 2124 Πολυνείκην.

181 2132 296 2178 φυγὰς
318 2129 348 2165 δ’
366 2130 488 2166 ἐκεῖνος
510 2129 558 2165 εἷς
578 2127 709 2175 Ἀργος
733 2133 999 2177 παραγενόμενος
1029 2133 1130 2179 ἔγημε
1157 2132 1218 2177 τὴν

182 2182 347 2229 θυγατέρα
375 2184 437 2217 τοῦ
463 2181 637 2224 βασιλέως
662 2180 866 2229 Ἀδράστου.
904 2183 1077 2219 κατελθεῖν
1104 2185 1141 2219 δὲ
1169 2185 1217 2221 εἷς

181 2234 241 2279 τὴν
257 2234 402 2281 πατρίδα
424 2232 718 2280 φιλοτιμούμενος,
738 2235 792 2269 καὶ
813 2234 935 2272 πείσας
962 2237 1022 2271 τὸν
1043 2236 1214 2283 πενθερὸν,

182 2286 405 2334 συνήθροισεν
422 2286 606 2332 ἀξιόχρεων
624 2287 770 2332 στρατὸν
788 2287 870 2321 κατὰ
893 2290 953 2322 τοῦ
975 2288 1143 2334 ἀδελφοῦ,
1162 2290 1215 2324 καὶ

182 2339 229 2376 εἷς
247 2338 362 2384 θήβας
380 2338 561 2382 ἐλήλυθεν.
598 2337 618 2382 ἡ
637 2338 673 2373 δὲ
690 2337 797 2384 μήτηρ
819 2338 921 2374 αὐτοῦ
943 2339 1098 2384 Ἰοκάστη
1124 2341 1213 2376 ἕπει-

182 2405 244 2426 σεν
260 2391 360 2426 αὐτὸν
376 2391 591 2426 ὑπόσπονδον
608 2390 720 2425 ἐλθεῖν
737 2390 784 2427 εἷς
800 2391 861 2435 τὴν
877 2394 990 2432 πόλιν,
1003 2393 1057 2427 καὶ
1075 2393 1213 2439 διαλεχ-

182 2443 279 2488 θῆναι
295 2445 458 2490 πρότερον
474 2445 522 2490 τῷ
545 2443 686 2490 ἀδελφῷ
708 2445 782 2490 περὶ
807 2444 867 2487 τῆς
883 2444 1000 2491 ἀρχῆς·
1039 2445 1213 2491 δεινοπρο-

182 2494 407 2539 σανπήσαντος
423 2495 460 2530 δὲ
480 2494 546 2529 ὑπὸ
568 2496 628 2539 τῆς
655 2496 846 2541 τυραννίδος
868 2498 929 2530 τοῦ
946 2496 1174 2537 Ἐτεοκλέους,
1194 2497 1214 2541 ἦ

182 2548 244 2593 μὲν
259 2546 415 2592 Ἰοκάστη
432 2547 474 2581 τὰ
496 2548 593 2582 τέκνα
620 2546 668 2583 εἷς
695 2548 818 2592 φιλίαν
831 2551 1033 2595 συναγαγεῖν
1050 2549 1110 2583 οὐκ
1133 2547 1212 2594 ἧδὺ-

180 2607 274 2634 νατο·
309 2599 514 2643 Πολυνείκης
531 2599 568 2633 δὲ
591 2599 636 2636 ὡς
661 2600 746 2645 πρὸς
763 2599 926 2644 πολέμιον
941 2601 1215 2647 παραταξάμενος

180 2651 378 2696 ἀνεχώρησε
393 2652 452 2695 τῆς
473 2652 616 2687 πόλεως.
645 2652 770 2697 ἔχρησε
788 2652 824 2686 δὲ
843 2654 861 2686 6
879 2652 1051 2699 Τειρεσίας
1067 2652 1215 2698 νικήσειν

181 2702 262 2738 τοὺς
289 2703 326 2737 ἐκ
352 2704 411 2747 τῆς
437 2704 580 2742 πόλεως,
609 2703 666 2738 ἐὰν
693 2705 712 2737 6
738 2705 816 2740 παῖς
843 2704 1007 2750 Κρέοντος
1035 2705 1216 2742 Μενοικεὺς

185 2755 336 2799 σφάγιον
357 2753 455 2796 *Apa
487 2754 631 2800 γένηται.
672 2757 692 2790 ὁ
717 2756 779 2800 μὲν
812 2754 872 2792 οὖν
901 2757 1014 2802 Κρέων
1043 2755 1216 2804 ἠρνήσατο

1262 2027 1430 2063 ἐπιδοῦναι
1463 2030 1505 2072 τῇ
1533 2027 1631 2062 πόλει
1656 2027 1716 2061 τὸν
1738 2026 1852 2061 παῖδα·
1890 2028 1909 2061 6
1936 2027 1972 2062 δὲ
1994 2027 2166 2064 νεανίσκος
2192 2028 2290 2070 ε’βοῦ-

1261 2082 1355 2120 λετο,
1383 2080 1437 2115 καὶ
1465 2081 1526 2114 τοῦ
1558 2079 1683 2126 πατρὸς
1717 2078 1818 2113 αὗτοῦ
1853 2079 1966 2125 φυγὴν
1997 2080 2082 2125 μετὰ
2114 2082 2294 2127 χρημάτων

1261 2133 1421 2172 διδόντος,
1440 2133 1556 2167 ἑαυτὸν
1573 2131 1766 2177 ἀπέσφαξε.
1804 2132 1946 2174 Θηβαῖοι
1973 2132 2009 2166 δὲ
2035 2132 2112 2168 τοὺς
2130 2131 2293 2179 ἡγεμόνας

1262 2187 1327 2220 τῶν
1353 2183 1513 2231 ’Δργείων
1535 2184 1702 2229 ἔσφαξαν.
1739 2182 1919 2227 Ἐτεοκλῆς
1944 2184 1980 2219 δὲ
2006 2185 2060 2219 καὶ
2086 2185 2294 2229 Πολυνείκης

1261 2236 1555 2282 μονομαχήσαντες
1581 2236 1714 2271 ἀνεῖλον
1739 2234 1924 2279 ἀλλήλους.
1969 2235 1989 2280 ἡ
2013 2236 2074 2281 μὲν
2100 2235 2160 2271 οὖν
2185 2236 2294 2284 μήτηρ

1261 2289 1369 2324 αὐτῶν
1386 2289 1532 2335 εὑροῦσα
1560 2287 1694 2334 νεκροὺς
1711 2287 1789 2324 τοὺς
1818 2287 1910 2323 υἱοὺς
1932 2287 2144 2334 κατέσφαξεν
2161 2288 2290 2334 ἑαυτήν·

1261 2343 1280 2376 6
1299 2341 1336 2376 δὲ
1353 2339 1475 2385 ταύτης
1498 2341 1649 2386 ἀδελφὸς
1672 2340 1786 2386 Κρέων
1804 2339 1978 2385 παρέλαβε
2004 2340 2065 2385 τὴν
2081 2341 2291 2377 δυναστείαν.

1261 2394 1294 2428 οἱ
1312 2393 1350 2428 δὲ
1367 2392 1513 2439 Ἀργεῖοι
1538 2396 1578 2437 τῇ
1594 2393 1685 2437 μάχῃ
1708 2391 1901 2436 ἡττηθέντες
1921 2392 2149 2439 ἀνεχώρησαν.
2179 2395 2292 2440 Κρέων

1261 2445 1298 2480 δὲ
1316 2446 1490 2492 δυσχερῶς
1518 2445 1643 2491 φέρων,
1660 2444 1738 2480 τοὺς
1754 2444 1815 2488 μὲν
1831 2444 1897 2478 ὑπὸ
1913 2447 1953 2488 τῇ
1973 2445 2120 2490 Καδμείᾳ
2142 2448 2209 2480 τῶν
2224 2460 2292 2481 πο-

1260 2497 1385 2542 λεμίων
1402 2499 1567 2533 πεσόντας
1592 2497 1651 2531 οὐκ
1674 2497 1795 2531 ἔδωκεν
1811 2496 1859 2531 εἷς
1886 2496 2009 2542 ταφὴν,
2032 2497 2238 2542 Πολυνείκην
2254 2498 2292 2533 δὲ

1259 2547 1439 2592 ἀκήδευτον
1465 2549 1618 2595 ἔρριψεν,
1640 2549 1800 2584 Οἶδίπουν
1825 2548 1862 2583 δὲ
1888 2549 2024 2594 φυγάδα
2049 2550 2109 2593 τῆς
2131 2549 2292 2594 πατρίδος

1258 2597 1469 2642 ἀπέπεμψεν,
1490 2595 1546 2642 ἐφ’
1567 2597 1612 2631 ὧν
1628 2611 1691 2642 μεν
1707 2597 1747 2631 οὐ
1764 2597 1921 2642 φυλάξας
1938 2598 1997 2632 τὸν
2013 2597 2220 2644 ἀνθρώπινον
2238 2600 2295 2633 νό-

1257 2663 1333 2693 μον,
1353 2648 1409 2694 ἐφ’
1438 2649 1484 2683 ὧν
1501 2649 1538 2683 δὲ
1564 2649 1624 2693 τὴν
1641 2649 1744 2696 ὀργὴν
1759 2647 2004 2694 λονοποιήσας,
2023 2650 2100 2685 οὐδὲ
2126 2651 2218 2697 παρὰ
2234 2650 2296 2695 τὴν

1259 2700 1443 2746 δυστυχίαν
1461 2699 1617 2746 ἐλεήσας.

1117 3069 1384 3110 ΑΛΛΩΣ.

236 3181 486 3228 Ἀρπασθείσης
506 3181 666 3229 Εὐρώπης
689 3182 754 3218 ὑπο
779 3184 858 3219 Διὸς
883 3183 1063 3229 γενομένου
1080 3184 1217 3231 ταύρου,

187 3235 240 3268 καὶ
256 3234 557 3279 μετακομισθείσης
569 3234 635 3270 ἀπὸ
653 3235 803 3279 Φοινίκης
821 3235 875 3270 διὰ
889 3235 1055 3281 θαλάττης
1068 3236 1115 3273 εἷς
1129 3237 1220 3284 Κρή-

186 3300 257 3330 την,
276 3288 296 3320 6
313 3286 374 3330 μὲν
389 3286 498 3333 πατὴρ
516 3287 617 3331 αὐτῆς
633 3285 784 3333 Ἀγήνωρ
811 3287 945 3333 ἔπεμψε
962 3289 1021 3323 τὸν
1037 3290 1111 3323 υἱὸν
1129 3290 1218 3324 Κάδ·

186 3351 251 3382 μον
267 3338 322 3373 ἐπὶ
347 3337 483 3382 ζήτησιν
506 3340 565 3383 τῆς
591 3339 701 3384 κόρης,
720 3338 832 3378 εἷπῶν,
851 3338 881 3373 εἶ
902 3339 948 3384 μὴ
976 3339 1098 3384 ταύτην
1115 3340 1221 3387 εὑρὼν

187 3389 275 3432 ἄξοι,
293 3389 367 3434 μηδ’
388 3389 429 3424 ἂν
451 3390 551 3425 αὐτὸν
568 3390 760 3425 ἐπανελθεῖν
777 3388 901 3426 οἴκαδε.
941 3392 1075 3436 Κάδμος
1103 3393 1141 3427 δὲ
1159 3393 1220 3427 οὐκ

187 3441 275 3485 ἔχων
291 3440 312 3475 ὅ
327 3455 360 3475 τι
384 3442 438 3476 καὶ
461 3442 608 3488 δράσειε,
626 3443 730 3487 μόνην
752 3443 837 3488 ἔγνω
864 3444 923 3487 τῆς
949 3443 1089 3490 ἀπορίας
1115 3443 1220 3479 λύσιν

188 3493 392 3540 καταφυγεῖν
403 3493 451 3531 εἷς
462 3492 622 3530 Ἀπόλλω
638 3494 699 3530 κάκ
716 3492 836 3530 τούτου
851 3497 973 3542 γνῶναι
984 3495 1019 3531 τί
1030 3496 1083 3531 δεῖ
1097 3497 1217 3533 ποιεῖν.

1265 3185 1375 3220 ἐλθὼν
1392 3183 1451 3220 ουν
1467 3185 1515 3222 εἷς
1532 3189 1691 3234 Δελφους
1708 3190 1806 3236 ἤρετο
1824 3192 1943 3224 τοῦτον
1959 3190 2036 3236 περὶ
2057 3191 2115 3235 τῆς
2132 3190 2294 3237 ἀδελφῆς

1265 3238 1318 3272 καὶ
1336 3236 1373 3272 ὃς
1389 3241 1457 3283 χρᾷ
1476 3253 1538 3283 μεν
1554 3240 1651 3275 οὐδὲν
1667 3242 1757 3289 αὗτω
1778 3243 1855 3287 περὶ
1873 3243 1931 3286 τῆς
1959 3242 2131 3287 Εὐρώπης,
2149 3243 2243 3290 λέγει
2261 3243 2295 3279 δὲ

1265 3290 1309 3325 ὣς
1327 3289 1507 3332 ἐξελθόντα
1524 3292 1658 3332 ἐκεῖθεν,
1673 3276 1947 3338 ἀκολουθήσαντα
1964 3292 2037 3335 βοῒ,
2052 3309 2085 3328 οι
2072 3291 2142 3329 ἂν
2158 3294 2240 3339 αὕτη
2257 3310 2295 3342 γε

1263 3355 1364 3385 πεσῃ,
1391 3341 1483 3376 κάκεῖ
1509 3344 1629 3386 κτίζειν
1655 3346 1769 3380 πόλιν.
1806 3347 1825 3380 6
1849 3346 1886 3380 δε
1910 3345 2061 3381 πεισθεὶς
2080 3347 2128 3393 τῷ
2152 3350 2294 3395 χρησμιῑ

1263 3392 1323 3436 τὴν
1339 3393 1400 3436 μὲν
1415 3395 1500 3438 πρὸς
1517 3395 1577 3440 τὴν
1594 3397 1738 3443 πατρίδα
1756 3397 1916 3432 ε’πάνοδον
1934 3395 2039 3436 εἴασε,
2057 3399 2143 3439 βοῦν
2161 3398 2196 3432 δε
2214 3399 2295 3433 κατὰ

1263 3443 1368 3489 τύχην
1385 3445 1490 3491 εὑρὼν
1506 3445 1651 3512 ἡγεμόνα
1668 3450 1726 3493 τῆς
1743 3449 1824 3483 ὁδοῦ
1845 3447 2040 3493 ἐποιήσατο.
2070 3448 2242 3493 ἐλθουσης
2259 3450 2295 3485 δε

1262 3496 1362 3541 αὐτῆς
1390 3497 1424 3532 ἐν
1441 3512 1468 3531 ω
1486 3500 1544 3534 νῦν
1560 3499 1724 3545 εστήκασι
1749 3502 1841 3549 τόπω
1864 3502 1898 3536 αἶ
1926 3502 2052 3546 Θῆβαι,
2071 3501 2164 3537 κάκεῖ
2186 3515 2293 3549 παρα-

1211 3547 1269 3582 22
