2488 3860
960 250 1449 322 ΑΠΟΣΠΑΣΜΑΤΙΑ.

137 392 312 444 Προμηθεῖ
328 393 486 439 δεσμώτῃ

243 447 385 483 Εὐθεῖαν
402 446 484 494 ἕρπε
502 447 611 492 τήνδε·
638 447 692 481 καὶ
709 447 885 493 πρώτιστα
901 446 963 492 μέν

244 502 413 548 Βορεάδας
430 501 521 546 ἥξεις
538 499 624 547 πρὸς
640 501 756 541 πνοὰς,
775 498 815 534 ἵν’
836 500 984 541 εὐλαβοῦ

243 556 375 602 βρόμον
391 555 633 601 καταιγίζοντα,
652 553 696 600 μή
716 553 750 589 ‹r’
769 553 947 601 άναρπάσῃ

242 607 456 656 δυσχειμέρῳ
473 607 621 654 πέμφιγι
640 607 844 654 συστρέψας
861 608 1029 654 ἄφνω.-

140 662 195 697 έπὶ
212 661 251 697 δὲ
268 663 326 706 τῆς
343 660 477 708 ῥανίδος
495 663 514 696 ὁ
532 662 632 698 αὐτός
649 662 760 707 φησιν
778 661 813 695 ἐν
829 660 1005 709 Προμηθεῖ

243 714 454 759 Ἐξευλαβοῦ
473 715 509 749 δὲ
527 714 572 760 μή
591 730 634 750 σε
650 715 834 762 προσβάλῃ
852 715 966 759 στόμα

245 768 392 815 πέμφιξ·
420 769 534 816 πικροὶ
553 770 619 815 γὰρ
638 769 697 803 κοῦ
716 769 771 803 διὰ
790 769 867 813 ζόης
884 767 994 813 ἇτμοί.

140 822 323 869 Προμηθέα
349 823 526 867 δεσμώτην
553 826 617 856 aut
641 819 830 856 memoriae
857 831 980 855 errore
1006 816 1185 858 nominat,

141 878 207 910 aut
224 873 442 910 exciderunt
459 873 497 909 hi
514 885 641 909 versus
659 885 707 909 ex
724 872 787 908 illa
803 872 939 909 fabula.
972 870 1070 907 Vide
1089 870 1186 906 Her-

140 938 317 962 mannum
334 938 372 974 p.
395 928 458 963 22.

198 980 284 1015 182.
314 978 450 1015 Strabo
469 977 538 1015 IV.
558 991 596 1026 p.
623 980 708 1015 182.
732 979 818 1014 183.
848 979 987 1024 Μεταξὺ
1009 981 1069 1025 τῆς
1087 984 1189 1014 Mac-

142 1033 267 1070 σαλίας
293 1034 346 1069 καὶ
372 1037 440 1070 τῶν
467 1034 618 1075 ἐκβολῶν
643 1035 703 1068 τοῦ
719 1032 878 1068 Ῥοδανοῦ
904 1034 1022 1068 πεδίον
1039 1032 1115 1068 ἐστὶ
1132 1033 1190 1076 τῆς

142 1087 309 1132 θαλάττης
330 1087 444 1134 διέχον
470 1087 517 1124 εἰς
543 1088 659 1122 ἑκατὸν
686 1087 856 1129 σταδίους,
875 1090 1042 1122 τοσοῦτον
1068 1086 1105 1121 δὲ
1132 1086 1191 1120 τὸν

143 1141 332 1188 διάμετρον,
360 1141 558 1188 κυκλοτερὲς
583 1142 622 1176 τὸ
649 1142 778 1186 σχῆμα·
811 1143 959 1176 καλεῖται
986 1141 1022 1176 δὲ
1049 1139 1192 1175 λιθῶδες

143 1193 211 1230 ἀπὸ
228 1197 290 1230 τοῦ
309 1196 578 1240 συμβεβηκότος.
607 1193 735 1240 μεστὸν
757 1194 823 1241 γάρ
850 1194 926 1229 ἐστι
948 1194 1054 1229 λίθων
1077 1207 1190 1239 χειρο-

143 1247 293 1293 πληθῶν,
321 1248 576 1294 ὖποπεφυκυῖαν
602 1249 749 1294 ἐχόντων
775 1249 887 1284 αὐτοῖς
915 1249 1098 1295 ἄγρωστιν·
1129 1245 1190 1293 ἀφ’

143 1301 183 1346 ἧς
200 1301 346 1347 ἄφθονοι
373 1302 470 1347 νομαὶ
494 1300 712 1347 βοσκήμασίν
739 1301 837 1342 εἰσιν,
857 1302 892 1336 ἐν
917 1304 1013 1350 μέσῳ
1041 1300 1069 1336 δ’
1088 1298 1194 1335 ὕδατα

145 1355 200 1390 καὶ
218 1355 372 1391 άλυκίδες
396 1355 586 1391 ἐνίστανται
610 1356 664 1390 καὶ
685 1355 776 1390 ἅλες.
801 1351 1031 1400 (Sequuntur
1048 1351 1193 1388 Aristo-

145 1406 229 1443 telis
253 1411 291 1442 et
314 1405 501 1442 Posidonii
525 1406 751 1451 sententiae.)
770 1426 824 1432 ——
840 1409 880 1442 τὸ
904 1407 1017 1452 μέντοι
1041 1408 1192 1442 δυσαπο-

146 1463 292 1509 λόγητον
310 1460 485 1507 Αἰσχύλος
509 1461 706 1507 καταμαθὼν
723 1460 743 1506 ἢ
761 1460 839 1508 παρ’
859 1461 967 1497 ἄλλον
988 1461 1197 1508 παραλαβὼν

147 1515 195 1552 εἰς
214 1515 322 1560 μῦθον
346 1515 536 1559 ἐξετόπισε.
565 1516 656 1562 φησὶ
679 1517 762 1562 γοῦν
786 1515 985 1562 Προμηθεὺς
1008 1514 1087 1562 παρ’
1107 1515 1196 1562 αὐτῷ

148 1567 394 1616 καθηγούμενος
405 1568 570 1615 “Ηρακλεῖ
585 1572 652 1604 τῶν
665 1569 753 1604 ὁδῶν
769 1572 836 1603 τῶν
853 1568 920 1603 ἀπὸ
938 1571 1000 1604 τοῦ
1018 1568 1197 1604 Καυκάσου

147 1623 234 1670 πρὸς
250 1623 310 1658 τὰς
326 1621 532 1669 Ἑσπερίδας

248 1674 370 1719 Ἠξεις
387 1676 424 1711 δὲ
444 1675 576 1723 Λιγύων
594 1676 641 1712 εἰς
658 1675 848 1723 ἀτάρβητον
866 1677 1024 1723 στρατὸν,

252 1729 319 1764 ἔνθ’
340 1730 380 1763 οὐ
397 1730 518 1776 μάχης,
538 1729 624 1775 σάφ’
644 1727 733 1771 οἰδα,
753 1731 808 1765 καὶ
826 1730 947 1777 θοῦρός
963 1745 1028 1778 περ
1047 1729 1103 1771 ὧν,

255 1783 399 1829 μέμψει·
428 1783 601 1830 πέπρωται
617 1783 684 1830 γάρ
702 1798 744 1819 σε
763 1784 816 1818 καὶ
833 1783 925 1828 βέλη
943 1786 1056 1819 λιπεῖν

257 1835 398 1871 ἐνταῦθ’·
428 1837 569 1872 ἑλέσθαι
587 1836 615 1872 δ’
636 1836 737 1872 οὔτιν’
757 1837 794 1872 ἐκ
810 1838 908 1884 γαίας
924 1838 1023 1873 λίθον

257 1889 354 1933 ἔξεις,
374 1890 446 1925 ε’πεὶ
463 1892 530 1927 πᾶς
546 1891 659 1936 χῶρός
676 1891 752 1926 ἐστι
769 1891 952 1936 μαλθακός.

259 1943 339 1978 ἰδὼν
357 1943 386 1977 δ’
406 1943 639 1990 ἇμηχανοῦντά
657 1943 691 1979 σ’
711 1946 730 1979 ὁ
749 1945 830 1981 Ζεὺς
847 1945 999 1991 οἰκτερεῖ,

259 1996 410 2042 νεφέλην
428 1997 458 2032 δ’
477 1998 642 2044 ὑποσχὼν
659 1998 776 2044 νιφάδι
793 1997 974 2045 γογγύλων
990 1997 1122 2045 πέτρων

259 2050 424 2085 ὑπόσκιον
442 2050 540 2096 θήσει
557 2050 666 2097 χθόν’,
685 2049 736 2088 οἷς
753 2052 868 2087 ἔπειτα
885 2052 932 2087 σὺ

239 2110 242 2111 ’
258 2104 376 2145 βαλὼν
394 2104 528 2141 διώσεις
545 2104 667 2151 ῥᾳδίως
685 2107 790 2152 Λίγυν
808 2106 967 2152 στρατόν.

154 2153 296 2190 Versus
319 2157 444 2192 1—3.
464 2156 587 2192 attulit
604 2156 804 2205 Dionysius
823 2157 910 2194 Hal.
931 2155 1060 2204 Antiq.
1082 2156 1116 2196 Ι,
1137 2156 1200 2192 41.

155 2207 220 2243 ubi
254 2208 291 2244 εὖ
321 2208 398 2246 οἶδα
432 2208 621 2257 scriptum.
662 2208 712 2246 V.
753 2210 788 2247 7.
826 2209 928 2246 Libri
965 2210 1201 2259 στρογγύλων.

158 2260 333 2297 Correxit
365 2261 550 2298 Porsonus
578 2262 617 2297 in
647 2262 894 2299 Miscellaneis
924 2276 963 2309 p.
994 2264 1084 2301 212.
1141 2262 1205 2300 Ad

155 2312 256 2349 hunc
272 2314 395 2351 loc-um
419 2320 562 2363 spectat
586 2315 762 2364 Hyginus
786 2315 891 2352 Poet.
915 2317 1069 2352 Astron.
1090 2315 1142 2357 II,
1165 2318 1201 2353 6.

158 2378 196 2413 p.
223 2367 313 2406 437.
347 2372 385 2403 et
407 2379 483 2403 non
506 2367 698 2404 nominato
722 2373 872 2405 auctore
895 2368 1000 2405 Theo
1023 2369 1072 2405 ad
1098 2369 1203 2406 Arati

158 2417 289 2455 Phaen.
308 2432 344 2455 v.
367 2421 429 2457 75.

215 2473 302 2508 183.
332 2472 538 2509 Scholiasta
559 2473 747 2522 Apollonii
772 2473 842 2516 IV,
863 2476 952 2511 284.
981 2477 1047 2512 Τὸν
1064 2475 1206 2524 Ἴστρον

159 2526 269 2573 φησὶν
296 2526 332 2561 ἐκ
357 2530 424 2563 τῶν
440 2527 673 2575 Ὑπερβορέων
699 2529 950 2576 καταφέρεσθαι
977 2531 1031 2565 καὶ
1056 2535 1123 2567 τῶν
1139 2531 1204 2567 Ῥι-

159 2580 267 2616 παίων
285 2579 383 2627 ὀρῶν.
413 2579 500 2616 οὕτω
519 2582 555 2616 δὲ
574 2579 665 2617 εἶπεν
682 2582 875 2618 ἀκολουθῶν
888 2583 1052 2632 Αἰσχύλῳ
1071 2585 1107 2620 ἐν
1123 2587 1204 2620 λυο-

160 2633 249 2681 μένῳ
268 2633 441 2680 Προμηθεῖ
457 2633 593 2682 λέγοντι
610 2638 722 2671 τοῦτο.

218 2686 304 2721 184.
334 2684 544 2733 Stephanus
569 2686 727 2735 Byzant.
753 2687 792 2723 in
808 2688 939 2731 Ἀβιοι.
968 2690 1143 2738 Αἰσχύλος
1168 2708 1206 2729 τε

163 2740 308 2778 Γαβίους
326 2740 382 2774 διὰ
398 2742 459 2775 τοῦ
475 2754 500 2787 γ
517 2741 552 2776 ἐν
567 2741 721 2790 λυομένῳ
739 2743 914 2789 Προμηθεῖ

258 2791 405 2828 ’Ἔπειτα
423 2792 452 2828 δ’
471 2793 543 2839 ἥξει
561 2795 667 2840 δῆμον
684 2795 901 2832 ἐνδικώτατον

268 2844 292 2866 '³
310 2844 333 2867 ’ξ
352 2847 507 2882 ἁπάντων
524 2849 578 2882 καὶ
595 2848 879 2894 φιλοξενώτατον,

270 2900 424 2941 Γαβίους,
442 2898 483 2935 ἵν’
503 2900 571 2936 οὔτ’
591 2901 733 2948 ἄροτρον
750 2905 827 2937 οὔτε
843 2904 991 2950 γατόμος

270 2952 382 2998 τέμνει
400 2953 526 2988 δίκελλ’
546 2954 702 3001 ἄρουραν,
722 2955 799 2990 ἀλλ’
819 2957 1028 3004 αὐτόσποροι

271 3005 350 3053 γύαι
368 3006 516 3055 φέρουσι
533 3009 652 3049 βίοτον
668 3008 821 3054 ἄφθονον
837 3012 987 3056 βροτοῖς.

2188 284 2269 328 605

1220 391 1271 427 θεῖ
1286 391 1453 439 λυομένῳ.
1510 386 1732 437 HesychiuS,
1747 389 2017 438 Ἀρθύσανοι;
2045 389 2275 437 ἀποσχήματα

1220 445 1274 480 καὶ
1291 442 1598 489 ἆποβλαστὴματα.
1624 442 1907 491 Ἀριθύσανοιε
1936 444 2078 490 ἡνίοχοι.

1277 497 1363 535 187.
1392 495 1614 532 Plutarchus
1631 494 1670 530 in
1688 495 1766 531 vita
1783 495 1948 544 Pompeii
1964 509 2002 544 p.
2017 496 2092 532 619
2104 494 2143 532 b.
2179 498 2270 544 Πρὸς

1219 552 1258 587 δὲ
1275 550 1454 597 Πομπήιον
1471 551 1558 585 ἔοικε
1575 552 1675 586 τοῦτο
1693 551 1811 586 παθεῖν
1829 553 1849 586 ὁ
1865 550 2035 597 Ῥωμαίων
2052 551 2156 596 δῆμος
2174 551 2271 587 εὐθὺς

1219 605 1259 649 ἐξ
1281 605 1399 652 ἀρχῆς,
1420 604 1504 651 ὅπερ
1523 605 1542 638 ὁ
1561 603 1739 650 Αἰσχύλου
1757 605 1956 652 Προμηθεὺς
1978 605 2065 652 πρὸς
2087 604 2147 639 τὸν
2163 603 2269 651 Ἠρα-

1220 658 1316 700 κλέα,
1338 658 1462 695 σωθεὶς
1478 657 1534 693 ὑπ’
1553 658 1656 693 αὐτοῦ
1673 657 1784 704 λέγων
1828 693 1837 703 X

1325 711 1475 759 Ἐχθροῦ
1492 713 1620 758 πατρός
1636 726 1694 757 μοι
1711 714 1810 746 τοῦτο
1828 712 1994 758 φίλτατον
2011 711 2137 747 τέκνον.

1278 765 1365 801 188.
1395 762 1531 801 Strabo
1557 762 1588 799 Ῑ.
1613 776 1651 812 Ρ.
1678 764 1743 799 43.
1797 764 1965 801 Ἠσιόδου
1996 766 2025 800 δ’
2058 765 2119 804 οὐκ
2150 765 2190 799 ἅν
2221 779 2273 801 τις

1221 818 1412 855 αἰτιάσαιτο
1437 817 1697 866 ἄγνοιαν-οὐδ’
1728 818 1906 865 Αἰσχύλου
1938 819 2187 865 κυνοκεφάλους
2218 820 2272 853 καὶ

1223 873 1526 920 στερνοφθάλμους
1549 872 1603 908 καὶ
1626 874 1859 918 μονομμάτους
1883 868 2146 919 (ἱστοροῦντος).
2198 869 2270 906 Ea-

1224 924 1310 961 dem
1327 924 1426 962 VII.
1444 937 1484 973 p.
1505 925 1595 961 299.
1614 923 1679 960 ubi
1697 924 1865 960 additum
1883 925 1919 960 ἐν
1935 928 1982 974 τῷ
2000 925 2186 973 Προμηθεῖ.

1281 979 1366 1014 189.
1397 976 1533 1014 Strabo
1551 976 1644 1014 VII.
1662 989 1701 1025 p.
1722 978 1812 1014 390.
1868 980 1932 1014 Καὶ
1956 978 2132 1025 Αἰσχύλος
2155 978 2185 1013 δ’
2212 978 2270 1023 ἐμ-

1224 1032 1338 1080 φαίνει
1356 1036 1555 1079 συνηγορῶν
1571 1034 1619 1081 τῷ
1637 1034 1769 1077 ποιητῇ,
1788 1031 1906 1078 φήσας
1922 1034 2001 1080 περὶ
2018 1037 2085 1068 τῶν
2102 1032 2237 1068 Σκυθῶν

1328 1085 1426 1121 Ἀλλ’
1446 1086 1589 1131 ἶππάκης
1605 1087 1779 1133 βρωτῆρες
1796 1088 1930 1132 εὕνομοι
1947 1085 2083 1122 Σκύθαι.

1283 1139 1369 1175 190.
1398 1137 1601 1174 Athenaeus
1618 1136 1706 1174 XV.
1726 1150 1765 1186 p.
1787 1139 1864 1175 674
1883 1138 1920 1174 d.
1976 1139 2153 1186 Αἰσχύλος
2179 1138 2209 1174 δ’
2238 1139 2274 1174 ἐν

1226 1195 1272 1241 τῷ
1295 1193 1449 1242 λυομένῳ
1473 1192 1649 1240 Προμηθεῖ
1674 1193 1797 1239 σαφῶς
1822 1194 1932 1239 φησιν
1956 1193 2009 1229 ὅτι
2035 1194 2090 1229 ἐπὶ
2113 1195 2191 1238 τιμῇ
2215 1195 2275 1227 τοῦ

1227 1247 1433 1294 Προμηθέως
1455 1247 1515 1282 τὸν
1532 1246 1705 1292 στέφανον
1721 1246 1932 1294 περιτίθεμεν
1955 1250 1995 1293 τῇ
2021 1248 2165 1294 κεφαλῇ,
2185 1246 2274 1282 ἄντί·

1226 1315 1326 1336 ποινα
1344 1303 1405 1335 τοῦ
1423 1300 1549 1336 ἐκείνου
1567 1301 1708 1346 δεσμοῦ.

1285 1354 1371 1389 191.
1402 1351 1620 1388 Plutarchus
1636 1350 1774 1388 Moral.
1794 1364 1831 1400 p.
1855 1352 1927 1390 757
1948 1353 1986 1389 d.
2039 1353 2080 1389 ‘o
2108 1354 2145 1389 δὲ
2168 1353 2275 1400 Ἥρα-

1229 1408 1310 1451 κλῆς
1328 1406 1441 1454 ἕτερον
1459 1407 1537 1442 θεὸν
1553 1408 1739 1454 παρακαλεῖ
1761 1406 1899 1453 μέλλων
1922 1408 1977 1444 ἐπὶ
2000 1409 2059 1444 τὸν
2077 1406 2169 1456 ὄρνιν
2185 1405 2275 1454 αἴρε-

1229 1460 1310 1496 σθαι
1328 1461 1367 1495 τὸ
1385 1461 1497 1505 τόξον,
1517 1461 1562 1497 ὡς
1578 1459 1755 1506 Αἰσχύλος
1772 1461 1882 1507 φησὶν

1264 1524 1269 1531 “
1333 1513 1476 1561 Ἀγρεὺς
1494 1514 1522 1549 δ’
1541 1514 1723 1549 Ἀπόλλων
1740 1514 1842 1561 ὀρθὸν
1860 1514 1965 1550 ἰθύνοι
1981 1515 2096 1557 βέλος.

1287 1567 1372 1602 192.
1399 1565 1652 1602 Antiatticista
1669 1565 1830 1602 Bekkeri
1847 1566 1879 1603 Ι.
1892 1579 1930 1614 p.
1947 1568 2034 1608 116,
2049 1567 2086 1604 7.
2118 1568 2277 1612 Χερσάε

1229 1621 1272 1656 τὰ
1302 1621 1347 1666 μὴ
1374 1619 1621 1668 γεωργούμενα.
1677 1619 1852 1667 Αἰσχύλος
1878 1622 2062 1669 Προμηθεῖ.
2116 1620 2279 1657 Dubium

1232 1684 1342 1721 quam
1359 1672 1522 1709 fabulam
1541 1672 1652 1709 dicat.

1614 1783 1898 1814 ΠΡΟΠΟΜΠΟῙ.

1289 1847 1375 1883 193.
1397 1845 1622 1896 Hesychius,
1636 1848 1810 1883 Δίπολοι
1827 1861 1835 1882 :
1865 1845 2040 1894 Αἰσχύλος
2058 1847 2177 1883 διπλαῖ
2188 1852 2280 1895 Προ-

1214 1919 1219 1924 ·
1231 1904 1391 1948 πομποῖς.

1648 1994 1861 2024 ΠΡΩΤΕΥΣ.

1287 2054 1470 2092 Pet-tinuit
1493 2056 1540 2092 ad
1559 2055 1777 2093 Oresteam:
1808 2055 1893 2091 vide
1918 2054 2155 2091 didascaliam
2179 2054 2282 2103 Aga-

1235 2109 1441 2145 memnonis
1455 2114 1493 2144 et
1507 2109 1623 2145 schol.
1637 2108 1827 2157 Aristoph.
1841 2108 1978 2144 Ranar.
1990 2120 2027 2144 v.
2046 2109 2157 2144 1155.
2186 2108 2285 2144 Acta

1235 2161 1351 2209 igitur
1369 2167 1426 2198 est
1444 2161 1579 2210 olymp.
1596 2161 1757 2203 LXXX,
1779 2164 1814 2198 2.

1293 2215 1380 2251 194.
1409 2214 1613 2251 Athenaeus
1632 2214 1705 2251 IX.
1724 2227 1762 2263 p.
1783 2215 1860 2251 394
1878 2226 1911 2250 a.
1969 2213 2286 2263 Φὰψ-Αἶσχύλου

1237 2269 1273 2304 ἐν
1298 2272 1345 2317 τῷ
1371 2272 1517 2318 τραγικῷ
1548 2267 1589 2313 (i.
1611 2281 1646 2316 q.
1667 2268 1866 2317 σατυρικῷ)
1883 2271 2017 2317 Πρωτεῖ
2043 2267 2131 2305 οὕτω
2157 2284 2285 2316 μνημο-

1237 2321 1389 2360 νεύοντος
1406 2326 1466 2358 τοῦ
1484 2322 1616 2370 ὄρνιθος

1345 2377 1544 2423 Σιτουμένην
1562 2376 1729 2422 δύστηνον
1746 2376 1867 2412 ἀθλίαν
1884 2377 1994 2424 φάβα,

1343 2431 1496 2476 μέσακτα
1512 2431 1643 2474 πλευρὰ
1659 2432 1744 2478 πρὸς
1760 2429 1878 2467 πτύοις
1894 2429 2140 2477 πεπλεγμένην.

1295 2483 1382 2519 195.
1411 2481 1646 2519 Herodianus
1662 2485 1739 2531 περὶ
1756 2483 1921 2531 μονήρους
1937 2484 2063 2529 λέξεως
2077 2495 2116 2531 Ρ.
2137 2483 2201 2524 35,
2224 2483 2284 2520 19.

1239 2537 1346 2583 Γάρος
1377 2536 1551 2583 Αἰσχύλος
1582 2540 1715 2583 Πρωτεῖ
1746 2540 1914 2586 σατυρικῷ
1943 2539 1965 2557 “
1978 2538 2043 2572 Καὶ
2072 2538 2132 2573 τὸν
2162 2536 2288 2583 ἰχθύων

1238 2588 1384 2637 γάρον.”
1438 2588 1588 2625 Omisso
1610 2589 1758 2625 nomine
1781 2589 1915 2625 fabulae
1932 2589 2084 2625 affertur
2101 2588 2148 2625 ab
2165 2588 2286 2625 Athe-

1239 2641 1409 2732 nae2331.
1439 2654 1477 2690 p.
1510 2643 1557 2678 67
1593 2653 1625 2678 c.
1683 2641 1792 2678 conf.
1825 2641 2081 2678 Herodianum
2118 2640 2285 2679 Piersoni

1239 2708 1276 2743 p.
1380 2722 1388 2731 .

1297 2748 1382 2784 196.
1413 2746 1620 2784 Scholiasta
1643 2746 1799 2783 Homeri
1817 2746 1954 2796 odyss.
1974 2750 2006 2792 δ,
2027 2748 2116 2785 366.
2171 2749 2286 2785 Εἶδο-

1241 2801 1334 2847 θέηε
1363 2801 1430 2837 ἀπὸ
1453 2803 1511 2846 τῆς
1535 2801 1695 2846 εἰδήσεως
1718 2803 1772 2837 καὶ
1799 2802 1986 2848 ἐπιστήμης
2010 2805 2070 2838 τοῦ
2096 2803 2223 2851 πατρὸς
2247 2804 2287 2839 τὸ

1242 2855 1357 2901 ὄνομα.
1395 2856 1448 2890 καὶ
1467 2854 1641 2901 Αἰσχύλος
1664 2856 1701 2890 δὲ
1726 2856 1761 2890 ἐν
1778 2858 1911 2903 Πρωτεῖ
1927 2855 2090 2892 Εἰδοθέαν
2110 2857 2213 2902 αὐτὴν
2230 2871 2287 2892 κα-

1241 2911 1307 2944 λεῖ.
1364 2906 1579 2955 Etymolog.
1608 2905 1768 2944 Gudian.
1801 2919 1838 2955 p.
1869 2908 1959 2949 316,
1989 2909 2052 2944 30.
2083 2919 2131 2944 ex
2162 2907 2288 2945 codice

1243 2959 1408 2996 Parisino
1436 2960 1551 2996 2638.
1575 2964 1795 3001 correctum,
1819 2962 1980 3010 Κερδώι
2012 2962 2287 3010 ὑποκοριστικῶς,

1245 3016 1290 3051 ὣς
1314 3013 1392 3061 παρ’
1413 3012 1576 3061 Αἰσχύλῳ
1603 3013 1623 3058 ἡ
1649 3014 1739 3049 Εἰδὼ
1765 3015 1819 3049 καὶ
1834 3014 1936 3062 ’Υψὼ
1962 3015 2035 3050 ἀντὶ
2062 3018 2122 3051 τοῦ
2146 3016 2290 3051 Εἰδοθέα

167 3055 216 3094 V.
242 3059 274 3093 l.
294 3060 384 3105 ἥξεις
402 3058 598 3096 Stanleius.
631 3059 682 3095 V.
704 3062 740 3096 2.
759 3064 893 3109 βροτῶν
906 3061 1009 3098 addit
1027 3062 1210 3099 Herman-
1245 3068 1298 3103 καὶ
1314 3066 1503 3114 Ὑψιπύλη.
1540 3064 1650 3102 Conf.
1671 3065 1831 3102 Bekkeri
1847 3066 1990 3103 Anecd.
2010 3065 2063 3104 II.
2083 3080 2121 3115 p.
2143 3068 2231 3109 857,
2252 3069 2287 3104 9.

167 3122 237 3146 nus
253 3122 291 3159 p.
314 3113 376 3147 21.
405 3113 548 3154 Γαβίους
571 3124 619 3148 ex
641 3110 823 3161 AEschylo
846 3120 1054 3151 memorant
1078 3115 1211 3152 scholi-

1304 3118 1387 3155 197.
1415 3117 1638 3166 Hesychius,
1661 3118 1882 3157 Ἀελπτοιε
1923 3122 2026 3157 δεινοὶ
2062 3122 2118 3157 καὶ
2154 3122 2287 3158 ἄαπτοι.

169 3168 250 3199 asta
269 3163 425 3199 Homeri
451 3164 557 3201 Iliad.
579 3181 608 3209 ν,
631 3165 667 3200 6.
688 3170 726 3201 et
743 3165 960 3203 Eustathius
977 3180 1014 3215 p.
1036 3169 1125 3210 916,
1147 3170 1210 3205 24.
1246 3172 1422 3219 Αἶα-χόλος
1439 3174 1584 3219 Πρωτεῖ.

227 3217 312 3253 185.
344 3216 564 3265 Hesychius,
616 3219 939 3266 Εἰσαφάσματσ;
991 3222 1212 3268 εἰσπτήματα,

169 3270 236 3306 ἀπὸ
254 3273 315 3306 τοῦ
339 3271 541 3318 εἰσαφιέναι.
568 3270 588 3317 ἢ
614 3273 852 3320 σπαράγματα.
879 3274 1054 3321 Αἰσχύλος
1075 3282 1213 3324 Προμη-
1246 3279 1334 3324 ἀμᾶν
1363 3279 1423 3323 τὴν
1452 3279 1532 3314 ἅλα.
1586 3279 1761 3326 Αἰσχύλος
1791 3284 1926 3328 Πρωτεῖ
1955 3284 2136 3330 σατυρικῷ.

171 3324 224 3359 θεῖ
239 3323 406 3373 λυομένῳ.

229 3376 315 3412 186.
344 3375 561 3412 Eustathius
582 3389 619 3424 p.
642 3378 731 3419 600,
751 3379 816 3415 43.
847 3381 1024 3427 Σχίσματα
1048 3383 1114 3430 γάρ
1140 3398 1214 3418 τινα
1247 3383 1432 3430 Αἰσχύλος.

173 3430 227 3464 καὶ
253 3428 404 3471 θύσανοι,
433 3430 511 3466 ὅθεν
536 3430 750 3478 ἆρειθύσανοι
776 3434 860 3469 κατὰ
886 3435 1082 3471 Παυσανίαν
1090 3436 1216 3483 Ἀρεος

174 3481 326 3526 θύσανοι,
346 3485 445 3519 οἷονεί
471 3484 726 3531 ἀποσχίσματα,
745 3486 823 3532 παρ’
842 3487 1006 3536 Αἰσχύλῳ
1023 3489 1059 3523 ἐν
1075 3495 1215 3535 Προμη-
1248 3492 1381 3537 Πρωτεῖ
1398 3493 1579 3536 σατυρικῷ.

1304 3226 1388 3261 198.
1420 3223 1643 3273 Hesychius,
1667 3224 1826 3273 Ἀμαλα
1841 3239 1851 3263 :
1897 3227 1957 3274 τὴν
1996 3230 2086 3271 ναῦν,
2125 3229 2292 3315 ἇπὸοτοῦ

2231 3291 2290 3315 01’·

1246 3335 1355 3378 rupte
1381 3329 1599 3379 Etymolog.
1623 3330 1682 3368 M.
1707 3344 1745 3380 p.
1767 3332 1830 3374 75,
1855 3334 1918 3369 22.
1971 3333 2102 3379 *Αμάδα
2127 3334 2187 3379 τὴν
2213 3335 2291 3369 νοῦν

1306 3437 1391 3473 199.
1421 3435 1644 3485 Hesychius,
1679 3438 1865 3475 Ἐπάσωε
1911 3439 2054 3485 ἐκτήσω.
2119 3439 2290 3487 Αἰσχύλος
