2488 3860
218 292 300 339 638
1044 310 1047 314 ·
1089 298 1489 342 ΣΟΦΟΚΛΕΟΥΣ

224 409 311 445 100.
334 407 400 444 ubi
427 404 567 456 Epopis
592 410 756 443 rostrum
781 405 916 444 ridenti
944 407 1116 456 Euelpidi
1143 407 1271 457 Epops
1356 410 1458 445 519.·
1477 406 1648 443 Stobaeus
1667 404 1859 449 XCVIII,
1879 406 1941 444 45.

220 461 293 498 ait:
1408 464 1476 499 Τὰν
1492 463 1559 510 γὰρ
1578 461 1755 508 ἃνθρώπου
1774 463 1854 507 ζόαν

322 517 467 551 Τοιαῦτα
483 514 596 561 μέντοι
617 515 812 562 Σοφοκλέης
829 517 1023 563 λυμαίνεται
1410 513 1679 561 ποικιλομήτιδες
1695 513 1772 551 ἆται

326 569 361 605 ἐν
379 571 452 605 ταῖς
470 567 715 617 τραγῳδίαισιν
733 569 789 615 ε’μὲ
807 571 867 606 τὸν
883 571 1002 618 Τηρέα.
1406 570 1566 615 πημάτων
1583 569 1710 605 πάσαις
1727 568 2070 614 μεταλλάσσουσιν“’
2048 583 2161 616 ωραις

218 620 280 656 Ad
299 633 378 668 quae
398 621 449 657 sic
468 620 705 657 scholiastes:
735 623 772 659 ἐν
797 625 864 671 γὰρ
890 627 938 672 τῷ
965 625 1066 671 Τηρεῖ
1092 624 1269 669 Σοφοκλῆς
1355 624 1444 658 520.
1476 621 1646 657 Stobaeus
1667 620 1747 661 CV
1763 623 1826 657 21.
1847 619 2044 656 scholiasta
2063 619 2221 657 Homeri
2239 611 2344 660 Iliad

218 675 377 720 ἐποίησεν
396 674 497 711 αὐτὸν
521 675 812 722 ἀπωρνιθωμένον,
832 678 886 713 καὶ
910 678 969 723 τὴν
993 679 1159 725 Πρόκνην·
1188 677 1223 711 ἐν
1241 674 1268 724 ᾦ
1302 676 1334 718 θ,
1355 677 1391 712 5.
1448 673 1578 710 Cicero
1597 673 1645 709 ad
1662 673 1829 710 Atticum
1847 672 1916 715 IV,
1937 675 1972 709 8.

218 729 359 775 ἔσκωψε
375 730 491 764 πολλὰ
508 730 567 765 τὸν
584 730 703 776 Τηρέα.
759 728 865 765 Idem
892 733 1153 778 argumentum
1180 733 1267 776 post
1407 728 1517 774 Μήπω
1535 727 1608 775 μέγ’
1629 727 1733 773 ε’ίπῃς,
1752 743 1832 775 πριν
1850 727 2085 773 τελευτήσαντ’
2103 727 2189 774 ιδῃς.

219 778 443 828 Sophoclem
478 781 651 818 tractavit
686 781 879 823 Philocles,
918 793 1028 830 quem
1063 781 1102 817 in
1138 781 1266 817 eadem
1353 781 1440 816 521.
1471 779 1645 817 Stobaeus
1665 778 1808 822 CVIII,
1828 781 1891 816 58.

216 832 340 869 fabula
362 833 581 882 perstringit
607 833 769 871 comicus
787 847 822 872 v.
846 837 934 877 280,
954 834 1020 871 ubi
1046 834 1129 871 haec
1154 833 1267 869 habet
1405 835 1576 883 Ἀλγεινὰ,
1596 836 1744 882 Πρόκνη,
1764 836 1880 880 δῆλον·
1911 833 1987 869 ἀλλ’
2007 834 2096 881 ὅμως
2114 836 2223 883 χρεὼν

217 885 455 923 scholiastes:
485 890 504 923 ὁ
523 889 701 935 Σοφοκλῆς
723 893 856 937 πρῶτος
881 891 941 926 τὸν
967 889 1074 937 Τηρέα
1093 889 1264 934 ἐποίησεν,
1405 890 1447 925 τὰ
1466 890 1537 924 θεῖα
1557 889 1695 934 θνητοὺς
1714 889 1811 925 ὄντας
1829 889 1976 925 εὐπετῶς
1994 888 2123 935 φέρειν.

213 938 287 977 εἶτα
306 939 513 987 Φιλοκλῆς.”
542 940 726 978 ΒιωΝοΚ.
1353 943 1442 977 522.
1471 940 1690 977 Aristoteles
1717 941 1763 977 de
1793 939 1945 977 Poetica
1971 952 2052 988 cap.
2079 940 2191 978 XVI.
2212 941 2275 978 ubi
2301 941 2348 979 de

270 995 359 1045 512.
391 992 566 1030 Stobaeus
585 993 639 1036 X,
663 996 725 1030 25.
1299 993 1408 1030 variis
1427 993 1680 1042 agnitionibus
1698 993 1787 1043 agit,
1808 996 1873 1031 Καὶ
1892 995 1927 1031 ἐν
1947 997 1994 1044 τῷ
2018 995 2234 1042 Σοφοκλέους
2250 999 2349 1045 Τηρεῖ

322 1049 536 1096 Φιλάργυρον
551 1049 613 1095 μὲν
630 1051 698 1084 πᾶν
715 1050 754 1084 τὸ
772 1050 949 1097 βάρβαρον
965 1065 1074 1098 γενος.
1283 1069 1285 1088 ι
1299 1048 1318 1094 ἡ
1337 1051 1395 1094 τῆς
1413 1050 1562 1096 κερκίδος
1580 1049 1690 1095 φωνή.

268 1102 356 1136 513.
387 1099 556 1137 stobaeus
574 1099 686 1142 xm,
707 1102 744 1137 5.
1282 1089 1286 1141 Ι
1351 1102 1441 1137 523.
1473 1100 1683 1137 schonasta
1701 1100 1857 1137 Homeri
1874 1099 1980 1136 Iliad.
2001 1117 2032 1144 0,
2050 1101 2138 1138 705.
2168 1102 2348 1142 maman...

322 1155 464 1202 Θάρσει·
490 1155 601 1202 λέγων
620 1155 775 1200 τάληθὲς,
795 1157 834 1191 οὗ
854 1158 985 1203 σφαλεῖ
1002 1171 1096 1192 ποτε.
1281 1144 1317 1240 ld
1335 1155 1627 1203 Ἀλικαρνασσεὺς
1651 1156 1686 1191 ἐν
1709 1157 1856 1205 τετάρτῳ
1873 1155 2034 1191 Ἀττικῶν
2051 1156 2222 1202 ὀνομάτων
2243 1155 2348 1196 οὕτως

217 1212 240 1225 “
254 1207 301 1243 In
314 1206 527 1243 Vindobon.
548 1210 669 1256 Εὐριπ.
690 1211 800 1256 Τηρεῖ.
822 1208 953 1244 eodem
968 1220 1090 1244 errore
1110 1219 1182 1255 quo
1199 1206 1261 1242 de·
1296 1210 1376 1256 ἔφη’
1406 1211 1576 1257 φίλιππος
1593 1210 1655 1256 μὲν
1672 1212 1732 1255 τῆς
1749 1210 1857 1256 μέσης
1870 1209 2098 1256 δασυνομένης
2114 1211 2154 1246 τὸ
2171 1222 2346 1259 προσηγο-

215 1265 343 1308 ceptus
360 1259 432 1296 fuit
450 1259 664 1309 Apostolius
684 1260 861 1297 Proverb.
882 1260 931 1307 X,
956 1260 1043 1298 12.”
1077 1261 1260 1298 BRUNCK.
1295 1265 1402 1311 ρικόν·
1449 1262 1554 1301 οὕτως
1579 1265 1646 1312 γὰρ
1674 1265 1727 1299 καὶ
1755 1264 1790 1299 ε’ν
1816 1265 1918 1311 Τηρεῖ
1943 1263 2157 1311 Σοφοκλέους
2183 1264 2346 1312 ἀναγινώ-

268 1314 358 1350 514.
389 1312 560 1350 Stobaeus
578 1312 666 1355 XX,
688 1315 749 1350 32.
1297 1332 1424 1364 σκομεν

311 1366 437 1405 ’Άνους
455 1368 589 1408 ἐκεῖνος,
610 1369 643 1403 αἱ
662 1368 691 1403 δ’
711 1367 911 1417 ἀνούστεραι
929 1370 979 1405 ἔτι
1397 1370 1502 1407 Ἵ-Ιλιε
1519 1372 1689 1418 φιλίππος
1708 1371 1816 1417 Θρῃξὶ
1833 1371 2048 1420 πρέσβιστον
2065 1371 2188 1410 σέλας

320 1422 443 1458 ἐκεῖνον
461 1420 626 1467 ἠμύναντο
646 1424 817 1470 καρτερόν.
1298 1425 1405 1468 σέβας
1424 1423 1597 1461 BothiUS.

313 1474 437 1513 ‘'Oa-ns·
453 1477 519 1523 γὰρ
539 1476 574 1511 ἐν
592 1478 724 1511 κακοῖσι
743 1477 907 1522 θυμωθεὶς
923 1479 1058 1524 βροτῶν
1350 1478 1440 1515 524.
1472 1477 1693 1526 Hesychius,
1717 1478 1868 1527 Αιγλη.
1897 1479 2036 1526 χλίδων.
2065 1484 2101 1514 Σ.
2119 1480 2230 1527 Τηρεῖ.
2285 1477 2346 1516 De

315 1531 428 1575 μεῖζον
444 1531 634 1577 προσάπτει
653 1531 711 1574 τῆς
730 1532 834 1565 νόσου
853 1532 892 1566 τὸ
911 1531 1100 1578 φάρμακον,
1295 1529 1478 1567 vocabulo
1494 1533 1624 1578 χλίδων
1643 1530 1719 1567 dixi
1737 1531 1784 1567 ad
1798 1530 2057 1579 Aristophanis
2069 1531 2204 1580 fragm.
2220 1542 2258 1580 Ρ.
2274 1526 2343 1569 VI.

318 1583 432 1630 ἶατρός
451 1584 545 1619 ἐστιν
564 1584 623 1619 οὐκ
642 1583 836 1629 ἐπιστήμων
853 1588 972 1620 κακῶν.
1348 1585 1438 1621 525.
1469 1583 1703 1620 Herodianus
1721 1586 1807 1645 περὶ
1820 1584 1984 1633 μονήρους
2003 1585 2128 1630 λέξεως
2145 1597 2182 1633 p.
2201 1585 2264 1625 36,
2281 1586 2343 1621 23.

214 1640 236 1653 “
251 1633 298 1671 In
324 1635 418 1684 Reg.
447 1635 528 1671 cod.
549 1635 686 1671 lemma
712 1635 938 1684 adscriptum
967 1639 1002 1673 1.
1022 1634 1148 1673 versui
1171 1638 1259 1684 Σοφ.
1295 1636 1502 1685 exscriptus
1516 1637 1562 1673 ab
1577 1637 1828 1686 grammaticis
1849 1637 1896 1674 ad
1916 1638 2052 1686 fragm.
2069 1639 2140 1674 331
2162 1636 2343 1679 indicatis.

212 1693 249 1724 et
269 1691 305 1726 3.
326 1693 386 1725 τοῦ
405 1691 507 1726 αὐτοῦ
524 1693 635 1737 Τηρεῖ.
693 1689 779 1725 Hoc
805 1690 931 1726 statim
954 1691 986 1727 1.
1005 1687 1128 1725 versui
1146 1700 1259 1737 appo·
1295 1693 1404 1738 Φάρος
1422 1693 1505 1728 κατὰ
1524 1692 1700 1738 συστολὴν
1717 1694 1809 1741 παρὰ
1827 1694 2000 1739 Σοφοκλεῖ
2017 1692 2053 1728 ἐν
2070 1694 2181 1740 Τηρεῖ,

213 1740 324 1778 situm
342 1741 380 1778 in
398 1742 611 1778 Vindobon.
643 1741 863 1778 continuatis
892 1754 967 1779 una
990 1741 1082 1779 serie
1102 1741 1261 1790 quinque
1402 1746 1620 1782 Σπεὺδουσαν
1638 1746 1750 1792 αὐτὴν,
1771 1747 1807 1782 ἐν
1825 1747 1862 1782 δὲ
1880 1747 2023 1794 ποικίλῳ
2042 1746 2158 1794 φάρει.

213 1794 417 1831 versibusff‘
446 1795 629 1832 Bmmcx.
1348 1799 1438 1834 526.
1469 1797 1678 1834 Scholiasta
1720 1797 1891 1847 AEschyli
1934 1797 2340 1835 Prometh.v.128.

263 1850 352 1885 515·
384 1847 554 1884 StObaeUS
573 1846 703 1890 XXII,
725 1849 787 1884 22.
1292 1851 1464 1900 Ἐχρῶντο
1493 1853 1530 1888 δὲ
1557 1853 1669 1889 αυτοῖς
1698 1851 1880 1898 (versibus
1906 1850 2189 1897 Anacreonteis)
2219 1852 2280 1888 οὐκ
2306 1852 2343 1887 ἐν

318 1903 449 1949 Θνητὴν
468 1904 504 1938 δὲ
524 1902 633 1949 φύσιν
650 1903 716 1950 χρὴ
736 1903 839 1948 θνητὰ
856 1903 1006 1950 φρονεῖν,
1293 1907 1393 1942 παντὶ
1410 1908 1515 1956 τόπῳ,
1535 1906 1613 1942 αλλ’
1634 1907 1669 1942 ἐν
1689 1909 1760 1944 τοῖς
1779 1907 1864 1954 θρην
1881 1908 1996 1949 τικοῖς,
2022 1905 2067 1943 ὧς
2095 1905 2150 1941 καὶ
2169 1907 2345 1983 Σοφοκλῆς

315 1960 415 1993 τοῦτο
434 1958 636 2000 κατειδότας,
657 1957 701 1993 ὡς
720 1957 779 1992 οὐκ
797 1957 893 1992 ἔστιν
1293 1962 1403 2007 Τηρεῖ.

314 2012 404 2056 πλὴν
422 2012 502 2048 Διὸς
519 2011 629 2048 οὐδεὶς
646 2014 712 2046 τῶν
730 2012 925 2057 μελλόντων

313 2066 444 2111 ταμίας,
465 2064 484 2099 ὅ
501 2080 533 2100 τι
551 2065 618 2112 χρὴ
636 2063 846 2100 τετελέσθαι.
1273 2056 1278 2137 ¹¹
1654 2085 1984 2115 ΤΡῙΠΤΟΛΕΜΟΣ.

212 2115 258 2153 V.
283 2119 317 2154 1.
349 2117 408 2154 Ita
426 2116 591 2154 Grotius.
633 2115 760 2165 Vulgo
780 2118 882 2163 θνητὰ
900 2119 1041 2166 φρονεῖν
1058 2118 1123 2166 χρὴ
1141 2117 1261 2163 θνητὴν

213 2171 333 2219 φύσιν.
1346 2165 1435 2203 527.
1463 2164 1665 2214 Dionysius
1685 2164 1805 2201 Halic.
1822 2164 1950 2213 Antiq.
1973 2165 2006 2207 Ι,
2026 2166 2085 2202 12.
2115 2167 2288 2214 Μαρτυρεῖ
2304 2165 2341 2201 δε

263 2226 352 2262 516.
383 2223 556 2261 Stobaeus
575 2222 760 2265 XXXIX,
786 2224 846 2260 12.
1293 2235 1358 2266 μου
1375 2223 1422 2269 τῷ
1441 2222 1535 2268 λόγῳ
1554 2220 1732 2267 Σοφοκλῆς
1749 2220 1811 2266 μὲν
1829 2222 1848 2255 ὁ
1867 2220 2119 2268 τραγῳδοποιὸς
2143 2219 2179 2255 ἐν
2196 2219 2340 2266 Τριπτο-

637 2280 760 2314 Πολλὰ
778 2293 820 2313 σε
839 2280 928 2324 ζηλῶ
945 2279 1036 2322 βίου,
1292 2274 1386 2322 λέμῳ
1400 2275 1553 2321 δράματι.
1583 2274 1760 2318 πεποίηται
1773 2274 1839 2320 γὰρ
1853 2274 1942 2321 αὐτῷ
1958 2273 2115 2320 Δημήτηρ
2133 2273 2343 2309 διδάσκουσα

314 2335 464 2379 μάλιστα
483 2333 511 2369 δ’
532 2334 561 2368 εἶ
578 2335 640 2380 γῆς
657 2333 701 2378 μὴ
720 2333 924 2379 πεπείρασαι
942 2333 1049 2378 ξένης.
1292 2330 1524 2375 Τριπτόλεμον
1542 2327 1627 2372 ὅσην
1651 2329 1764 2374 χώραν
1788 2326 2083 2374 ἀναγκασθήσεται
2107 2327 2256 2373 σπείρων
2272 2328 2343 2364 τοῖς

227 2391 235 2405 ‘
252 2384 447 2433 Perperam
465 2385 502 2421 in
521 2385 622 2421 libris
641 2383 850 2422 κᾶλλως-αἶ’
880 2384 1064 2421 BRUNGK.
1293 2382 1444 2417 δοθεῖσιν
1470 2381 1525 2416 ὑπ’
1554 2382 1653 2426 αὐτῆς
1683 2383 1823 2428 καρποῖς
1854 2381 2050 2426 διεξελθεῖν.
2086 2380 2278 2426 μνησθεῖσα
2303 2380 2342 2415 δὲ

263 2440 352 2475 517.
383 2437 554 2475 Stobaeus
572 2437 755 2479 LXVIII,
781 2439 840 2474 19.
1292 2437 1351 2480 τῆς
1369 2434 1453 2483 ἑῴου
1476 2438 1611 2482 πρῶτον
1627 2434 1785 2476 Ἰταλίας,
1803 2434 1826 2480 ἥ
1843 2434 1938 2470 ε’στιν
1961 2434 2027 2470 ἀπὸ
2053 2433 2156 2482 ἅκρας
2170 2433 2342 2480 Ἰαπυγίας

317 2496 388 2529 Νῦν
406 2493 434 2528 δ’
456 2492 552 2528 οὐδέν
571 2493 637 2538 εἶμι
655 2494 771 2540 χωρὶς,
791 2492 881 2527 ἀλλὰ
899 2493 1064 2530 πολλάκις
1292 2489 1394 2535 μέχρι
1411 2489 1566 2536 πορθμοῦ
1592 2490 1775 2529 Σικελικοῦ,
1796 2489 1849 2523 καὶ
1875 2488 1960 2534 μετὰ
1990 2490 2090 2523 τοῦτο
2120 2488 2180 2532 τῆς
2205 2486 2340 2535 ἀντικρὺ

316 2547 453 2593 ἔβλεψα
470 2545 574 2592 ταύτῃ
592 2547 652 2592 τὴν
669 2547 856 2594 γυναικείαν
873 2544 994 2591 φύσιν,
1293 2542 1631 2589 ἁψαμένηΣικελίας,
1652 2542 1707 2577 ἐπὶ
1730 2541 1791 2587 τὴν
1811 2540 1970 2588 ἑσπέριον
1986 2541 2132 2576 Ἰταλίαν
2149 2539 2244 2577 αὖθις
2260 2540 2340 2576 ἅνα-

299 2602 360 2636 ’ὡς
378 2601 474 2636 οὐδέν
493 2601 607 2646 ἐσμεν·
638 2598 682 2642 αἳ,
703 2601 772 2636 νέαι
790 2601 851 2645 μὲν
869 2599 904 2634 ἐν
921 2599 1048 2647 πατρὸς
1293 2595 1450 2644 στρέφει,
1471 2597 1524 2631 καὶ
1541 2596 1583 2631 τὰ
1606 2595 1753 2642 μέγιστα
1783 2599 1849 2630 τῶν
1880 2594 2058 2631 οἰκούντων
2088 2594 2149 2639 τὴν
2173 2595 2340 2641 παράλιον

316 2654 466 2698 ἥδιστον,
487 2651 588 2699 οἶμαι,
611 2655 715 2700 ζῶμεν
733 2653 916 2700 ἀνθρώπων
932 2653 1022 2695 βίον·
1291 2649 1413 2695 ταύτην
1431 2650 1535 2686 ἐθνῶν
1552 2649 1769 2696 διεξέρχεται,
1789 2649 1849 2694 τὴν
1872 2648 1980 2696 ἀρχὴν
2003 2648 2069 2684 ἀπὸ
2087 2650 2146 2694 τῆς
2165 2647 2354 2695 Οἰνώτρων·

316 2712 464 2755 τερπνῶς
481 2708 547 2754 γὰρ
565 2707 617 2742 ἀεὶ
635 2709 761 2744 πάντας
780 2707 874 2742 ἁνοία
891 2707 1024 2753 τρέφει.
1292 2703 1454 2748 οἷκήσεως
1469 2702 1692 2749 ποιησαμένη.
1722 2702 1856 2750 ἀπόχρη
1881 2703 1918 2738 δὲ
1941 2704 2047 2738 ταῦτα
2071 2702 2158 2748 μόνα
2171 2699 2343 2748 λεχθέντα

317 2761 397 2796 ὅταν
415 2761 443 2796 δ’
464 2762 497 2797 ἐς
515 2761 601 2806 ἥβην
620 2761 793 2807 ἐξικώμεθ’
815 2761 989 2807 εὔφρονες,
1291 2761 1358 2793 τῶν
1375 2757 1546 2803 ἰαμβείων,
1566 2757 1601 2792 ἐν
1619 2754 1670 2793 οἷς
1686 2757 1777 2803 φησι

317 2814 483 2860 ὦθούμεθ’
504 2815 568 2860 ἕξω
588 2816 641 2849 καὶ
660 2814 918 2861 διεμπολώμεθα
1397 2811 1446 2846 Τὰ
1464 2810 1493 2845 δ’
1514 2810 1687 2854 ἐξόπισθε,
1707 2809 1822 2857 χειρὸς
1839 2808 1886 2845 εἷς
1902 2809 1944 2844 τὰ
1962 2809 2058 2853 δεξιὰ

317 2869 402 2903 θεῶν
418 2868 581 2916 πατρῴων
598 2871 664 2904 τῶν
682 2883 718 2904 τε
736 2868 922 2915 φυσάντων
940 2866 1018 2909 ἅπο,
1399 2865 1562 2911 Οἰνωτρία
1578 2879 1616 2900 τε
1633 2865 1740 2906 πᾶσα,
1760 2863 1814 2898 καὶ
1830 2863 2036 2909 Τυρσηνικὸς

317 2923 351 2957 αἱ
368 2923 429 2967 μὲν
447 2922 562 2968 ξένους
579 2924 664 2969 πρὸς
681 2922 814 2969 ἄνδρας,
835 2922 869 2956 αῖ
887 2921 924 2956 δὲ
941 2921 1148 2968 βαρβάρους,
1397 2920 1535 2957 κόλπος,
1555 2916 1739 2964 Λιγυστική
1756 2932 1793 2952 τε
1810 2917 1854 2963 γῆ
1873 2930 1915 2951 σε
1933 2915 2075 2960 δεξεται.

316 2976 350 3010 αἶ
368 2974 397 3011 δ’
417 2975 463 3011 εἷς
482 2974 565 3020 ἀήθη
585 2975 725 3018 δώμαθ’,
745 2976 779 3010 αἱ
797 2974 825 3010 δ’
847 2974 1020 3022 ἔπίρροθα.
1211 2971 1258 3007 10
1345 2971 1435 3006 528.
1466 2969 1704 3006 Herodianus
1720 2985 1798 3017 περι
1824 2968 1988 3017 μονήρους
2014 2968 2139 3014 λέξεως
2156 2979 2193 3016 p.
2214 2968 2251 3012 9,
2271 2968 2334 3006 29.

317 3029 370 3064 καὶ
387 3027 491 3069 ταῦτ’,
511 3029 645 3064 ἐπειδὰν
663 3029 810 3075 εὐφρόνη
831 3027 927 3073 ζεύξῃ
946 3028 1016 3074 μία,
1291 3026 1478 3071 Χαρναβῶν
1495 3025 1673 3071 Σοφοκλῆς
1689 3022 1909 3072 Τριπτολέμῳ

317 3083 427 3129 χρεὼν
446 3082 590 3117 ἐπαινεῖν
608 3083 661 3116 καὶ
680 3083 788 3117 δοκεῖν
807 3083 916 3118 καλῶς
934 3082 1035 3128 ἔχειν.
1397 3078 1462 3113 Καὶ
1481 3079 1735 3125 Χαρναβῶντος,
1756 3076 1793 3114 ὃς
1810 3080 1919 3112 Γετῶν
1936 3076 2034 3123 αρχει
2050 3078 2164 3113 τανῦν.

265 3135 355 3171 518.
386 3133 559 3170 Stobaeus
577 3131 793 3175 LXXXVI,
818 3135 876 3169 12.
1291 3129 1348 3166 De
1374 3129 1446 3165 hoc
1472 3141 1582 3165 versu
1609 3128 1702 3166 dixit
1728 3127 1936 3165 Lobeckius
1963 3127 2150 3177 Aglaoph.
2179 3138 2216 3175 Ρ.
2243 3128 2334 3165 215.

310 3189 378 3228 Ἐν
394 3191 509 3237 φῦλον
527 3189 710 3236 ἀνθρώπων
727 3187 776 3234 μί’
797 3187 905 3232 ἔδειξε
915 3188 1043 3234 πατρὸς
1062 3186 1115 3221 καὶ
1132 3184 1259 3232 ματρὸς
1294 3183 1408 3220 1351.

425 3241 511 3287 ἡμᾶς
1343 3237 1432 3272 529.
1462 3234 1600 3272 Plinius
1626 3234 1720 3271 libro
1748 3234 1907 3276 XVIII,
1938 3235 1998 3274 1⁸2,
2021 3236 2056 3270 1.
2075 3245 2114 3282 p.
2138 3233 2224 3270 107.
2244 3231 2334 3270 effit-

315 3295 422 3343 ἁμέρα
439 3295 518 3331 τοὺς
535 3295 669 3331 πάντας·
699 3294 807 3330 οὐδεις
825 3294 945 3340 ἔξοχος
963 3294 1070 3330 ἄλλος
1088 3293 1258 3335 εβλαστεν
1291 3288 1410 3324 Hard.
1431 3287 1622 3336 Sophocles
1636 3292 1741 3336 poeta
1755 3288 1791 3323 in
1798 3286 1930 3335 sabula
1949 3281 2334 3335 Triptolemofrumen-

425 3349 547 3384 ἄλλου.
1291 3347 1362 3379 tum
1380 3340 1548 3377 Italicum
1566 3345 1646 3377 ante
1664 3345 1789 3378 cuncta
1806 3338 1975 3381 laudavit,
1994 3338 2043 3375 ad
2056 3337 2202 3375 verbum
2215 3341 2333 3374 trans-

315 3404 438 3447 βόσκει
467 3402 505 3438 δὲ
535 3401 612 3437 τοὺς
643 3414 704 3447 μεν
738 3402 838 3448 μοῖρα
870 3401 1085 3447 δυσαμερίας,
1118 3413 1197 3436 τους
1227 3396 1256 3434 δ’
1290 3395 1364 3431 lata
1385 3393 1555 3429 sententza

425 3454 564 3498 ὄλβος
549 3457 650 3500 ημῶν,
1342 3445 1398 3483 Et
1404 3445 1633 3492 fortunatam
1651 3445 1797 3482 Italzam
1803 3444 1990 3493 frumento
2009 3454 2138 3480 canere
2161 3440 2334 3479 candido.

318 3509 397 3548 τους
414 3510 451 3545 δε
470 3508 624 3545 δουλείας
642 3506 742 3554 ζυγὸν
761 3507 864 3553 εσχεν
881 3507 1036 3553 ανάγκας.
1343 3500 1434 3537 530.
1465 3497 1660 3546 Sophoclis
1693 3495 1910 3547 Triptolemi
1939 3495 2108 3534 meminit
2138 3494 2272 3533 Strabo
2300 3493 2332 3536 I.
