2488 3860
245 298 266 324 ρ·

344 405 398 440 καὶ
415 407 489 445 Ζεῦ,
509 404 543 439 τί
560 404 649 451 φῄς;
680 405 802 442 ἐκεῖνος
820 404 923 442 ὅντως
941 403 974 440 εἶ
990 404 1034 441 σύ
1049 418 1058 446 ;
1117 411 1192 441 ΠΛ.
1213 405 1277 441 ναί.

240 463 307 493 ΧΡ.
337 458 459 494 ἐκεῖνος
476 458 596 498 αὐτόςς
669 463 744 493 ΠΛ.
774 458 963 495 αὐτότατος.

239 516 308 546 ΧΡ.
895 511 998 547 πόθεν
1016 510 1084 554 οὖν,
1105 511 1253 558 φράσον,

343 563 480 609 αὐχμῶν
496 562 665 606 βαδίζεις;

238 620 314 651 ΠΛ.
680 616 716 651 ἐκ
734 616 970 664 Πατροκλέους
988 617 1140 663 ἔρχομαι,

342 667 379 704 ὃς
397 668 456 703 οὐκ
476 666 638 704 ἐλούσατ’
658 669 696 713 ἐξ
715 668 857 715 ὅτουπερ
877 670 1019 716 ἐγένετο.
1239 673 1279 713 85

237 726 304 755 XP.
334 721 427 755 τουτὶ
446 722 482 756 δὲ
501 723 538 756 τὸ
558 722 657 756 κακὸν
674 725 745 758 πῶς
763 721 903 762 ἕπαθες;
933 721 1069 757 κάτειπέ
1083 735 1152 765 μοι.

239 778 314 809 ΠΛ.
342 776 360 808 6
379 772 459 809 Ζεύς
476 789 518 818 με
536 773 625 808 ταῦτ’
646 775 788 821 ἔδρασεν
805 774 991 820 ἀνθρώποις
1009 773 1156 820 φθονῶν.

342 826 407 872 ἐγὼ
424 827 490 873 γὰρ
509 826 554 861 ὢν
571 827 740 873 μειράκιον
757 825 912 871 ἢπείλησ’
933 826 984 860 ὅτι

341 879 385 914 ὡς
403 878 479 914 τοὺς
498 879 643 916 δικαίους
661 879 714 913 καὶ
733 879 867 925 σοφοὺς
885 879 938 913 καὶ
957 878 1117 923 κοσμίους

341 932 462 975 μόνους
479 932 668 976 βαδιοίμην·
699 933 717 966 ὁ
737 931 775 966 δέ
790 930 823 976 μ’
844 931 1001 975 ἐποίησεν
1019 931 1163 976 τυφλὸν,
1239 943 1280 975 90

341 981 394 1018 ἵνα
411 983 456 1028 μὴ
475 984 750 1031 διαγιγνώσκοιμι
769 982 895 1018 τούτων
912 983 1048 1028 μηδένα.

341 1034 447 1072 οὕτως
466 1036 587 1072 ἐκεῖνος
605 1038 696 1071 τοῖσι
714 1037 899 1082 χρηστοῖσι
917 1035 1050 1081 φθονεῖ.

238 1093 303 1123 ΧΡ.
341 1086 394 1123 καῖ
411 1088 476 1133 μὴν
493 1089 548 1123 διὰ
565 1089 643 1124 τοὺς
660 1087 831 1136 χρηστούς
847 1103 888 1135 γε
906 1089 1039 1132 τιμᾶται
1057 1088 1176 1131 μόνους

341 1141 394 1175 καὶ
412 1140 490 1177 τοὺς
508 1141 665 1177 δικαίους.
722 1146 797 1175 ΠΛ.
827 1142 984 1186 ὁμολογῶ
1003 1154 1074 1174 σοι.

237 1198 303 1228 ΧΡ.
904 1193 1000 1238 φέρε,
1021 1191 1054 1226 τί
1072 1190 1130 1226 οὖν
1141 1202 1150 1231 ;

341 1245 371 1280 εἷ
388 1247 491 1280 πάλιν
510 1245 740 1292 ἀναβλέψειας
759 1246 875 1291 ὥσπερ
894 1245 947 1279 καὶ
964 1245 1030 1290 πρὸ
1049 1246 1121 1282 τοῦ,
1238 1257 1276 1289 95

340 1297 482 1345 φεύγοις
500 1298 540 1332 ἂν
558 1299 619 1343 ἤδη
639 1298 717 1334 τοὺς
735 1296 899 1343 πονηρούς
915 1310 923 1337 ;
988 1301 1063 1331 ΠΛ.
1093 1293 1178 1342 φήμ’
1198 1295 1275 1343 ἐγώ.

237 1356 303 1386 ΧΡ.
338 1351 382 1387 ὧς
399 1350 477 1387 τοὺς
495 1351 640 1386 δικαίους
658 1350 686 1385 δ’
706 1350 746 1385 ἂν
762 1350 913 1392 βαδίζοις
928 1362 937 1389 ;

238 1409 313 1438 ΠΛ.
974 1402 1060 1436 πάνυ
1078 1400 1138 1445 μὲν
1157 1399 1225 1435 οὖν·

340 1456 473 1491 πολλοῦ
491 1456 556 1502 γὰρ
574 1455 694 1491 αὐτοὺς
712 1455 776 1499 οὐχ
795 1454 915 1500 ἑόρακά
932 1468 984 1488 πω
1003 1455 1138 1499 χρόνου.

238 1514 304 1543 ΧΡ.
339 1508 392 1542 καὶ
411 1508 519 1553 θαῦμά
535 1507 566 1554 γ’
587 1507 695 1542 οὐδέν·
726 1507 794 1542 οὐδ’
816 1507 881 1552 ἐγὼ
898 1506 964 1552 γὰρ
983 1507 1001 1540 6
1019 1505 1170 1548 βλέπων.

238 1567 312 1596 ΠΛ.
339 1560 466 1606 ἄφετόν
482 1575 524 1605 με
542 1562 611 1594 νῦν.
640 1558 739 1594 ἵστον
755 1560 821 1605 γὰρ
839 1559 900 1603 ἤδη
920 1557 995 1593 τάπ’
1017 1558 1109 1602 ἐμοῦ.
1221 1571 1279 1593 100

238 1619 304 1648 XP.
342 1614 388 1658 μὰ
406 1612 474 1652 Δί’,
494 1613 585 1647 ἀλλὰ
602 1614 723 1660 πολλῷ
740 1613 874 1656 μᾶλλον
892 1610 1061 1655 ἑξόμεσθά
1080 1624 1157 1645 σου.

237 1671 311 1701 ΠΛ.
339 1666 398 1700 οὐκ
416 1663 576 1711 ἠγόρευον
594 1664 645 1699 ὅτι
663 1664 819 1711 παρέξειν
836 1664 1016 1710 πράγματα

342 1718 526 1763 ἐμέλλετόν
543 1731 622 1762 μοι;
794 1764 796 1766 Ι

237 1775 304 1806 ΧΡ.
619 1769 673 1804 καὶ
692 1767 736 1803 σύ
754 1767 799 1815 γ’,
818 1768 1000 1810 ἀντιβολῶ,
1020 1766 1132 1807 πιθοῦ,

341 1823 393 1857 καὶ
410 1820 454 1867 μή
473 1821 506 1867 μ’
526 1822 707 1866 ἀπολίπῃς·
736 1821 775 1855 οὗ
793 1821 859 1867 γὰρ
878 1818 1031 1866 εὑρήσεις
1049 1820 1130 1864 ἐμοῦ

342 1876 445 1920 ζητῶν
463 1874 507 1910 ἔτ’
527 1874 630 1922 ἄνδρα
647 1873 725 1911 τοὺς
742 1875 887 1921 τρόπους
904 1872 1075 1916 βελτίονα·
1222 1885 1278 1918 105

341 1929 387 1973 μὰ
405 1929 463 1962 τὸν
481 1927 549 1963 Δί’·
578 1928 618 1962 ού
635 1928 701 1974 γὰρ
720 1928 814 1962 ἔστιν
831 1926 937 1962 ι’ίλλος
954 1925 1044 1970 πλὴν
1062 1925 1142 1971 ἐγώ.

239 1986 314 2015 ΠΛ.
341 1981 435 2015 ταυτὶ
452 1981 596 2026 λέγουσι
613 1981 745 2015 πάντες·
775 1978 856 2023 ἡνίκ’
875 1978 915 2013 ἂν
933 1978 972 2013 δέ
986 1993 1051 2023 μου

343 2028 470 2074 τύχωσ’
490 2028 622 2072 ἀληθῶς
641 2028 694 2062 καὶ
711 2028 869 2074 γένωνται
886 2024 1058 2067 πλούσιοι,

345 2083 491 2126 ἀτεχνῶς
509 2081 769 2126 ὑπερβάλλουσι
788 2083 827 2124 τῇ
846 2078 1028 2125 μοχθηρίᾳ.

242 2139 308 2167 ΧΡ.
342 2135 412 2179 ἕχει
430 2134 490 2179 μὲν
508 2131 624 2172 οὕτως,
646 2132 714 2166 εἶσὶ
733 2132 761 2166 δ’
781 2133 819 2166 οὐ
837 2133 957 2167 πάντες
976 2133 1080 2168 κακοί.
1222 2147 1279 2169 110

242 2191 316 2220 ΠΛ.
343 2187 389 2230 μὰ
408 2186 476 2225 Δί’,
497 2185 574 2220 ἀλλ’
594 2185 837 2228 ἁπαξάπαντες.
904 2189 975 2218 ΚΑ.
1005 2183 1141 2230 οἶμώξει
1158 2187 1277 2232 μακρά.

242 2243 309 2272 XP.
339 2239 396 2273 σοὶ
415 2238 443 2272 δ’
465 2239 508 2274 ὡς
526 2238 565 2272 ἂν
583 2237 671 2281 εἰδῇς
689 2236 766 2276 ὅσα,
786 2236 863 2283 παρ’
882 2235 958 2280 ἡμῖν
975 2234 1015 2280 ἢν
1031 2238 1142 2282 μένῃς,

344 2289 495 2337 γενήσετ’
516 2289 636 2337 ἀγαθὰ,
656 2291 807 2335 πρόσεχε
824 2290 882 2323 τὸν
900 2291 988 2329 νοῦν,
1008 2286 1060 2325 ἵνα
1077 2289 1177 2335 πύθῃ.

345 2340 436 2387 οἶμαι
452 2343 530 2389 γὰρ,
550 2340 652 2386 οἶμαι,
673 2341 736 2377 σὺν
755 2341 820 2389 θεῷ
837 2341 864 2376 δ’
885 2340 1065 2386 εἰρήσεται,

345 2394 465 2440 ταύτης
482 2395 691 2438 ἀπαλλάξειν
709 2408 751 2428 σε
768 2395 827 2438 τῆς
844 2393 1048 2439 ὀφθαλμίας,
1223 2406 1277 2440 115

343 2448 478 2494 βλέψαι
495 2445 652 2491 ποιήσας.

242 2505 317 2536 ΠΛ.
681 2499 837 2544 μηδαμῶς
855 2499 944 2535 τοῦτ’
965 2499 1105 2546 ἐργάσῃ.

343 2552 382 2587 οὐ
399 2550 567 2597 βούλομαι
585 2552 650 2599 γὰρ
668 2554 771 2587 πάλιν
788 2552 995 2599 ἀναβλέψαι.
1050 2558 1116 2587 ΧΡ.
1137 2551 1170 2587 τί
1187 2550 1276 2599 φῄς;

240 2609 309 2639 ΚΑ.
342 2604 514 2651 ἅνθρωπος
532 2604 629 2640 οὗτός
648 2605 740 2639 ἐστιν
758 2604 874 2640 ἅθλιος
892 2604 1011 2651 φύσει.
1046 2644 1050 2647 ,

240 2662 314 2691 ΠΛ.
341 2659 359 2692 6
378 2657 458 2694 Ζεὺς
474 2658 534 2701 μὲν
552 2656 610 2692 οὖν
628 2654 687 2692 οἶδ’
709 2657 752 2692 ὡς
769 2658 810 2691 τὰ
828 2656 954 2692 τούτων
971 2656 1054 2703 μῶρ’
1073 2656 1122 2702 ἔμ’
1142 2655 1171 2691 εἷ

342 2708 470 2744 πύθοιτ’
491 2710 531 2744 ἂν
549 2709 749 2756 ἐπιτρίψειε.
1220 2722 1277 2744 120

239 2766 305 2796 XP.
773 2763 830 2796 νῦν
848 2761 876 2796 δ’
896 2762 935 2796 οὐ
953 2763 1051 2796 τοῦτο
1070 2762 1143 2808 δρᾷ,

344 2812 440 2850 ὅστις
458 2829 500 2849 σε
517 2813 770 2860 προσπταίοντα
787 2816 998 2860 περινοστεῖν
1015 2814 1073 2858 ἐᾷς

241 2870 315 2899 ΠΛ.
343 2866 401 2900 οὐκ
420 2863 494 2901 οἷδ’·
525 2867 590 2911 ἐγὼ
609 2867 636 2901 δ’
658 2867 780 2901 ἐκεῖνον
798 2866 934 2912 ὀρρωδῶ
952 2867 1050 2901 πάνυ.

241 2922 307 2951 ΧΡ.
340 2917 473 2961 ἄληθες,
494 2918 519 2952 ὦ
538 2919 709 2953 δειλότατε
726 2919 858 2953 πάντων
876 2918 1038 2962 δαιμόνων
1049 2931 1058 2958 ;

343 2968 405 3003 οῗει
422 2971 486 3016 γὰρ
506 2967 587 3005 εἶναι
605 2970 664 3014 τὴν
683 2972 762 3006 Διὸς
779 2970 965 3015 τυραννίδα,

343 3022 396 3056 καὶ
414 3022 490 3058 τοὺς
508 3022 682 3068 κεραυνοὺς
700 3023 814 3065 ἀξίους
831 3023 1034 3068 τριωβόλου,
1220 3035 1273 3065 125

344 3074 400 3108 ἐὰν
417 3074 616 3119 ἀναβλέψῃς
636 3074 680 3108 σὺ
699 3075 758 3108 κᾶν
774 3074 891 3119 μικρὸν
907 3075 1052 3120 χρόνον;

240 3129 312 3159 ΠΛ.
339 3124 371 3167 ἆ,
389 3125 433 3170 μὴ
451 3124 536 3172 λέγ’,
558 3124 583 3159 ὦ
602 3126 735 3171 πονηρὲ,
755 3126 858 3160 ταῦτ’.

241 3181 307 3211 ΧΡ.
928 3177 977 3223 ἔχ’
996 3177 1137 3224 ἥσυχος.

344 3228 409 3275 ἐγὼ
427 3229 491 3275 γὰρ
510 3228 675 3272 ἀποδείξω
696 3244 736 3264 σε
754 3232 813 3264 τοῦ
833 3231 912 3265 Διὸς
929 3230 1019 3264 πολὺ

339 3281 451 3325 μεῖζον
469 3282 658 3325 δυνάμενον.
713 3287 788 3316 ΠΛ.
818 3282 874 3327 ἐμὲ
894 3281 960 3322 σύ;

239 3337 305 3367 ΧΡ.
991 3333 1029 3378 νὴ
1048 3334 1106 3369 τὸν
1123 3333 1269 3380 οὐρανόν.

342 3385 457 3420 αὐτίκα
473 3386 539 3431 γὰρ
556 3385 653 3431 ἄρχει
671 3385 725 3420 διὰ
743 3384 802 3420 τίν’
822 3387 840 3419 ὁ
859 3384 939 3421 Ζεὺς
955 3389 1020 3420 τῶν
1038 3385 1143 3426 θεῶν;
1218 3398 1275 3428 130

239 3441 309 3472 ΚΑ.
339 3437 394 3472 διὰ
411 3436 600 3484 τάργύριον·
627 3439 791 3474 πλεῖστον
807 3437 874 3483 γάρ
892 3436 963 3472 ἐστ’
982 3438 1081 3486 αὐτῷ.

237 3494 305 3525 ΧΡ.
1106 3489 1202 3537 φέρε,

338 3541 390 3577 τίς
406 3540 465 3576 οὖν
482 3543 501 3575 ὁ
519 3540 675 3587 παρέχων
693 3541 787 3576 ἐστὶν
804 3541 892 3588 αὐτῷ
910 3541 1004 3575 τοῦθ’
1019 3555 1027 3581 ;
1084 3547 1156 3576 KA.
1185 3541 1250 3577 ὁδί.

238 3597 303 3628 ΧΡ.
337 3590 457 3628 θύουσι
475 3593 503 3628 δ’
523 3593 611 3642 αὐτῷ
629 3593 682 3628 διὰ
700 3592 760 3628 τίν’
768 3605 778 3632 5
808 3593 847 3627 οὐ
866 3594 919 3628 διὰ
937 3594 1070 3629 τουτονί
1080 3607 1089 3634 ;

1323 414 1379 444 ΚΑ
1385 435 1392 443 .

1322 467 1388 496 ΧΡ.

1322 571 1387 600 ΧΡ.

1321 727 1387 756 ΧΡ.

1321 1198 1391 1229 ΚΑ.

1320 1304 1386 1333 ΧΡ.

1320 1512 1390 1542 ΚΑ.

1320 1617 1386 1646 ΧΡ.

1320 1721 1385 1750 ΧΡ.

1320 1774 1389 1802 KA.

1319 1878 1384 1908 XP.

1314 2970 1380 3000 XP.

1315 3282 1387 3312 ΠΛ.

1316 3334 1384 3364 ΧΡ.

243 301 326 342 ο80
1088 302 1547 346 ΑΡΙΣΤΟΦΑΝΟΎΣ

1422 409 1474 444 καὶ
1494 409 1530 453 νὴ
1551 407 1605 443 Δί’
1625 407 1780 454 εὔχονταί
1795 423 1835 455 γε
1853 410 2010 444 πλουτεῖν
2027 408 2190 457 ἄντικρυς.

1421 463 1540 495 οὔκουν
1558 460 1604 496 ὅδ’
1626 461 1720 495 ἐστὶν
1737 458 1852 500 αἴτιος,
1872 462 1925 496 καὶ
1941 461 2063 507 ῥᾳδίως
2302 472 2359 504 135

1422 512 1555 548 παύσει’
1575 514 1625 552 ἂν,
1646 513 1676 547 εἷ
1692 511 1867 555 βούλοιτο,
1886 513 2006 554 ταῦθ’;
2053 519 2128 548 ΠΛ.
2157 511 2229 558 ὁτιὴ
2248 512 2281 547 τί
2298 512 2362 557 δή;

1424 564 1475 599 ὅτι
1493 564 1562 599 οὐδ’
1582 565 1622 599 ἂν
1640 562 1687 601 εἷς
1705 563 1837 600 θύσειεν
1854 565 2035 612 ἀνθρώπων
2053 566 2112 605 ἔτι,

1423 617 1463 651 οὐ
1480 619 1565 658 βοῦν
1583 617 1634 657 ἂν,
1654 617 1731 662 οὐχὶ
1748 617 1912 663 ψαιστὸν,
1932 618 1991 652 οὐκ
2009 617 2087 652 ἄλλ’
2106 617 2231 658 οὔδεὲν,

1423 669 1468 714 μὴ
1485 669 1696 715 βουλομένου
1715 671 1793 704 σοῦ.
1849 674 1924 703 ΠΛ.
1953 673 2044 708 πῶς;

1957 721 2067 762 ὅπως;
2097 722 2156 756 οὐκ
2174 721 2252 757 ἔσθ’
2271 721 2361 758 ὅπως

1424 773 1587 818 ὠνήσεται
1607 772 1781 818 δήπουθεν,
1801 772 1840 815 ἢν
1860 773 1905 809 σὺ
1922 773 1966 818 μὴ
1984 774 2098 820 παρὼν
2300 787 2359 816 140

1422 827 1522 862 αὐτὸς
1540 827 1638 874 διδῷς
1656 824 1845 873 τάργύριον,
1866 827 1956 861 ὥστε
1973 828 2033 860 τοῦ
2052 827 2131 863 Διὸς

1423 879 1482 922 τὴν
1500 877 1647 923 δύναμιν,
1667 877 1707 923 ἢν
1723 880 1813 923 λυπῇ
1832 893 1876 919 τι,
1896 877 2095 914 καταλύσεις
2111 880 2224 924 μόνος.

1386 958 1394 966 .
1424 931 1458 965 τί
1475 931 1607 977 λέγεις;
1637 931 1678 966 δι’
1698 931 1754 976 ἐμὲ
1773 929 1913 966 θύουσιν
1930 931 2039 979 αὐτῷ;

1321 991 1386 1020 ΧΡ.

2063 981 2147 1028 φήμ’
2167 983 2246 1030 ἐγώ.

1423 1037 1476 1071 καὶ
1495 1035 1531 1081 νὴ
1551 1036 1606 1071 Δί’
1626 1034 1657 1071 εἴ
1672 1036 1705 1071 τί
1721 1036 1752 1083 γ’
1772 1037 1846 1071 ἔστι
1863 1037 2019 1082 λαμπρὸν
2036 1036 2089 1070 καὶ
2106 1037 2209 1070 καλὸν

1422 1088 1442 1133 ἦ
1459 1089 1576 1135 χάριεν
1593 1088 1812 1135 ἀνθρώποισι,
1832 1089 1886 1123 διὰ
1906 1088 1946 1123 σὲ
1963 1088 2123 1135 γίγνεται.
2303 1100 2358 1132 145

1422 1141 1550 1176 ἅπαντα
1567 1144 1614 1189 τῷ
1630 1143 1789 1176 πλουτεῖν
1805 1142 1870 1187 γάρ
1889 1140 1965 1175 ἐσθ’
1985 1139 2125 1185 ὑπήκοα.

1421 1194 1529 1240 ἔγωγέ
1544 1208 1596 1227 τοι
1614 1194 1668 1228 διὰ
1685 1194 1801 1239 μικρὸν
1819 1188 2010 1239 ἀργυρίδιον

1423 1246 1545 1281 δοῦλος
1561 1245 1750 1292 γεγένημαι,
1770 1245 1824 1280 διὰ
1842 1254 1880 1280 τὸ
1898 1245 1942 1290 μὴ
1961 1247 2119 1280 πλουτεῖν
2135 1242 2232 1281 ἴσως.

1422 1298 1475 1332 καὶ
1493 1299 1552 1333 τάς
1568 1297 1600 1343 γ’
1620 1298 1750 1344 ἑταίρας
1768 1298 1858 1343 φασὶ
1875 1298 1934 1333 τὰς
1955 1296 2141 1343 Κορινθίας,

1422 1350 1501 1385 ὅταν
1517 1350 1578 1394 μὲν
1596 1350 1695 1385 αὐτάς
1713 1364 1763 1386 τις
1779 1350 1878 1394 πένης
1895 1353 2018 1396 πειρῶν
2035 1348 2133 1394 τύχῃ,
2302 1363 2358 1394 ¹50

1423 1403 1498 1437 οὐδὲ
1516 1403 1699 1448 προσέχειν
1717 1403 1774 1436 τὸν
1792 1404 1879 1441 νοῦν,
1901 1402 1957 1436 ἐὰν
1975 1402 2011 1436 δὲ
2028 1400 2207 1440 πλούσιος,

1422 1455 1480 1489 τὸν
1497 1455 1649 1501 πρῶκτὸν
1667 1454 1767 1490 αὐτὰς
1786 1453 1882 1489 εὐθὺς
1900 1455 1943 1490 ὡς
1962 1456 2080 1488 τοῦτον
2098 1454 2240 1500 τρέπειν.

1421 1508 1473 1541 καὶ
1491 1505 1568 1542 τούς
1584 1521 1624 1553 γε
1640 1507 1759 1542 παῖδας
1778 1507 1868 1552 φασὶ
1886 1507 1986 1540 ταύτὸ
2004 1508 2103 1540 τοῦτο
2122 1506 2215 1552 δρᾶν,

1422 1559 1461 1594 οὗ
1477 1562 1542 1594 τῶν
1560 1559 1720 1605 ἐραστῶν,
1740 1558 1830 1592 ἀλλὰ
1848 1558 2027 1605 τάργυρίου
2043 1559 2154 1604 χάριν.

1419 1612 1458 1646 οὐ
1476 1608 1553 1647 τούς
1569 1626 1609 1657 γε
1625 1610 1806 1657 χρηστοὺς,
1827 1611 1918 1645 ἀλλὰ
1935 1610 2012 1646 τοὺς
2028 1612 2182 1654 πόρνους·
2213 1611 2283 1645 ἐπεὶ
2301 1624 2354 1655 155

1421 1663 1573 1698 αίτοῦσιν
1591 1663 1650 1697 οὐκ
1668 1661 1825 1709 ἀργύριον
1843 1664 1874 1697 οἱ
1892 1663 2049 1709 χρηστοί.
2105 1668 2175 1697 ΚΑ.
2205 1662 2238 1697 τί
2255 1663 2332 1703 δαί;

1420 1718 1438 1750 ὁ
1455 1716 1515 1760 μὲν
1532 1713 1634 1751 ἵππον
1651 1715 1788 1761 ἀγαθὸν,
1808 1717 1826 1750 ὁ
1845 1715 1880 1750 δὲ
1899 1714 1995 1750 κύνας
2014 1715 2217 1760 θηρευτικάς.

1418 1768 1654 1813 αἰσχυνόμενοι
1672 1767 1737 1814 γὰρ
1756 1765 1913 1814 ἀργύριον
1931 1766 2033 1802 αἷτεῖν
2048 1766 2133 1803 ἴσως

1421 1820 1557 1864 ὀνόματι
1574 1819 1812 1867 περιπέττουσι
1830 1820 1889 1864 τὴν
1906 1819 2104 1865 μοχθηρίαν.

1417 1871 1531 1918 τέχναι
1550 1872 1586 1908 δὲ
1602 1874 1710 1908 πᾶσαι
1729 1873 1782 1907 διὰ
1799 1873 1839 1907 σε’
1858 1873 1911 1906 καὶ
1930 1873 2141 1917 σοφίσματα,
2298 1876 2355 1908 160

1421 1926 1456 1960 ἐν
1473 1927 1583 1960 τοῖσιν
1600 1923 1827 1971 ἀνθρώποισίν
1845 1923 1921 1959 ἐσθ’
1941 1923 2112 1971 εὑρημένα.

1421 1980 1439 2012 ὁ
1457 1978 1517 2021 μὲν
1533 1978 1599 2023 γὰρ
1617 1977 1724 2011 αὐτῶν
1743 1978 1942 2020 σκυτοτομεῖ
1958 1975 2149 2020 καθήμενος,

1418 2026 1530 2073 ἕτερος
1548 2029 1585 2062 δὲ
1602 2026 1760 2073 χαλκεύει
1778 2024 1839 2068 τις,
1859 2030 1877 2064 6
1895 2030 1932 2064 δέ
1949 2029 2163 2064 τεκταίνεται.

1417 2081 1435 2112 ὁ
1454 2080 1490 2114 δέ
1507 2083 1698 2126 χρυσοχοεῖ
1713 2096 1763 2124 γε,
1783 2081 1928 2126 χρυσίον
1945 2082 2035 2128 παρὰ
2054 2083 2119 2116 σοῦ
2135 2083 2264 2124 λαβὼν,

1417 2132 1435 2165 ὁ
1454 2131 1491 2165 δὲ
1508 2133 1699 2167 λωποδυτεῖ
1713 2148 1754 2179 γε
1772 2133 1809 2176 νὴ
1829 2132 1897 2173 Δί’,
1918 2135 1936 2167 ὁ
1955 2134 1991 2168 δὲ
2009 2135 2222 2181 τοιχωρυχεῖ,
2298 2137 2353 2177 165

1416 2183 1435 2217 6
1453 2183 1490 2218 δὲ
1507 2183 1669 2230 γναφεύει
1687 2184 1732 2231 γ’,
1753 2188 1770 2219 ὁ
1790 2185 1828 2219 δέ
1843 2201 1884 2232 γε
1901 2184 2020 2221 πλύνει
2038 2187 2151 2226 κώδια,

1416 2236 1434 2269 ὁ
1453 2235 1490 2270 δὲ
1507 2236 1724 2283 βυρσοδεψεῖ
1739 2237 1784 2283 γ’,
1805 2239 1823 2271 ὁ
1842 2238 1881 2273 δέ
1894 2253 1934 2284 γε
1952 2240 2062 2273 πωλεῖ
2078 2240 2240 2285 κρόμμυα,

1415 2289 1434 2321 ὁ
1453 2286 1482 2322 δ’
1500 2287 1605 2324 ἁλούς
1621 2303 1661 2335 γε
1678 2291 1798 2334 μοιχὸς
1816 2290 1870 2324 διὰ
1888 2290 1933 2324 σέ
1948 2305 2014 2325 που
2031 2291 2286 2337 παρατίλλεται.

1436 2338 1452 2351 ³!
1557 2342 1564 2354 1
1747 2342 1754 2353 Ι
1795 2340 1804 2353 ²
1833 2342 1841 2354 )
1876 2343 1885 2354 Ι

1380 2365 1388 2374 .
1417 2354 1507 2385 οιμοι
1525 2343 1640 2380 ταλας,
1659 2356 1752 2376 ταυτι
1771 2357 1796 2387 μ
1825 2342 2002 2377 ελανθανεν
2019 2343 2137 2378 πάλαι.

1376 2417 1385 2427 .
1413 2393 1517 2439 μέγας
1534 2394 1570 2428 δέ
1588 2394 1754 2436 βασιλεὺς
1771 2394 1849 2440 οὐχὶ
1867 2395 1921 2429 διὰ
1938 2397 2058 2429 τοῦτον
2075 2398 2180 2441 κομᾷ;
2298 2406 2357 2439 170

1416 2444 1578 2489 ἐκκλησία
1596 2444 1624 2481 δ’
1644 2446 1722 2492 οὐχὶ
1741 2447 1794 2481 διὰ
1812 2449 1932 2482 τοῦτον
1948 2447 2118 2493 γίγνεται;

1415 2497 1448 2531 τί
1466 2497 1523 2538 δε;
1553 2498 1611 2534 τὰς
1629 2497 1773 2545 τριήρεις
1791 2499 1831 2533 οὗ
1850 2498 1896 2533 σὺ
1913 2501 2076 2544 πληροῖςῗ
2106 2499 2179 2535 εἶπέ
2194 2513 2264 2544 μοι.

1415 2549 1453 2584 τὸ
1472 2549 1499 2584 δ’
1520 2550 1554 2584 ἐν
1573 2551 1724 2598 Κορίνθῳ
1743 2551 1871 2595 ξενικὸν
1889 2552 1952 2597 οὐχ
1971 2551 2068 2588 οὗτος
2086 2551 2225 2598 τρέφεις

1416 2603 1435 2635 6
1453 2603 1638 2648 Πάμφιλος
1656 2602 1684 2638 δ’
1704 2603 1781 2649 οὐχὶ
1799 2604 1853 2638 διὰ
1870 2606 1989 2638 τοῦτον
2007 2603 2211 2644 κλαύσεται;

1417 2654 1436 2687 6
1455 2656 1696 2699 βελονοπώλης
1715 2655 1742 2690 δ’
1762 2656 1840 2701 οὐχὶ
1857 2656 1941 2700 μετὰ
1958 2658 2018 2690 τοῦ
2036 2656 2246 2702 Παμφίλους
2297 2666 2354 2700 175

1415 2704 1592 2753 Ἀγύρριος
1610 2707 1639 2741 δ’
1657 2708 1734 2753 οὐχὶ
1752 2708 1807 2743 διὰ
1825 2710 1943 2743 τοῦτον
1960 2708 2137 2754 πέρδεται;

1417 2758 1584 2805 Φιλέψιος
1603 2759 1632 2794 δ’
1651 2760 1716 2805 οὐχ
1735 2759 1828 2795 ἕνεκα
1846 2762 1911 2795 σοῦ
1928 2759 2054 2805 μύθους
2070 2761 2186 2804 λέγει;

1418 2809 1437 2853 ἡ
1456 2811 1627 2856 ξυμμαχία
1645 2810 1674 2846 δ’
1692 2812 1731 2846 οὐ
1750 2813 1804 2847 διὰ
1823 2813 1864 2847 σὲ
1882 2814 1952 2848 τοῖς
1970 2812 2165 2859 Αἰγυπτίοις
2175 2825 2185 2852 ;

1417 2862 1475 2908 ε’ρᾷ
1493 2863 1529 2897 δέ
1547 2862 1628 2900 Λαῒς
1646 2864 1685 2898 οὐ
1704 2865 1758 2899 διὰ
1777 2865 1818 2899 σὲ
1837 2864 2044 2906 Φιλωνίδου;

1416 2916 1435 2949 ὁ
1452 2915 1614 2959 Τιμοθέου
1633 2916 1669 2951 δὲ
1686 2915 1814 2963 πύργος
2238 2915 2242 2920 ’
2299 2921 2357 2952 180

1835 2968 1978 3013 ἐμπέσοι
1994 2968 2036 3015 γέ
2052 2983 2122 3004 σοι.

1417 3018 1457 3052 τὰ
1476 3019 1512 3053 δὲ
1530 3019 1697 3067 πράγματ’
1716 3020 1793 3066 οὐχὶ
1811 3021 1866 3055 διὰ
1885 3021 1925 3055 σὲ
1943 3022 2051 3056 πάντα
2067 3022 2267 3067 πράττεται;

1417 3072 1606 3114 μονώτατος
1624 3073 1689 3118 γὰρ
1708 3069 1741 3107 εἶ
1756 3072 1800 3107 σὺ
1817 3074 1950 3108 πάντων
1967 3071 2083 3112 αἴτιος,

1418 3123 1470 3156 καὶ
1489 3126 1554 3158 τῶν
1572 3128 1678 3158 κακῶν
1697 3125 1749 3159 καὶ
1767 3128 1833 3159 τῶν
1849 3124 1994 3171 ἀγαθῶν,
2014 3124 2051 3159 εὖ
2068 3123 2142 3160 ἴσθ’
2161 3124 2225 3159 ὅτι.

1378 3199 1386 3208 .
1415 3178 1575 3219 κρατοῦσι
1591 3178 1674 3222 γοῦν
1692 3176 1751 3211 κάν
1767 3179 1837 3213 τοῖς
1853 3176 2014 3221 πολέμοις
2031 3177 2191 3212 ἑκάστοτε

1418 3226 1473 3271 ἐφ’
1487 3224 1536 3262 οἷς
1555 3228 1594 3262 ἂν
1612 3227 1709 3264 οὗτος
1728 3228 1955 3272 ἐπικαθέζηται
1972 3231 2084 3273 μόνον.
2296 3233 2353 3274 185

1418 3278 1482 3324 ἐγὼ
1501 3282 1650 3314 τοσαῦτα
1668 3281 1805 3316 δυνατός
1823 3280 1885 3324 εἶμ’
1905 3277 1951 3316 εἷς
1965 3280 2014 3315 ,ὢν
2031 3282 2159 3321 ποιεῖν;

1419 3330 1471 3364 καὶ
1490 3331 1541 3364 ναὶ
1560 3332 1605 3374 μὰ
1624 3332 1688 3366 Δία
1705 3331 1831 3366 τούτων
1847 3347 1888 3378 γε
1904 3334 2025 3380 πολλῷ
2042 3333 2194 3367 πλείονα·

1420 3382 1500 3415 ὥστ’
1521 3383 1596 3417 οὐδὲ
1614 3385 1739 3428 μεστὸς
1757 3386 1822 3418 σοῦ
1839 3384 1947 3430 γέγον’
1967 3384 2076 3420 οὐδεὶς
2092 3385 2238 3419 πώποτε.

1419 3437 1484 3468 τῶν
1500 3435 1561 3479 μὲν
1577 3436 1643 3481 γὰρ
1661 3436 1777 3470 ἄλλων
1795 3436 1869 3470 ἐστὶ
1886 3437 2018 3471 πάντων
2034 3435 2227 3480 πλησμονή·

1420 3486 1541 3531 ἔρωτος
1563 3492 1634 3520 ΚΑ.
1650 3485 1758 3533 ἄρτων
1781 3492 1848 3522 ΧΡ.
1864 3489 2027 3532 μουσικῆς
2050 3493 2121 3522 ΚΑ.
2137 3488 2354 3534 τραγημάτων

1373 3561 1383 3572 .
1417 3539 1511 3582 τιμῆς
1564 3543 1635 3573 ΚΑ.
1663 3538 1880 3574 πλακούντων
2294 3552 2349 3584 191

1832 3591 2051 3637 ἀνδραγαθίας
2102 3595 2173 3626 ΚΑ.
2203 3590 2354 3637 ῖσχάδον
