2488 3860
191 1289 248 1321 ‹1›1.

195 2710 266 2740 rffE.

195 2867 252 2897 ΦῙ.

198 2972 269 3001 ΝΕᾊ

196 3077 253 3106 ΦΙ.

198 3130 271 3159 ῢὲΕ.

197 3182 254 3210 ΦΙ.

198 3234 271 3263 ἲῖΕ.

198 3286 256 3315 ΦῙ.

200 3338 272 3367 bcss.

199 3390 256 3418 ΦΙ.

201 3442 273 3471 ΡῦΕ.

200 3494 257 3523 ΦῙ.

202 3546 274 3576 ΓἹΕ.

202 3598 260 3628 ΦΙ.

1041 281 1451 326 ΦΙΛΟΚΤΗΤΗΣ.

293 385 396 431 ταύτῃ
413 383 476 431 μὶν
492 383 581 433 αἴρῃ,
600 384 680 431 τῇδε
698 384 727 422 δ’
745 385 788 422 αὖ
805 385 885 432 δύνῃ
903 386 1020 427 πάλιν.

292 439 373 485 πρὶν
388 438 430 474 ἂν
446 438 488 474 τὰ
505 438 627 486 Τροίας
643 438 734 475 πεδί’
753 440 837 475 ἑκὼν
854 439 954 477 αὐτὸς
969 441 1089 485 μόλῃς.

293 491 348 526 καὶ
359 494 427 527 τῶν
442 491 522 538 παρ’
540 490 618 536 ἡμῖν
636 492 784 538 ἐντυχὼν
799 491 1038 538 Ἀσκληπιδῶν

293 545 398 579 νόσου
414 544 594 591 μαλαχθῇς
610 545 728 589 τῆσδε,
748 546 803 581 καὶ
821 546 862 581 τὰ
878 545 1035 593 πέργαμα

292 596 354 641 ξὺν
370 598 489 633 τοῖσδε
505 597 619 641 τόξοις
637 596 699 641 ξύν
715 597 745 632 τ’
765 599 839 644 ἐμοὶ
855 599 988 646 πέρσας
1003 599 1127 645 φανῇς.
1153 610 1230 642 1335

292 649 337 686 ὥς
354 649 383 685 δ’
403 647 478 685 οἶδα
493 653 599 685 ταῦτα
615 650 686 695 τῇδ’
705 650 814 697 ἔχοντ’
834 651 900 699 ἐγὼ
918 652 1059 699 φράσω.

291 702 375 749 ἀνὴρ
391 703 457 750 γὰρ
475 702 552 748 ἡμῖν
570 703 666 738 ἐστιν
683 704 720 739 ἐκ
737 703 858 750 Τροίας
876 705 992 745 ἁλοὺς,

288 753 431 792 Ἕλενος
447 756 698 802 ἀριστόμαντις,
718 755 756 794 ὃς
772 757 868 805 λέγει
886 759 1009 804 σαφῶς

293 808 338 845 ὦς
356 808 409 843 δεῖ
423 808 583 855 γενέσθαι
600 811 716 845 ταῦτα·
746 810 801 845 καὶ
817 811 904 857 πρὸς
920 810 1030 846 τοῖσδ’
1049 811 1110 850 ἔτι,

293 861 338 897 ὣς
355 858 427 896 ἔστ’
444 861 569 909 ἀνάγκη
588 864 649 897 τοῦ
665 866 886 909 παρεστῶτος
903 862 1022 910 θέρους

292 913 415 961 Τροίαν
431 915 558 950 ἁλῶναι
575 916 703 949 πᾶσαν·
731 914 752 960 ἦ
772 915 889 950 δίδωσ’
908 916 992 951 ἐκῶν

293 966 431 1001 κτείνειν
448 968 577 1007 ἑαυτὸν,
596 966 637 1012 ἢν
654 968 735 1003 τάδε
752 968 894 1015 ψευσθῇ
910 969 1033 1016 λέγων.

291 1018 384 1055 ταῦτ’
403 1018 462 1055 οὖν
480 1020 553 1055 ἐπεὶ
571 1020 747 1059 κάτοισθα,
768 1022 941 1068 συγχώρει
960 1021 1085 1058 θέλων.

293 1072 379 1117 καλὴ
397 1073 464 1120 γὰρ
481 1072 501 1118 ἡ
519 1072 700 1118 ’πίκτησις,
719 1073 896 1118 Ἑλλήνων
914 1074 970 1109 ἕνα

292 1123 432 1170 κριθέντ’
450 1125 603 1172 ἄριστον,
623 1129 724 1162 τοῦτο
742 1127 804 1172 μὲν
820 1127 981 1164 παιωνίας

295 1180 330 1216 ἐς
351 1180 468 1225 χεῖρας
492 1178 620 1219 ἐλθεῖν,
640 1176 711 1215 εἷτα
728 1180 794 1225 τὴν
811 1179 1027 1216 πολύστονον

294 1230 417 1278 Τροίαν
434 1232 554 1267 έλόντα
573 1232 672 1269 κλέος
689 1232 875 1279 ὑπέρτατον
894 1235 1026 1273 λαβεῖν.

295 1283 321 1319 ὦ
340 1285 486 1331 στυγνὸς
502 1285 594 1326 αἰὼν,
615 1286 649 1321 τί
665 1301 718 1330 με,
738 1287 772 1320 τί
790 1287 852 1331 δῆτ
879 1287 969 1332 ἔχεις
986 1287 1053 1322 ἅνω

292 1337 467 1378 βλέποντα
485 1338 565 1373 κούκ
583 1339 716 1384 ἀφῆκας
735 1339 782 1375 εἷς
794 1338 914 1374 Ἀιδου
931 1342 1050 1384 μολεῖν
1065 1352 1075 1381 ;

293 1388 396 1435 οἴμοι,
415 1391 450 1425 τί
467 1391 583 1438 δράσω
599 1404 608 1431 ;
637 1396 709 1428 πῶς
727 1391 909 1437 ἀπιστήσω
926 1395 1045 1440 λόγοις

293 1445 364 1480 τοῖς
380 1443 485 1484 τοῦδ’,
505 1443 542 1480 ὃς
560 1446 675 1480 εὔνους
693 1445 738 1479 ὧν
756 1445 830 1490 ἐμοὶ
847 1444 1058 1492 παρῄνεσεν;

293 1495 372 1532 ἀλλ’
391 1495 512 1531 εἷκάθω
531 1497 601 1541 δῆτ’
615 1511 624 1538 ;
654 1494 725 1532 εἶτα
742 1501 814 1534 πῶς
832 1500 850 1533 ὁ
869 1497 1041 1545 δύσμορος

297 1551 331 1587 ἐς
353 1550 429 1596 φῶς
452 1549 523 1584 τάδ’
543 1550 642 1596 ἔρξας
660 1547 748 1595 εἶμι;
778 1554 826 1599 τῷ
842 1550 1085 1598 προσήγοροςς

293 1605 376 1641 πῶς,
397 1601 423 1636 ὦ
440 1603 482 1637 τὰ
499 1601 596 1638 πάντ’
614 1603 740 1639 ἰδόντες
757 1603 844 1649 ἀμφ’
864 1604 946 1649 ἐμοῦ
964 1603 1093 1648 κύκλοι,

294 1653 385 1689 ταῦτ’
419 1654 701 1701 ἐξανασχήσεσθε
718 1658 830 1690 τοῖσιν
847 1655 992 1703 Ἀτρέως

295 1707 352 1752 ἐμὲ
371 1707 512 1751 ξυνόντα
529 1709 660 1748 παισὶν,
679 1707 714 1743 οἵ
727 1708 761 1754 μ’
781 1709 988 1750 ἀπώλεσαν;

293 1763 365 1796 πῶς
382 1763 429 1808 τῷ
447 1762 595 1796 πανώλει
613 1762 707 1797 παιδὶ
725 1766 772 1810 τῷ
790 1762 976 1808 Λαερτίου;

294 1813 334 1848 οὗ
351 1813 417 1859 γάρ
434 1828 477 1858 με
494 1813 621 1860 τᾶλγος
638 1818 705 1849 τῶν
722 1814 960 1861 παρελθόντων
978 1815 1100 1856 δάκνει,

1154 875 1234 907 ¹340

1151 1139 1231 1172 ¹345

1155 1405 1236 1437 ¹350

1158 1670 1235 1702 ¹355

280 1864 373 1900 ·ιὶλλ’
393 1862 447 1900 οἶα
463 1866 530 1912 χρὴ
549 1866 668 1901 παθεῖν
684 1882 727 1911 με
743 1869 829 1913 πρὸς
846 1866 975 1902 τούτων
992 1868 1042 1902 ἔτι

295 1918 382 1953 δοκῶ
399 1917 644 1965 προλεύσσειν.
674 1920 725 1956 οἷς
742 1921 809 1966 γὰρ
827 1918 846 1963 ἡ
864 1921 978 1967 γνώμη
997 1923 1106 1956 κακῶν

294 1969 403 2017 μήτηρ
419 1970 567 2017 γένηται,
586 1970 699 2006 τᾶλλα
715 1970 866 2007 παιδεύει
887 1970 1020 2009 κακούς.

293 2023 347 2056 καὶ
367 2024 432 2056 σοῦ
451 2021 480 2057 δ’
499 2023 605 2069 ἔγωγε
625 2021 801 2066 θαυμάσας
819 2021 887 2066 ἔχω
906 2021 995 2054 τόδε.

291 2075 379 2120 χρῆν
395 2075 462 2121 γάρ
481 2089 523 2109 σε
540 2073 615 2119 μήτ’
635 2074 736 2108 αὐτόν
752 2072 828 2108 ποτ’
848 2073 882 2108 ἐς
899 2072 1021 2118 Τροίαν
1037 2072 1167 2117 μολεῖν,

292 2125 379 2170 ἡμᾶς
396 2125 424 2160 τ’
443 2126 627 2173 ἀπείργειν,
646 2123 683 2160 οἷ
696 2125 739 2172 γέ
755 2139 821 2160 σου
840 2123 1062 2170 καθύβρισαν,

296 2180 423 2226 πατρὸς
439 2179 541 2225 γέρας
560 2181 744 2214 συλῶντες.
779 2175 830 2223 [οἳ
847 2178 906 2212 τὸν
923 2177 1042 2212 ἄθλιον

298 2229 416 2266 Αἴανθ’
436 2231 552 2266 ὅπλων
570 2234 636 2266 σοῦ
654 2231 782 2277 πατρὸς
799 2228 944 2276 ὕστερον
962 2230 1036 2274 δίκῃ

296 2283 497 2320 Ὀδυσσέως
514 2279 679 2331 ἕκριναν.]
709 2280 781 2318 εἶτα
798 2283 916 2317 τοῖσδε
935 2282 980 2317 σὺ

299 2333 333 2371 εἷ
346 2335 589 2382 ξυμμαχήσων,
610 2332 685 2381 κᾶμ’
704 2335 897 2382 ἀναγκάζεις
914 2335 1016 2375 τάδε;

295 2389 340 2435 μὴ
359 2390 454 2434 δῆτα,
473 2389 600 2423 τέκνον·
630 2387 707 2423 ἀλλ’
727 2389 749 2423 ἅ
766 2402 823 2433 μοι
842 2388 1052 2432 ξυνώμοσας,

294 2442 436 2487 πέμψον
452 2442 538 2488 πρὸς
555 2439 677 2477 οἴκους·
709 2441 827 2476 καύτὸς
846 2440 880 2474 ἐν
898 2438 1012 2488 Σκύρῳ
1029 2439 1137 2485 μένων

297 2495 334 2528 ἔα
352 2498 458 2530 κακῶς
476 2494 597 2530 αὐτοὺς
614 2493 834 2529 ἀπόλλυσθαι
852 2491 983 2528 κακούς.

296 2549 410 2592 χοῦτω
428 2547 552 2591 διπλῆν
568 2547 630 2592 μὲν
648 2547 686 2590 ἐξ
705 2547 786 2590 ἐμοῦ
805 2543 921 2589 κτήσει
938 2546 1051 2591 χάριν,

297 2600 421 2644 διπλῆν
439 2600 475 2634 δὲ
493 2601 632 2646 πατρός·
662 2599 722 2633 κού
741 2597 860 2633 κακοὺς
879 2598 1065 2643 ἐπωφελῶι

298 2652 407 2695 δόξεις
425 2651 540 2696 ὅμοιος
557 2654 628 2688 τοῖς
646 2653 758 2687 κακοῖς
775 2649 973 2696 πεφυκέναι.

294 2705 407 2751 λέγεις
424 2705 485 2749 μὲν
503 2702 614 2744 εἷκότ’,
634 2703 713 2738 ἀλλ’
733 2703 822 2748 ὅμως
841 2717 883 2736 σε
899 2701 1070 2747 βούλομαι

299 2757 388 2793 θεοῖς
405 2771 442 2791 τε
459 2755 692 2792 πιστεύσαντα
709 2758 780 2791 τοῖς
797 2754 826 2789 τ’
846 2755 938 2799 ἐμοῖς
954 2757 1072 2801 λόγοις

298 2810 407 2854 φίλου
424 2809 495 2854 μετ’
515 2810 635 2854 ἀνδρὸς
651 2809 750 2843 τοῦδε
767 2806 864 2852 τῆσδ’
884 2807 1020 2842 ἐκπλεῖν
1035 2806 1170 2853 χθονός.

298 2860 318 2905 ἦ
336 2863 422 2908 πρὸς
438 2862 480 2896 τὰ
497 2861 617 2908 Τροίας
634 2861 733 2896 πεδία
751 2861 805 2894 καὶ
822 2860 881 2894 τὸν
892 2858 1036 2907 Ἀτρέως
1163 2862 1242 2903 1376

299 2913 461 2959 ἔχθιστον
477 2915 550 2948 υἱὸν
567 2912 824 2961 τῴδεδυστήνῳ
842 2912 924 2946 ποδί
934 2925 943 2952 ;

298 2967 384 3013 πρὸς
400 2966 479 3002 τοὺς
496 2966 557 3012 μὲν
575 2965 635 3000 οὖν
653 2980 695 3000 σε
713 2964 810 3009 τήνδε
828 2963 857 2998 τ’
876 2965 1003 3008 ἔμπυον
1019 2965 1126 3006 βάσιν

298 3017 492 3055 παύσοντας
509 3019 636 3065 ἄλγους
654 3018 913 3059 κάποσώζοντας
931 3018 1047 3052 νόσου.

301 3070 327 3105 ὦ
345 3071 453 3106 δεινὸν
470 3068 563 3106 αἶνον
580 3070 727 3109 αἰνέσας,
747 3070 781 3103 τί
798 3068 868 3114 φῄς
884 3082 989 3109 ποτε;

299 3122 322 3157 ἃ
339 3123 398 3157 σοί
414 3138 452 3157 τε
470 3123 568 3168 κάμοὶ
586 3122 699 3169 Mure*
720 3124 788 3168 ὁρῶ
805 3119 1002 3165 τελούμενα.

301 3176 354 3210 καὶ
371 3178 475 3216 ταῦτα
492 3175 595 3219 λέξας
613 3175 652 3209 οὐ
671 3172 888 3218 καταισχύνει
907 3172 1024 3214 θεούς;

298 3231 371 3263 πῶς
386 3228 453 3274 γάρ
471 3242 522 3263 τις
539 3225 726 3272 αἷσχύνοιτ’
746 3226 786 3260 ἂν
804 3224 1064 3271 ὢφελούμενος;

300 3279 414 3326 λέγεις
432 3278 461 3314 δ’
477 3279 665 3325 Ἀτρείδαις
683 3278 823 3324 ὄφελος,
843 3277 863 3322 ἢ
881 3275 926 3312 ’π’
946 3278 1019 3323 ἐμοὶ
1036 3280 1138 3320 τόδε;

303 3332 362 3366 σοί
378 3346 444 3367 που
462 3332 569 3378 φίλος
585 3331 618 3378 γ’
638 3331 694 3370 ὢν,
714 3331 766 3375 χώ
784 3332 891 3376 λόγος
907 3331 1044 3366 τοιόσδε
1060 3347 1138 3376 μου.
1164 3339 1242 3376 1385

303 3387 386 3426 πῶς,
406 3384 444 3420 ὅς
459 3400 501 3431 γε
518 3385 588 3419 τοῖς
607 3383 766 3430 ἐχθροῖσί
781 3382 814 3426 μ’
832 3382 986 3417 ἐκδοῦναι
1004 3383 1138 3424 θέλεις;

302 3436 329 3470 ὦ
346 3438 419 3477 τᾶν,
439 3437 602 3472 διδάσκου
619 3435 664 3481 μὴ
684 3433 914 3481 θρασύνεσθαι
931 3437 1056 3472 κακοῖς.

305 3489 397 3525 ὀλεῖς
413 3504 467 3534 με,
486 3491 666 3536 γιγνώσκω
686 3502 739 3528 σε,
758 3487 877 3522 τοῖσδε
893 3489 964 3523 τοῖς
980 3489 1111 3536 λόγοις.

304 3543 425 3576 οὔκουν
442 3541 562 3588 ἔγωγε·
591 3541 680 3586 φημὶ
698 3539 726 3575 δ’
747 3541 788 3574 οὔ
805 3554 847 3574 σε
864 3539 1052 3584 μανθάνειν.
1067 3564 1073 3577 x

304 3592 403 3639 ἔγωγ’
421 3592 595 3640 Ἀτρείδας
613 3593 819 3635 ἐκβαλόντας
835 3589 910 3628 οἶδά
926 3607 980 3638 με.

1159 1924 1238 1964 1360

1161 2284 1237 2326 ¹365

1161 2558 1240 2589 ¹370

1164 3074 1242 3112 1380

1168 3607 1247 3639 ‚390
1265 3568 1271 3629 Ι

1277 393 1334 424 rffE

1278 446 1336 476 ΦῙ.

1279 499 1351 528 tQE.

1279 711 1337 741 ΦΙ.

1280 975 1352 1006 ῘἹΕ.

1280 1029 1353 1059 ΓἹΕ.

1279 1082 1352 1111 rffE.

1280 1134 1354 1165 rQE.

1280 1187 1338 1218 ΦΙ.

1279 1240 1353 1271 ἙἿΕ.

1279 1293 1336 1324 ΦΙ.

1279 1346 1352 1377 ἙῦΕ.

1279 1399 1353 1429 ΒΨΕ.

1281 1453 1351 1483 fiP.

1289 3345 1348 3374 ΦΙ.

2242 274 2319 322 175

1379 386 1459 423 ἀλλ’
1478 386 1681 430 ἐκβαλόντες
1698 385 1728 421 εἶ
1744 386 1849 423 πάλιν
1865 384 2021 432 advo-ovo?
2040 384 2115 434 ὅρα.

1383 438 1542 476 οὐδέποθ’
1562 441 1680 475 ἑκόντα
1694 438 1728 486 γ’
1747 439 1838 475 ὥστε
1855 440 1915 485 τὴν
1931 439 2055 487 Τροίαν
2072 438 2166 475 ἰδεῖν.

1380 493 1415 528 τί
1432 491 1502 538 δῆτ’
1521 492 1563 528 ἂν
1578 491 1674 538 ἡμεῖς
1690 492 1831 540 δρῷμεν,
1851 493 1881 527 εἷ
1899 492 1944 528 σέ
1958 492 1991 539 γ’
2011 493 2047 528 ἐν
2063 493 2182 539 λόγοις

1381 546 1514 582 πείσειν
1530 545 1773 590 δυνησόμεσθα
1789 546 1892 590 μηδὲν
1910 545 1956 580 ῶν
1971 545 2064 592 λέγω
2077 557 2086 585 ;

1383 600 1428 635 ὡς
1445 596 1544 646 ῥᾷστ’
1563 598 1638 644 ἐμοὶ
1654 598 1716 643 μὲν
1732 601 1800 632 τῶν
1816 599 1930 643 λόγων
1946 598 2059 643 λῆξαι,
2079 597 2123 633 σὲ
2140 596 2178 632 δὲ

1384 653 1443 697 ζῆν
1461 652 1578 698 ὥσπερ
1595 651 1657 696 ἤδη
1677 651 1734 696 ζῇς
1750 650 1828 685 ἄνευ
1847 651 2027 696 σωτηρίας.

1383 705 1421 740 ἔα
1437 720 1480 750 με
1496 705 1646 750 πάσχειν
1663 702 1760 738 ταῦθ’
1779 703 1865 750 ἅπερ
1882 703 2001 739 παθεῖν
2017 718 2060 748 με
2077 703 2139 738 δεῖ·

1382 757 1404 792 ἂ
1422 756 1451 793 δ’
1467 755 1592 803 ᾔνεσάς
1609 770 1667 802 μοι
1685 756 1797 801 δεξιᾶς
1815 756 1896 801 ἐμῆς
1914 755 2028 802 θιγὼν,

1382 810 1526 856 πέμπειν
1542 810 1627 857 πρὸς
1645 807 1768 849 οἴκους,
1787 809 1893 844 ταῦτά
1909 823 1967 854 μοι
1983 809 2125 855 πρᾶξον,
2145 808 2272 848 τέκνον,

1382 864 1436 898 καὶ
1452 863 1498 908 μὴ
1515 863 1663 909 βράδυνε
1679 861 1755 907 μηδ’
1775 861 1983 908 ἐπιμνησθῇς
1999 862 2049 896 ἔτι
2246 875 2324 905 1400

1381 916 1515 963 Τροίας.
1544 915 1621 951 ἅλις
1637 915 1704 962 γάρ
1721 928 1779 960 μοι
1794 913 1991 961 τεθρήνηται
2007 915 2114 960 γόοις.
2159 915 2163 919 ’

1382 969 1411 1004 εἶ
1427 970 1529 1011 δοκεῖ,
1550 967 1752 1013 στείχωμεν.
1783 972 1840 1001 ΦΙ.
1870 966 1897 1000 ὦ
1909 968 2061 1013 γενναῖον
2078 965 2215 1013 εἶρηκὸς
2232 967 2323 1003 ἔπος.

1382 1022 1551 1068 ἀντέρειδε
1562 1023 1620 1056 νῦν
1629 1021 1737 1062 βάσιν
1749 1018 1826 1064 σήν.
1853 1025 1910 1054 ΦΙ.
1927 1019 1975 1055 εἷς
1985 1018 2070 1053 ὅσον
2079 1019 2111 1066 γ’
2125 1020 2190 1066 ἐγὼ
2202 1019 2324 1054 σθένω.

1378 1075 1490 1117 αἰτίαν
1501 1074 1537 1109 δέ
1547 1077 1619 1110 πῶς
1628 1073 1776 1118 Ἀχαιῶν
1786 1070 1972 1118 φεύξομαι;
1992 1076 2050 1106 ΦΙ.
2066 1071 2110 1117 μὴ
2122 1072 2324 1119 φροντίσῃς.

1383 1128 1417 1163 τί
1433 1128 1511 1175 γὰρ,
1531 1127 1589 1162 ἐὰν
1605 1125 1762 1173 πορθῶσι
1779 1126 1894 1172 χώραν
1911 1124 1971 1171 τὴν
1990 1123 2070 1171 ἐμήν
2085 1138 2094 1165 ;
2247 1140 2324 1170 1405

2129 1177 2196 1222 ἐγὼ
2212 1179 2325 1226 παρὼν

2243 610 2321 640 1395

1382 1234 1457 1270 τίνα
1473 1232 1753 1280 προσωφέλησιν
1770 1231 1901 1279 ἔρξεις;

1884 1284 2013 1327 βέλεσι
2031 1285 2103 1321 τοῖς
2119 1283 2325 1332 Ἡρακλέους

1659 1344 1716 1375 ΦΙ.
1746 1336 1846 1385 εἴρξω
1864 1338 2035 1381 πελάζειν.

1853 1392 1971 1436 στεῖχε
1987 1389 2189 1438 προσκύσας
2205 1390 2326 1437 χθόνα.

1380 1445 1480 1492 μήπω
1497 1461 1549 1493 γε,
1568 1445 1649 1492 πρὶν
1666 1444 1707 1480 ἂν
1724 1448 1791 1479 τῶν
1808 1442 1978 1490 ἡμετέρων
2336 1449 2339 1451 ’

1382 1496 1457 1544 ἀΐῃς
1474 1497 1600 1544 μύθων,
1618 1499 1682 1533 παῖ
1697 1497 1875 1533 Ποίαντος·

1382 1553 1531 1598 φάσκειν
1549 1549 1578 1586 δ’
1597 1550 1701 1595 αὐδὴν
1718 1550 1779 1595 τὴν
1794 1549 2004 1596 Ἡρακλέους

1383 1605 1464 1650 ἀκοῇ
1482 1619 1520 1639 τε
1537 1602 1651 1639 κλύειν
1666 1602 1834 1638 λεύσσειν
1850 1601 1879 1637 τ’
1899 1601 1997 1648 ὄψιν.

1381 1657 1442 1702 τὴν
1461 1658 1526 1702 σὴν
1544 1656 1573 1692 δ’
1592 1656 1661 1702 ἥκω
1678 1657 1780 1703 χάριν
1797 1654 1953 1702 οὐρανίας

1382 1710 1482 1758 ἕδρας
1497 1709 1687 1757 προλιπὼν,

1381 1764 1424 1799 τὰ
1442 1765 1523 1799 Διός
1540 1778 1578 1797 τε
1595 1763 1743 1809 φράσων
1759 1759 1978 1806 βουλεύματά
1995 1775 2066 1801 σοι,

1382 1814 1617 1860 κατερητύσων
1635 1815 1669 1849 θ’
1689 1816 1769 1850 ὁδὸν
1786 1813 1807 1859 ἢ
1827 1814 1984 1850 στέλλει·

1383 1869 1429 1904 σὺ
1447 1868 1476 1904 δ’
1497 1869 1584 1913 ἐμῶν
1600 1866 1716 1913 μύθων
1733 1868 1937 1903 ἐπάκουσον.

1381 1922 1436 1957 καὶ
1453 1924 1570 1968 πρῶτα
1586 1921 1648 1965 μέν
1666 1934 1725 1955 σοι
1742 1920 1802 1956 τὰς
1821 1920 1901 1964 ἐμὰς
1918 1919 2009 1963 λέξω
2027 1916 2144 1966 τύχας,

1381 1973 1487 2009 ὅσους
1503 1971 1656 2017 πονήσας
1674 1973 1728 2007 καὶ
1745 1971 1928 2016 διεξελθὼν
1944 1974 2068 2008 πόνους

1384 2023 1550 2059 ἀθάνατον
1567 2023 1688 2070 ἀρετὴν
1705 2025 1824 2070 ἔσχον,
1844 2024 1889 2060 ῶς
1905 2023 2055 2068 πάρεσθ’
2075 2024 2169 2070 ὁρᾶν.

1384 2076 1527 2115 καῖ’σοὶ,
1550 2075 1635 2121 σάφ’
1655 2073 1744 2115 ἴσθι,
1763 2075 1853 2111 τοῦτ’
1873 2076 2051 2122 ὀφείλεται
2067 2075 2198 2117 παθεῖν,

1390 2128 1427 2163 ἐκ
1444 2132 1511 2163 τῶν
1527 2130 1640 2163 πόνων
1657 2128 1753 2163 τῶνδ’
1773 2129 1894 2163 εὐκλεᾶ
1912 2128 2033 2163 θέσθαι
2050 2129 2141 2172 βίον.

1386 2180 1500 2216 ἐλθὼν
1517 2181 1554 2216 δὲ
1573 2180 1638 2216 σὺν
1655 2181 1732 2230 τῷδ’
1752 2181 1848 2227 ἀνδρὶ
1864 2182 1951 2228 πρὸς
1967 2182 2007 2216 τὸ
2025 2183 2174 2228 Τρωικὸν

1385 2235 1542 2279 πόλισμα
1558 2237 1694 2280 πρῶτον
1711 2233 1772 2279 μὲν
1790 2235 1895 2268 νόσου
1912 2232 2038 2269 παύσει
2054 2236 2197 2281 λυγρᾶς,

1386 2287 1487 2333 ἀρετῇ
1503 2301 1541 2320 τε
1558 2290 1692 2333 πρῶτος
1710 2286 1871 2333 ἐκκριθεὶς
1889 2286 2151 2333 στρατεύματος,

1385 2340 1495 2386 Πάριν
1511 2339 1584 2383 μὲν,
1605 2338 1642 2376 ὃς
1659 2338 1755 2374 τῶνδ’
1774 2337 1880 2375 αἴτιος
1897 2343 2006 2375 κακῶν
2023 2341 2103 2386 ἔφυ,

1386 2392 1521 2435 τόξοισι
1538 2393 1610 2428 τοῖς
1627 2391 1742 2437 ἐμοῖσι
1760 2392 1917 2438 νοσφιεῖς
1933 2392 2026 2435 βίον,

1385 2444 1525 2491 πέρσεις
1542 2459 1580 2479 τε
1597 2444 1730 2491 Τροίαν,
1752 2445 1863 2480 σκῦλά
1880 2444 1908 2479 τ’
1930 2446 1965 2482 ἐς
1981 2445 2140 2492 μέλαθρα
2157 2445 2204 2480 σὰ

1386 2497 1548 2544 πέμψεις,
1568 2496 1715 2544 ἇριστεῖ’
1736 2497 1892 2540 ἐκλαβὼν
1911 2497 2174 2545 στρατεύματος,

1387 2550 1529 2584 Ποίαντι
1546 2551 1649 2597 πατρὶ
1666 2551 1751 2597 πρὸς
1768 2551 1898 2597 πάτρας
1917 2549 2018 2595 Οἴτης
2034 2552 2161 2586 πλάκα.

1388 2602 1410 2637 ἃ
1428 2602 1457 2637 δ’
1476 2603 1517 2637 ἂν
1533 2604 1646 2648 λάβῃς
1665 2603 1710 2638 σὺ
1729 2604 1841 2638 σκῦλα
1857 2604 1958 2638 τοῦδε
1974 2606 2035 2638 τοῦ
2055 2606 2216 2651 στρατοῦ,

1389 2655 1498 2699 τόξων
1516 2655 1603 2701 ἐμῶν
1619 2658 1761 2701 μνημεῖα
1777 2657 1864 2703 πρὸς
1879 2657 1990 2703 πυρὰν
2008 2657 2090 2702 ἐμὴν

1392 2709 1516 2753 κόμιζε.
1547 2709 1601 2743 καὶ
1619 2709 1678 2743 σοὶ
1695 2708 1800 2748 ταῦτ’,
1819 2708 2010 2755 Ἀχιλλέως
2027 2710 2153 2751 τέκνον,

1389 2760 1564 2807 παρῄνεσ’·
1595 2763 1673 2796 οὔτε
1689 2762 1756 2808 γὰρ
1775 2761 1820 2796 σὺ
1837 2761 1928 2797 τοῦδ’
1948 2762 2028 2810 ἅτερ
2046 2763 2179 2800 σθένεις

1390 2814 1480 2848 έλεῖν
1497 2815 1536 2848 τὸ
1554 2814 1675 2861 Τροίας
1691 2815 1808 2850 πεδίον
1826 2815 1901 2850 οὔθ’
1922 2814 2021 2852 οὗτος
2038 2815 2149 2851 σέθεν·

1391 2865 1470 2901 ἀλλ’
1490 2867 1535 2903 ὣς
1550 2866 1669 2902 λέοντε
1688 2869 1843 2913 συννόμω
1862 2869 2090 2914 φυλάσσετον

1390 2918 1488 2955 οὗτος
1507 2920 1548 2954 σὲ
1567 2919 1621 2954 καὶ
1641 2919 1686 2954 σὺ
1703 2920 1806 2955 τόνδ’.
1836 2921 1903 2968 ἐγὼ
1921 2921 1950 2956 δ’
1969 2921 2179 2966 Ἀσκληπιὸν

1392 2973 1572 3019 παυοτῆρα
1588 2972 1718 3020 πέμψω
1737 2975 1803 3019 σῆς
1820 2975 1924 3009 νόσου
1941 2976 2027 3021 πρὸς
2035 2973 2159 3010 Ἴλιον.

1390 3026 1430 3059 τὸ
1448 3023 1605 3071 δεύτερον
1620 3026 1687 3072 γὰρ
1704 3028 1775 3062 τοῖς
1793 3026 1886 3071 ἐμοῖς
1902 3027 2005 3072 αὐτὴν
2021 3028 2132 3074 χρεὼν

1391 3077 1504 3121 τόξοις
1521 3079 1661 3113 ἁλῶναι.
1690 3081 1790 3113 τοῦτο
1809 3078 1837 3114 δ’
1858 3079 2037 3120 ἐννοεῖσθ’,
2058 3080 2138 3115 ὅταν

1392 3130 1541 3177 πορθῆτε
1556 3132 1667 3178 γαῖαν,
1687 3131 1844 3174 εὐσεβεῖν
1861 3132 1904 3166 τὰ
1920 3134 2006 3179 πρὸς
2023 3131 2130 3169 θεούς·

1394 3183 1440 3218 ὣς
1457 3183 1569 3218 τᾶλλα
1585 3184 1694 3218 πάντα
1712 3183 1838 3231 δεύτερ’
1857 3183 1987 3231 ἡγεῖται
2003 3185 2114 3232 πατὴρ

1394 3233 1485 3271 Ζεύς.
1514 3235 1534 3279 ἡ
1551 3236 1618 3283 γὰρ
1637 3236 1796 3279 εὐσέβεια
1814 3236 2018 3282 συνθνήσκει
2035 3239 2186 3285 βροτοῖς.

1398 3286 1476 3332 [κᾶν
1493 3289 1578 3331 ζῶσι
1597 3288 1657 3323 κᾶν
1675 3288 1834 3330 θάνωσιν,
1854 3290 1916 3324 οὐκ
1932 3288 2155 3336 ἀπόλλυται.]

1395 3339 1422 3373 ὦ
1439 3339 1579 3388 φθέγμα
1595 3341 1752 3376 ποθεινὸν
1770 3341 1844 3388 ἐμοὶ
1860 3342 2014 3389 πέμψας,

1392 3394 1529 3438 χρόνιός
1546 3407 1584 3428 τε
1601 3394 1731 3439 φανεὶς,

1394 3444 1454 3479 οὐκ
1471 3444 1629 3490 ἀπιθήσω
1647 3448 1718 3482 τοῖς
1737 3448 1813 3483 σοῖς
1829 3446 1959 3492 μύθοις.

1381 1344 1452 1378 πῶς
1468 1339 1582 1387 λέγεις
1594 1352 1603 1379 ἱ

2249 1511 2328 1541 1410

2246 1771 2326 1808 ¹4¹5

2250 2036 2329 2067 ¹420

2251 2301 2328 2332 1425

2252 2565 2330 2594 ¹430

2255 2828 2331 2860 ¹435

2258 3093 2335 3122 1440

2258 3354 2333 3387 1445

1292 3502 1363 3532 NE.
1393 3497 1484 3544 κάγὼ
1499 3499 1614 3545 γνώμῃ
1633 3497 1735 3543 ταύτῃ
1753 3499 1896 3545 τίθεμαι.

1292 3555 1364 3586 ΗΡ.
1392 3548 1438 3594 μή
1457 3564 1515 3585 νυν
1530 3553 1662 3597 χρόνιοι
1679 3551 1828 3596 μέλλετε
1845 3553 2028 3600 πράσσειν.

1396 3603 1510 3649 καιρὸς
1526 3604 1580 3639 καὶ
1596 3605 1706 3640 πλοῦς
2258 3618 2291 3649 14
2297 3617 2332 3650 50
