2488 3860
625 899 1313 966 ΣοΦοΚΛΕογΣ
1388 896 1927 950 ΑΝΤῙΓΟΝΗ.

743 1225 826 1264 ΤΑ
878 1223 1010 1262 ΤΟΎ
1062 1223 1434 1264 ΔΡΑΜΑΤΟΣ
1483 1224 1809 1265 ΠΡΟΣΩΠΑ

421 1341 641 1371 Auru-ona.
1565 1338 1712 1366 AmnN.

422 1396 596 1425 ῙΣΜΗΝΗ.
1284 1355 1290 1570 1
1564 1392 1786 1423 ΤΕῙΡΕΣῙΑΣ.

420 1449 557 1479 ΧοΡοΣ
580 1448 763 1477 ΘΗΒΑῙΩΝ
786 1446 998 1476 ΓΕΡοΝΤοΝ
1566 1447 1757 1477 ΑτιἚΛοΣ.

420 1505 563 1532 KPEnN.
1568 1499 1780 1527 ETPTAIKH.

420 1557 559 1589 ΦΥΛΑΞ.
1566 1550 1807 1587 marm-:on

1106 1854 1142 1894 T
1151 1853 1191 1893 Π
1201 1853 1237 1892 Ο
1249 1852 1289 1892 Θ
1300 1852 1332 1892 Ε
1343 1852 1375 1892 Σ
1386 1853 1404 1892 I
1415 1853 1459 1893 Σ.

245 1969 477 2008 Ἀποθανόντα
507 1968 718 2014 Πολυνείκην
749 1966 784 2003 ἐν
815 1969 855 2013 τῇ
889 1966 975 2015 πρὸς
1005 1965 1065 2002 τὸν
1095 1965 1251 2012 ἀδελφὸν

196 2025 384 2072 μονομαχίᾳ
405 2023 522 2072 Κρέων
539 2022 674 2070 ἅταφον
692 2021 848 2065 ἐκβαλὼν
867 2019 1021 2068 κηρύττει
1044 2019 1170 2065 μηδένα
1188 2019 1248 2055 αὗ-

195 2081 254 2115 τὸν
285 2078 435 2122 θάπτειν,
466 2077 610 2112 θάνατον
637 2075 698 2121 τὴν
733 2074 850 2120 ζημίαν
883 2072 1086 2118 ἀπειλήσας.
1128 2074 1250 2107 τοῦτον

196 2132 368 2179 Ἀντιγόνη
390 2130 410 2176 ἡ
436 2130 571 2176 ἀδελφὴ
597 2129 736 2165 θάπτειν
758 2129 925 2175 πειρᾶται.
954 2127 1009 2162 καὶ
1033 2125 1073 2171 δὴ
1092 2125 1250 2161 λαθοῦσα

195 2186 274 2222 τοὺς
292 2183 449 2231 φύλακας
467 2184 651 2226 ἐπιβάλλει
667 2185 780 2228 χῶμα·
810 2178 860 2217 οἷς
879 2180 1056 2216 ἐπαπειλεῖ
1069 2178 1212 2214 θάνατον
1230 2180 1248 2214 ὁ

196 2239 324 2286 Κρέων,
345 2237 374 2272 εἶ
397 2237 442 2283 μὴ
467 2238 526 2272 τὸν
543 2239 644 2271 τοῦτο
669 2235 843 2282 δράσαντα
866 2231 1047 2281 ἐξεύροιεν.
1076 2231 1172 2268 οὗτοι
1189 2230 1250 2277 τὴν

197 2294 287 2327 κόνιν
303 2291 364 2336 τὴν
382 2291 653 2335 ἐπιβεβλημένην
670 2288 874 2335 καθάραντες
890 2286 989 2322 οὐδὲν
1005 2284 1107 2331 ἦττον
1120 2284 1247 2333 ἐφρού-

195 2350 289 2393 ρουν’.
319 2344 515 2381 ἐπελθοῦσα
529 2344 565 2379 δὲ
579 2342 599 2388 ἡ
618 2342 793 2390 Ἀντιγόνη
812 2341 866 2377 καὶ
882 2340 1009 2389 γυμνὸν
1022 2339 1172 2387 εὑροῦσα
1189 2339 1249 2375 τὸν

1289 1964 1407 2011 νεκρὸν
1419 1962 1639 2011 ἅνοιμῶξασα
1656 1964 1776 2012 ἑαυτὴν
1789 1965 2022 2015 εἶσαγγέλλει.
2051 1964 2176 2013 ταύτην
2192 1966 2260 2012 ἀπὸ
2276 1971 2344 2012 τῶι

1289 2018 1454 2062 φυλάκων
1479 2018 1752 2064 παραδεδομένην
1773 2019 1890 2068 Κρέων
1913 2021 2122 2065 καταδικάζει
2146 2021 2201 2056 καὶ
2229 2021 2344 2067 ζῶσαν

1289 2067 1334 2103 εἷς
1363 2065 1495 2112 τύμβον
1520 2066 1706 2113 καθεῖρξεν.
1737 2067 1793 2103 ἐπὶ
1816 2069 1949 2105 τούτοις
1976 2069 2103 2115 Αἵμων,
2133 2071 2152 2106 ὁ
2181 2069 2347 2118 Κρέοντος

1289 2120 1370 2159 υἱὸς,
1390 2118 1429 2156 ὃς
1442 2119 1565 2165 ἐμνᾶτο
1584 2119 1699 2164 αὐτὴν,
1715 2120 1950 2167 ἀγανακτήσας
1967 2123 2087 2158 ἑαυτὸν
2101 2123 2289 2170 ε’πισφάξει
2305 2122 2362 2171 τῇ
2406 2140 2413 2143 ·

1286 2173 1369 2219 κόρῃ
1407 2171 1602 2217 ἀπολομένῃ
1631 2173 1772 2220 ἀγχόνῃ,
1803 2175 1980 2221 Τειρεσίου
2010 2177 2117 2211 ταῦτα
2150 2176 2345 2224 προθεσπί-

1287 2232 1425 2262 σαντος·
1466 2224 1522 2271 ἐφ’
1553 2222 1582 2274 ᾧ
1607 2222 1802 2270 λυπῆθεῖσα
1829 2228 2009 2274 Εὐρυδίκη.
2035 2227 2055 2274 ἡ
2084 2231 2147 2264 τοῦ
2177 2229 2358 2278 Κρέοντος.
2412 2250 2419 2266 ι

1286 2277 1429 2326 γαμετὴ,
1442 2278 1563 2316 ἑαυτὴν
1576 2280 1801 2325 κατασφάζει.
1831 2281 1885 2315 καὶ
1902 2281 2003 2318 τέλος
2021 2281 2137 2330 θρηνεῖ
2153 2282 2272 2331 Κρέων
2284 2283 2344 2322 τὸν

1285 2331 1348 2367 τοῦ
1364 2331 1485 2369 παιδὸς
1503 2331 1557 2368 καὶ
1575 2332 1635 2378 τῆς
1650 2334 1798 2380 γαμετῆς
1816 2332 1972 2370 θάνατον.

709 2630 1243 2670 ΑΡΙΣΤΟΦΑΝΟὙΣ

234 2745 412 2796 Ἀντιγόνη
440 2748 534 2795 παρὰ
556 2748 619 2794 τὴν
640 2750 832 2796 πρόσταξιν
856 2751 915 2796 τῆς
938 2752 1072 2788 πόλεως
1096 2751 1243 2799 θάψασα

185 2800 243 2837 τὸν
277 2801 488 2846 Πολυνείκην
516 2801 689 2848 ἐφωράθη,
719 2803 773 2838 καὶ
805 2803 853 2839 εἷς
879 2806 1041 2850 μνημεῖον
1067 2806 1243 2853 κατάγειον

185 2853 359 2889 ἐντεθεῖσα
375 2855 467 2902 παρὰ
485 2857 546 2889 τοῦ
565 2855 731 2901 Κρέοντος
749 2855 920 2903 ἀνῄρηται·
950 2857 1008 2904 ἐφ’
1022 2855 1047 2903 ἦ
1060 2858 1115 2893 καὶ
1129 2857 1243 2904 Αἵμων

185 2906 410 2952 δυσπαθήσας
434 2907 489 2942 διὰ
511 2908 570 2942 τὸν
588 2907 636 2944 εἷς
660 2908 763 2953 αὐτὴν
781 2909 889 2956 ἔρωτα
914 2910 1010 2957 ξίφει
1035 2911 1154 2947 ἑαυτὸν
1172 2912 1241 2947 διε-

184 2958 352 3006 χρήσατο.
388 2960 443 2995 ἐπὶ
462 2960 498 2995 δὲ
525 2961 573 3009 τῷ
591 2959 712 2996 τούτου
737 2961 868 3011 θανάτῳ
887 2963 940 2998 καὶ
958 2963 978 3008 ἡ
996 2961 1105 3011 μήτηρ
1129 2964 1239 3013 Εὐρυ-

184 3013 257 3055 δίκη
277 3012 397 3058 ἑαυτὴν
414 3013 538 3048 ἀνεῖλε.

235 3067 281 3101 Τὸ
299 3066 361 3110 μὲν
379 3066 490 3113 δρᾶμα
513 3069 581 3101 τῶν
605 3066 803 3102 καλλίστων
828 3069 1058 3114 Σοφοκλέους.
1092 3071 1237 3106 στασιά-

185 3119 274 3162 ζεται
289 3118 326 3153 δὲ
340 3119 383 3153 τὰ
395 3119 474 3165 περὶ
487 3119 548 3164 τὴν
562 3118 689 3166 ἡρωίδα
703 3119 928 3167 ἱστορούμενα
942 3122 996 3157 καὶ
1009 3123 1069 3168 τὴν
1083 3123 1240 3170 ἀδελφὴν

184 3172 286 3216 αὐτῆς
303 3170 474 3217 Ἰσμήνην,
490 3171 530 3208 ἃς
548 3174 566 3206 ὁ
584 3173 646 3217 μὲν
655 3171 737 3207 Ἴων
756 3173 791 3208 ἐν
808 3175 879 3210 τοῖς
898 3174 1120 3222 διθυράμβοις
1137 3190 1238 3212 κατα-

184 3223 379 3271 πρησθῆναί
400 3219 511 3270 φησιν
532 3224 729 3272 ἀμφοτέρας
747 3226 783 3260 ἐν
800 3227 847 3275 τῷ
867 3227 946 3275 ἱερῷ
963 3230 1023 3273 τῆς
1035 3227 1148 3276 Ἤρας
1172 3230 1239 3265 ὑπὸ

185 3278 423 3323 Λαοδάμαντος
432 3280 493 3312 τοῦ
503 3276 733 3314 Ἐτεοκλέους·
751 3278 947 3326 Μίμνερμος
957 3281 997 3315 δέ
1006 3282 1096 3326 φησι
1108 3281 1168 3328 τὴν
1178 3283 1239 3328 μὲν

183 3329 345 3375 Ἰσμήνην
362 3332 649 3378 προσομιλοῦσαν
668 3332 889 3380 Θεοκλυμένῳ
913 3333 978 3368 ὑπὸ
1003 3334 1134 3371 Τυδέως
1155 3335 1238 3371 κατὰ

183 3383 327 3427 Ἀθηνᾶς
345 3383 547 3431 ἐγκέλευσιν
559 3384 774 3428 τελευτῆσαι.
795 3385 834 3419 τὸ
849 3385 885 3420 δέ
904 3386 1013 3432 δρᾶμα
1026 3386 1086 3431 τὴν
1098 3387 1235 3435 ἐπιγρα·-

185 3435 256 3482 φὴν
273 3436 378 3485 ἔσχεν
391 3436 458 3472 ἀπὸ
472 3438 531 3483 τῆς
544 3437 763 3484 παρεχούσης
776 3437 836 3483 τὴν
850 3438 1014 3474 ὑπόθεσιν
1025 3438 1233 3488 Ἀντιγόνης.

1301 2630 1477 2669 ΓΡΑΜ
1494 2632 1819 2674 ΜΑΤΙΚΟΎ.

1339 2753 1455 2788 Κεῐται
1474 2753 1511 2788 δὲ
1529 2752 1549 2798 ἡ
1562 2750 1748 2799 μυθοποιΐα
1759 2754 1813 2789 καὶ
1826 2769 1895 2802 παρ
1919 2755 2084 2802 Εὐριπίδῃ
2099 2755 2134 2791 ἐν
2145 2756 2334 2804 ’Λντιγόηγ

1284 2805 1377 2850 πλὴν
1404 2806 1472 2840 ἐκεῖ
1498 2807 1701 2853 φωραθεῖσα
1726 2808 1811 2853 μετὰ
1837 2810 1898 2843 τοῦ
1925 2806 2069 2854 Αἵμονος
2095 2809 2226 2845 δίδοται
2251 2811 2336 2858 πρὸς

1284 2858 1395 2906 γάμου
1414 2859 1588 2895 κοινωνίαν
1605 2860 1659 2895 καὶ
1677 2859 1781 2895 τίκτει
1799 2862 1858 2896 τὸν
1876 2861 2046 2907 Μαίμονα.

1335 2910 1381 2946 ‘H
1405 2911 1468 2957 μὲν
1486 2912 1591 2957 σκηνὴ
1610 2915 1671 2948 τοῦ
1689 2913 1858 2960 δράματος
1875 2914 2046 2949 ὑπόκειται
2064 2915 2100 2950 ἐν
2117 2913 2248 2960 Θήβαις
2264 2917 2336 2954 ταῖς

1285 2966 1490 3001 Βοιωτικαῖς.
1529 2967 1548 3000 ὁ
1576 2966 1613 3000 δὲ
1639 2967 1745 3013 χορὸς
1769 2967 1975 3011 συνέστηκεν
2001 2967 2040 3012 ἐξ
2064 2967 2255 3015 ἐπιχωρίων
2275 2983 2334 3016 γε·

1282 3018 1424 3063 ρόντων·
1470 3018 1670 3066 προλογίζει
1697 3019 1734 3054 δὲ
1765 3018 1785 3064 ἡ
1812 3018 1998 3066 Ἀντιγόνη·
2031 3020 2203 3056 ὑπόκειται
2230 3021 2267 3057 δὲ
2293 3021 2336 3058 τὰ

1281 3068 1463 3114 πράγματα
1490 3069 1545 3102 ἐπὶ
1571 3071 1638 3101 τῶν
1665 3068 1832 3113 Κρέοντος
1856 3066 2060 3110 βασιλείων.
2095 3069 2134 3102 τὸ
2163 3065 2203 3102 δέ
2227 3069 2336 3115 κεφά-

1281 3121 1380 3154 λαιόν
1408 3118 1495 3159 ἐστι,
1521 3119 1632 3164 τάφος
1658 3119 1898 3160 Πολυνείκους,
1927 3118 2121 3166 Ἀντιγόνης
2148 3119 2335 3167 ἀναίρεσις,

1283 3172 1426 3208 θάνατος
1461 3169 1617 3213 Αἵμονος,
1646 3173 1701 3207 καὶ
1737 3173 1842 3219 μόρος
1878 3171 2064 3218 Εὐρυδίκης
2099 3173 2159 3217 τῆς
2190 3171 2336 3218 Αἵμονος

1281 3225 1420 3271 μητρός.
1450 3224 1541 3270 φασὶ
1566 3225 1603 3259 δὲ
1628 3225 1687 3259 τὸν
1710 3224 1891 3271 Σοφοκλέα
1913 3222 2084 3270 ἠξιῶσθαι
2104 3226 2164 3270 τῆς
2182 3225 2219 3260 ἐν
2236 3226 2335 3276 Σάμῃ

1284 3275 1502 3324 στρατηγίας,
1522 3276 1789 3323 εὐδοκιμήσαντα
1810 3277 1846 3313 ἐν
1862 3280 1904 3322 τῇ
1921 3277 2124 3323 διδασκαλίᾳ
2144 3278 2205 3322 τῆς
2219 3277 2332 3314 Ἀντι-

1282 3330 1416 3377 γόνης..
1453 3329 1623 3364 λέλεκται
1650 3330 1687 3365 δὲ
1714 3332 1754 3367 τὸ
1779 3331 1889 3379 δρᾶμα
1913 3335 2017 3368 τοῦτο
2044 3333 2249 3379 τριακοστὸν
2271 3331 2331 3372 δεῦ

1282 3396 1379 3429 Τερον
1383 3407 1392 3417 ι

1051 3585 1069 3603 a
1092 3579 1143 3614 01.
1162 3581 1213 3613 84·
1228 3580 1259 3620 4,
1280 3577 1360 3614 ΑΩ.
1376 3579 1447 3610 440.
