<?xml version="1.0" encoding="UTF-8"?>
<!DOCTYPE html PUBLIC "-//W3C//DTD XHTML 1.0 Transitional//EN"
    "http://www.w3.org/TR/xhtml1/DTD/xhtml1-transitional.dtd">
<html xmlns="http://www.w3.org/1999/xhtml" xml:lang="en" lang="en">
 <head>
  <title>
</title>
<meta http-equiv="Content-Type" content="text/html;charset=utf-8" />
  <meta name='ocr-system' content='tesseract 3.04.00' />
  <meta name='ocr-capabilities' content='ocr_page ocr_carea ocr_par ocr_line ocrx_word'/>
</head>
<body>
  <div class='ocr_page' id='page_1' title='image "./poetarumscenicor00dinduoft_0708.png"; bbox 0 0 2488 3860; ppageno 0'>
   <div class='ocr_carea' id='block_1_1' title="bbox 226 271 332 317">
    <p class='ocr_par' dir='ltr' id='par_1_1' title="bbox 226 271 332 317">
     <span class='ocr_line' id='line_1_1' title="bbox 226 271 332 317; baseline 0.009 -1"><span class='ocrx_word' id='word_1_1' title='bbox 226 271 332 317; x_wconf 83' lang='lat'>‘700</span> 
     </span>
    </p>
   </div>
   <div class='ocr_carea' id='block_1_2' title="bbox 1157 264 1491 320">
    <p class='ocr_par' dir='ltr' id='par_1_2' title="bbox 1157 264 1491 320">
     <span class='ocr_line' id='line_1_2' title="bbox 1157 264 1491 320; baseline -0.009 0"><span class='ocrx_word' id='word_1_2' title='bbox 1157 264 1491 320; x_wconf 65' lang='lat' dir='ltr'>E²rP1n1A0T</span> 
     </span>
    </p>
   </div>
   <div class='ocr_carea' id='block_1_3' title="bbox 244 373 2379 487">
    <p class='ocr_par' dir='ltr' id='par_1_3' title="bbox 244 373 2379 487">
     <span class='ocr_line' id='line_1_3' title="bbox 296 373 2379 434; baseline 0.004 -21"><span class='ocrx_word' id='word_1_3' title='bbox 296 373 425 427; x_wconf 86' lang='grc'>(802.)</span> <span class='ocrx_word' id='word_1_4' title='bbox 454 380 486 414; x_wconf 90' lang='lat'>6.</span> <span class='ocrx_word' id='word_1_5' title='bbox 520 375 638 414; x_wconf 90' lang='lat' dir='ltr'>Clem.</span> <span class='ocrx_word' id='word_1_6' title='bbox 658 377 769 416; x_wconf 77' lang='lat' dir='ltr'>Alex.</span> <span class='ocrx_word' id='word_1_7' title='bbox 789 377 930 431; x_wconf 75' lang='lat' dir='ltr'>Strom.</span> <span class='ocrx_word' id='word_1_8' title='bbox 951 381 1020 424; x_wconf 90' lang='lat' dir='ltr'>VI,</span> <span class='ocrx_word' id='word_1_9' title='bbox 1049 386 1087 425; x_wconf 88' lang='grc'>2,</span> <span class='ocrx_word' id='word_1_10' title='bbox 1108 386 1127 430; x_wconf 82' lang='lat'>§</span> <span class='ocrx_word' id='word_1_11' title='bbox 1160 385 1221 427; x_wconf 92' lang='grc'>18,</span> <span class='ocrx_word' id='word_1_12' title='bbox 1242 383 1295 434; x_wconf 91' lang='lat' dir='ltr'>(p.</span> <span class='ocrx_word' id='word_1_13' title='bbox 1336 396 1446 433; x_wconf 88' lang='lat' dir='ltr'><strong>quem</strong></span> <span class='ocrx_word' id='word_1_14' title='bbox 1464 383 1535 421; x_wconf 80' lang='lat' dir='ltr'>alio</span> <span class='ocrx_word' id='word_1_15' title='bbox 1553 383 1636 420; x_wconf 91' lang='lat' dir='ltr'>loco</span> <span class='ocrx_word' id='word_1_16' title='bbox 1655 381 1825 434; x_wconf 87' lang='lat' dir='ltr'><strong>(XCIII,</strong></span> <span class='ocrx_word' id='word_1_17' title='bbox 1849 382 1914 433; x_wconf 86' lang='lat'>17)</span> <span class='ocrx_word' id='word_1_18' title='bbox 1933 395 2018 421; x_wconf 89' lang='lat' dir='ltr'>cum</span> <span class='ocrx_word' id='word_1_19' title='bbox 2035 383 2182 422; x_wconf 88' lang='lat' dir='ltr'>duobus</span> <span class='ocrx_word' id='word_1_20' title='bbox 2206 381 2286 421; x_wconf 76' lang='lat' dir='ltr'>aliis</span> <span class='ocrx_word' id='word_1_21' title='bbox 2307 393 2379 423; x_wconf 67' lang='lat' dir='ltr'>vsu.</span> 
     </span>
     <span class='ocr_line' id='line_1_4' title="bbox 244 428 1972 487; baseline 0.005 -21"><span class='ocrx_word' id='word_1_22' title='bbox 244 429 318 467; x_wconf 91' lang='lat'>746</span> <span class='ocrx_word' id='word_1_23' title='bbox 334 428 400 478; x_wconf 88' lang='lat' dir='ltr'>P.)</span> <span class='ocrx_word' id='word_1_24' title='bbox 427 433 611 479; x_wconf 85' lang='grc' dir='ltr'>Εὐριπίδου</span> <span class='ocrx_word' id='word_1_25' title='bbox 630 433 667 469; x_wconf 85' lang='grc' dir='ltr'>δὲ</span> <span class='ocrx_word' id='word_1_26' title='bbox 686 435 722 470; x_wconf 82' lang='grc' dir='ltr'>ἐν</span> <span class='ocrx_word' id='word_1_27' title='bbox 738 435 801 480; x_wconf 80' lang='grc' dir='ltr'>μὲν</span> <span class='ocrx_word' id='word_1_28' title='bbox 817 438 864 484; x_wconf 79' lang='grc' dir='ltr'>τῷ</span> <span class='ocrx_word' id='word_1_29' title='bbox 884 437 1038 487; x_wconf 79' lang='grc' dir='ltr'>οἰνομάῳ</span> <span class='ocrx_word' id='word_1_30' title='bbox 1057 436 1165 487; x_wconf 88' lang='lat' dir='ltr'>(fgm.</span> <span class='ocrx_word' id='word_1_31' title='bbox 1187 435 1296 486; x_wconf 84' lang='lat' dir='ltr'><strong>VIL)</strong></span> <span class='ocrx_word' id='word_1_32' title='bbox 1333 450 1380 474; x_wconf 85' lang='lat' dir='ltr'>ex</span> <span class='ocrx_word' id='word_1_33' title='bbox 1399 436 1589 475; x_wconf 80' lang='lat' dir='ltr'><strong>Plisthene</strong></span> <span class='ocrx_word' id='word_1_34' title='bbox 1608 436 1719 486; x_wconf 88' lang='lat' dir='ltr'>(fgm.</span> <span class='ocrx_word' id='word_1_35' title='bbox 1739 434 1818 485; x_wconf 93' lang='grc' dir='ltr'>ΙΙΙ)</span> <span class='ocrx_word' id='word_1_36' title='bbox 1838 436 1972 475; x_wconf 82' lang='lat' dir='ltr'>attulit.</span> 
     </span>
    </p>
   </div>
   <div class='ocr_carea' id='block_1_4' title="bbox 234 486 1291 810">
    <p class='ocr_par' dir='ltr' id='par_1_4' title="bbox 234 486 1291 810">
     <span class='ocr_line' id='line_1_5' title="bbox 239 486 896 537; baseline 0.008 -17"><span class='ocrx_word' id='word_1_37' title='bbox 239 486 435 532; x_wconf 76' lang='grc' dir='ltr'>γράφοντος</span> <span class='ocrx_word' id='word_1_38' title='bbox 452 505 507 512; x_wconf 88' lang='lat'>-—</span> <span class='ocrx_word' id='word_1_39' title='bbox 523 505 576 511; x_wconf 92' lang='lat'><strong>—</strong></span> <span class='ocrx_word' id='word_1_40' title='bbox 594 487 630 523; x_wconf 87' lang='grc' dir='ltr'>ε’ν</span> <span class='ocrx_word' id='word_1_41' title='bbox 648 488 685 523; x_wconf 84' lang='grc' dir='ltr'>δέ</span> <span class='ocrx_word' id='word_1_42' title='bbox 703 491 750 537; x_wconf 76' lang='grc' dir='ltr'>τῷ</span> <span class='ocrx_word' id='word_1_43' title='bbox 769 490 896 525; x_wconf 88' lang='grc' dir='ltr'>Φοίνικι</span> 
     </span>
     <span class='ocr_line' id='line_1_6' title="bbox 343 540 1087 589; baseline 0.011 -14"><span class='ocrx_word' id='word_1_44' title='bbox 343 540 483 587; x_wconf 83' lang='grc' dir='ltr'>Τάφανῆ</span> <span class='ocrx_word' id='word_1_45' title='bbox 502 542 731 589; x_wconf 81' lang='grc' dir='ltr'>τεκμηρίοισιν</span> <span class='ocrx_word' id='word_1_46' title='bbox 748 543 883 582; x_wconf 89' lang='grc' dir='ltr'>εἷκότως</span> <span class='ocrx_word' id='word_1_47' title='bbox 900 545 1087 583; x_wconf 82' lang='grc' dir='ltr'>ἁλίσκεται.</span> 
     </span>
     <span class='ocr_line' id='line_1_7' title="bbox 238 589 538 643; baseline 0.007 -15"><span class='ocrx_word' id='word_1_48' title='bbox 238 589 414 640; x_wconf 76' lang='grc' dir='ltr'>Ὑπερίδης</span> <span class='ocrx_word' id='word_1_49' title='bbox 431 594 538 643; x_wconf 80' lang='grc' dir='ltr'>λέγει·</span> 
     </span>
     <span class='ocr_line' id='line_1_8' title="bbox 290 644 1289 704; baseline 0.009 -22"><span class='ocrx_word' id='word_1_50' title='bbox 290 644 415 695; x_wconf 87' lang='lat'>(803.)</span> <span class='ocrx_word' id='word_1_51' title='bbox 439 659 468 691; x_wconf 89' lang='lat'>7.</span> <span class='ocrx_word' id='word_1_52' title='bbox 488 646 658 685; x_wconf 86' lang='lat' dir='ltr'>AEschin.</span> <span class='ocrx_word' id='word_1_53' title='bbox 678 648 717 684; x_wconf 88' lang='lat' dir='ltr'>in</span> <span class='ocrx_word' id='word_1_54' title='bbox 734 648 829 687; x_wconf 88' lang='lat' dir='ltr'><strong>Tim.</strong></span> <span class='ocrx_word' id='word_1_55' title='bbox 848 662 880 687; x_wconf 89' lang='lat' dir='ltr'>c.</span> <span class='ocrx_word' id='word_1_56' title='bbox 904 652 965 696; x_wconf 88' lang='lat'>61,</span> <span class='ocrx_word' id='word_1_57' title='bbox 984 664 1020 700; x_wconf 90' lang='lat' dir='ltr'>p.</span> <span class='ocrx_word' id='word_1_58' title='bbox 1042 654 1087 689; x_wconf 83' lang='lat'>21</span> <span class='ocrx_word' id='word_1_59' title='bbox 1109 652 1213 704; x_wconf 80' lang='lat' dir='ltr'>Tayl.</span> <span class='ocrx_word' id='word_1_60' title='bbox 1234 652 1289 703; x_wconf 89' lang='lat' dir='ltr'>(p.</span> 
     </span>
     <span class='ocr_line' id='line_1_9' title="bbox 240 699 1291 757; baseline 0.008 -21"><span class='ocrx_word' id='word_1_61' title='bbox 240 699 314 736; x_wconf 88' lang='lat'>154</span> <span class='ocrx_word' id='word_1_62' title='bbox 339 700 398 736; x_wconf 90' lang='lat' dir='ltr'>ed.</span> <span class='ocrx_word' id='word_1_63' title='bbox 428 699 558 737; x_wconf 83' lang='lat' dir='ltr'>Reisk.</span> <span class='ocrx_word' id='word_1_64' title='bbox 584 714 621 749; x_wconf 89' lang='lat' dir='ltr'>p.</span> <span class='ocrx_word' id='word_1_65' title='bbox 649 704 725 739; x_wconf 83' lang='lat'>355</span> <span class='ocrx_word' id='word_1_66' title='bbox 752 703 811 739; x_wconf 90' lang='lat' dir='ltr'>ed.</span> <span class='ocrx_word' id='word_1_67' title='bbox 833 702 952 741; x_wconf 90' lang='lat' dir='ltr'>Bekk.</span> <span class='ocrx_word' id='word_1_68' title='bbox 979 709 1032 743; x_wconf 87' lang='grc' dir='ltr'>καὶ</span> <span class='ocrx_word' id='word_1_69' title='bbox 1055 709 1158 745; x_wconf 87' lang='grc' dir='ltr'>πάλιν</span> <span class='ocrx_word' id='word_1_70' title='bbox 1183 707 1291 757; x_wconf 87' lang='lat' dir='ltr'>(prae-</span> 
     </span>
     <span class='ocr_line' id='line_1_10' title="bbox 234 751 1291 810; baseline 0.01 -22"><span class='ocrx_word' id='word_1_71' title='bbox 234 751 346 789; x_wconf 66' lang='lat' dir='ltr'><strong>ceSSIt</strong></span> <span class='ocrx_word' id='word_1_72' title='bbox 365 752 544 790; x_wconf 82' lang='lat' dir='ltr'>Stheneb.</span> <span class='ocrx_word' id='word_1_73' title='bbox 563 753 657 803; x_wconf 80' lang='lat' dir='ltr'>fgm.</span> <span class='ocrx_word' id='word_1_74' title='bbox 678 755 813 803; x_wconf 82' lang='lat' dir='ltr'><strong>VIIL)</strong></span> <span class='ocrx_word' id='word_1_75' title='bbox 834 760 852 793; x_wconf 90' lang='grc' dir='ltr'>ὁ</span> <span class='ocrx_word' id='word_1_76' title='bbox 871 759 970 797; x_wconf 83' lang='grc' dir='ltr'>αὐτὸς</span> <span class='ocrx_word' id='word_1_77' title='bbox 987 763 1126 808; x_wconf 86' lang='grc' dir='ltr'>ποιητὴς</span> <span class='ocrx_word' id='word_1_78' title='bbox 1143 763 1291 810; x_wconf 87' lang='grc' dir='ltr'>ἀποφαί-</span> 
     </span>
    </p>
   </div>
   <div class='ocr_carea' id='block_1_5' title="bbox 1807 527 1913 535">
    <p class='ocr_par' dir='ltr' id='par_1_5' title="bbox 1807 527 1913 535">
     <span class='ocr_line' id='line_1_11' title="bbox 1807 527 1913 535; baseline 0 0"><span class='ocrx_word' id='word_1_79' title='bbox 1807 527 1913 535; x_wconf 95' lang='lat' dir='ltr'> </span> 
     </span>
    </p>
   </div>
   <div class='ocr_carea' id='block_1_6' title="bbox 1382 584 2202 699">
    <p class='ocr_par' dir='ltr' id='par_1_6' title="bbox 1382 584 2202 699">
     <span class='ocr_line' id='line_1_12' title="bbox 1774 584 1943 618; baseline 0.006 -3"><span class='ocrx_word' id='word_1_80' title='bbox 1774 584 1943 618; x_wconf 80' lang='grc' dir='ltr'>ΦΡΙΞΟΣ.</span> 
     </span>
     <span class='ocr_line' id='line_1_13' title="bbox 1382 645 2202 699; baseline 0.005 -16"><span class='ocrx_word' id='word_1_81' title='bbox 1382 645 1508 694; x_wconf 90' lang='grc'>(811.)</span> <span class='ocrx_word' id='word_1_82' title='bbox 1532 663 1559 685; x_wconf 82' lang='grc' dir='ltr'>ι.</span> <span class='ocrx_word' id='word_1_83' title='bbox 1588 647 1779 697; x_wconf 84' lang='lat' dir='ltr'>Aristoph.</span> <span class='ocrx_word' id='word_1_84' title='bbox 1801 647 1896 686; x_wconf 86' lang='lat' dir='ltr'>Ran.</span> <span class='ocrx_word' id='word_1_85' title='bbox 1917 649 2028 686; x_wconf 87' lang='lat'>1256.</span> <span class='ocrx_word' id='word_1_86' title='bbox 2048 647 2202 699; x_wconf 89' lang='grc'>(1225.)</span> 
     </span>
    </p>
   </div>
   <div class='ocr_carea' id='block_1_7' title="bbox 1432 702 2115 805">
    <p class='ocr_par' dir='ltr' id='par_1_7' title="bbox 1432 702 2115 805">
     <span class='ocr_line' id='line_1_14' title="bbox 1442 702 2115 750; baseline 0.001 -11"><span class='ocrx_word' id='word_1_87' title='bbox 1442 704 1599 740; x_wconf 85' lang='grc' dir='ltr'>Σιδώνιόν</span> <span class='ocrx_word' id='word_1_88' title='bbox 1615 702 1691 739; x_wconf 79' lang='grc' dir='ltr'>ποτ’</span> <span class='ocrx_word' id='word_1_89' title='bbox 1709 703 1797 740; x_wconf 79' lang='grc' dir='ltr'>ἄστυ</span> <span class='ocrx_word' id='word_1_90' title='bbox 1816 704 1952 750; x_wconf 84' lang='grc' dir='ltr'>Κάδμος</span> <span class='ocrx_word' id='word_1_91' title='bbox 1970 704 2115 740; x_wconf 73' lang='grc' dir='ltr'>ἐκλιπὼν</span> 
     </span>
     <span class='ocr_line' id='line_1_15' title="bbox 1432 757 1711 805; baseline 0 -11"><span class='ocrx_word' id='word_1_92' title='bbox 1432 757 1616 805; x_wconf 82' lang='grc' dir='ltr'>Ἀγήνορος</span> <span class='ocrx_word' id='word_1_93' title='bbox 1633 759 1711 794; x_wconf 87' lang='grc' dir='ltr'>παῖς</span> 
     </span>
    </p>
   </div>
   <div class='ocr_carea' id='block_1_8' title="bbox 233 808 2381 918">
    <p class='ocr_par' dir='ltr' id='par_1_8' title="bbox 233 808 2381 918">
     <span class='ocr_line' id='line_1_16' title="bbox 233 808 2381 866; baseline 0.004 -24"><span class='ocrx_word' id='word_1_94' title='bbox 233 822 323 844; x_wconf 90' lang='grc' dir='ltr'>νεται</span> <span class='ocrx_word' id='word_1_95' title='bbox 358 808 443 856; x_wconf 79' lang='grc' dir='ltr'>ὑπὲρ</span> <span class='ocrx_word' id='word_1_96' title='bbox 478 810 537 854; x_wconf 87' lang='grc' dir='ltr'>τῆς</span> <span class='ocrx_word' id='word_1_97' title='bbox 571 811 792 858; x_wconf 85' lang='grc' dir='ltr'>γεγενημένης</span> <span class='ocrx_word' id='word_1_98' title='bbox 826 813 915 862; x_wconf 76' lang='grc' dir='ltr'>αὐτῷ</span> <span class='ocrx_word' id='word_1_99' title='bbox 950 817 1036 863; x_wconf 79' lang='grc' dir='ltr'>πρὸς</span> <span class='ocrx_word' id='word_1_100' title='bbox 1071 818 1130 852; x_wconf 72' lang='grc' dir='ltr'>τὸν</span> <span class='ocrx_word' id='word_1_101' title='bbox 1164 818 1293 866; x_wconf 69' lang='grc' dir='ltr'>πατέρα</span> <span class='ocrx_word' id='word_1_102' title='bbox 1325 809 1388 846; x_wconf 88' lang='lat' dir='ltr'>ubi</span> <span class='ocrx_word' id='word_1_103' title='bbox 1407 809 1533 847; x_wconf 84' lang='lat' dir='ltr'>Schol.</span> <span class='ocrx_word' id='word_1_104' title='bbox 1554 814 1616 847; x_wconf 87' lang='grc' dir='ltr'>τοῦ</span> <span class='ocrx_word' id='word_1_105' title='bbox 1641 810 1799 858; x_wconf 82' lang='grc' dir='ltr'>δευτέρου</span> <span class='ocrx_word' id='word_1_106' title='bbox 1823 812 1948 858; x_wconf 78' lang='grc' dir='ltr'>Φρίξου</span> <span class='ocrx_word' id='word_1_107' title='bbox 1970 812 2155 860; x_wconf 83' lang='grc' dir='ltr'>Εὐριπίδου</span> <span class='ocrx_word' id='word_1_108' title='bbox 2173 811 2193 858; x_wconf 81' lang='grc' dir='ltr'><strong><em>ἦ</em></strong></span> <span class='ocrx_word' id='word_1_109' title='bbox 2211 810 2312 860; x_wconf 82' lang='grc' dir='ltr'>ἆρχῆ·</span> <span class='ocrx_word' id='word_1_110' title='bbox 2340 811 2381 853; x_wconf 77' lang='grc' dir='ltr'>τὸ,</span> 
     </span>
     <span class='ocr_line' id='line_1_17' title="bbox 233 862 1722 918; baseline 0.009 -22"><span class='ocrx_word' id='word_1_111' title='bbox 233 862 399 907; x_wconf 84' lang='grc' dir='ltr'>διαβολῆς</span> <span class='ocrx_word' id='word_1_112' title='bbox 422 863 707 910; x_wconf 80' lang='grc' dir='ltr'>ἀπολογούμενος,</span> <span class='ocrx_word' id='word_1_113' title='bbox 728 867 780 900; x_wconf 87' lang='grc' dir='ltr'>καὶ</span> <span class='ocrx_word' id='word_1_114' title='bbox 805 865 971 911; x_wconf 80' lang='grc' dir='ltr'>ἀπεθίζων</span> <span class='ocrx_word' id='word_1_115' title='bbox 995 870 1073 906; x_wconf 83' lang='grc' dir='ltr'>τοὺς</span> <span class='ocrx_word' id='word_1_116' title='bbox 1096 870 1292 918; x_wconf 81' lang='grc' dir='ltr'>ἀνθρώπους</span> <span class='ocrx_word' id='word_1_117' title='bbox 1325 867 1446 902; x_wconf 68' lang='grc' dir='ltr'>λοιπὸν</span> <span class='ocrx_word' id='word_1_118' title='bbox 1464 865 1501 900; x_wconf 68' lang='grc' dir='ltr'>δὲ</span> <span class='ocrx_word' id='word_1_119' title='bbox 1519 868 1581 901; x_wconf 73' lang='grc' dir='ltr'>7·οῧ</span> <span class='ocrx_word' id='word_1_120' title='bbox 1599 866 1722 912; x_wconf 64' lang='grc' dir='ltr'>στίχου</span> 
     </span>
    </p>
   </div>
   <div class='ocr_carea' id='block_1_9' title="bbox 224 915 1292 1831">
    <p class='ocr_par' dir='ltr' id='par_1_9' title="bbox 224 915 1292 1831">
     <span class='ocr_line' id='line_1_18' title="bbox 232 915 1292 968; baseline 0.012 -18"><span class='ocrx_word' id='word_1_121' title='bbox 232 916 275 962; x_wconf 85' lang='grc' dir='ltr'>μὴ</span> <span class='ocrx_word' id='word_1_122' title='bbox 295 915 334 960; x_wconf 81' lang='grc' dir='ltr'>ἐξ</span> <span class='ocrx_word' id='word_1_123' title='bbox 357 916 511 964; x_wconf 81' lang='grc' dir='ltr'>ὑποψίας</span> <span class='ocrx_word' id='word_1_124' title='bbox 533 919 619 963; x_wconf 81' lang='grc' dir='ltr'>μηδὲ</span> <span class='ocrx_word' id='word_1_125' title='bbox 643 919 679 954; x_wconf 86' lang='grc' dir='ltr'>ἐκ</span> <span class='ocrx_word' id='word_1_126' title='bbox 703 919 866 966; x_wconf 85' lang='grc' dir='ltr'>διαβολῆς</span> <span class='ocrx_word' id='word_1_127' title='bbox 889 921 968 958; x_wconf 82' lang='grc' dir='ltr'>ἀλλ’</span> <span class='ocrx_word' id='word_1_128' title='bbox 988 924 1024 959; x_wconf 87' lang='grc' dir='ltr'>ἐκ</span> <span class='ocrx_word' id='word_1_129' title='bbox 1047 927 1108 960; x_wconf 89' lang='grc' dir='ltr'>τοῦ</span> <span class='ocrx_word' id='word_1_130' title='bbox 1130 925 1210 968; x_wconf 88' lang='grc' dir='ltr'>βίου</span> <span class='ocrx_word' id='word_1_131' title='bbox 1232 927 1292 964; x_wconf 83' lang='grc' dir='ltr'>τὰς</span> 
     </span>
     <span class='ocr_line' id='line_1_19' title="bbox 231 971 563 1018; baseline 0.003 -13"><span class='ocrx_word' id='word_1_132' title='bbox 231 971 360 1018; x_wconf 88' lang='grc' dir='ltr'>κρίσεις</span> <span class='ocrx_word' id='word_1_133' title='bbox 376 972 563 1007; x_wconf 82' lang='grc' dir='ltr'>ποιεῖσθαι·</span> 
     </span>
     <span class='ocr_line' id='line_1_20' title="bbox 328 1023 1049 1078; baseline 0.014 -19"><span class='ocrx_word' id='word_1_134' title='bbox 328 1023 422 1070; x_wconf 71' lang='grc' dir='ltr'>”Ηδη</span> <span class='ocrx_word' id='word_1_135' title='bbox 442 1026 480 1061; x_wconf 80' lang='grc' dir='ltr'>δὲ</span> <span class='ocrx_word' id='word_1_136' title='bbox 497 1027 638 1062; x_wconf 82' lang='grc' dir='ltr'>πολλῶν</span> <span class='ocrx_word' id='word_1_137' title='bbox 654 1026 777 1074; x_wconf 78' lang='grc' dir='ltr'>ᾑρέθην</span> <span class='ocrx_word' id='word_1_138' title='bbox 794 1030 908 1076; x_wconf 84' lang='grc' dir='ltr'>λόγων</span> <span class='ocrx_word' id='word_1_139' title='bbox 926 1032 1049 1078; x_wconf 86' lang='grc' dir='ltr'>κριτὴς,</span> 
     </span>
     <span class='ocr_line' id='line_1_21' title="bbox 334 1079 1034 1130; baseline 0.011 -17"><span class='ocrx_word' id='word_1_140' title='bbox 334 1079 388 1114; x_wconf 83' lang='grc' dir='ltr'>καὶ</span> <span class='ocrx_word' id='word_1_141' title='bbox 405 1079 508 1115; x_wconf 87' lang='grc' dir='ltr'>πόλλ’</span> <span class='ocrx_word' id='word_1_142' title='bbox 528 1081 756 1126; x_wconf 84' lang='grc' dir='ltr'>ἁμιλληθέντα</span> <span class='ocrx_word' id='word_1_143' title='bbox 773 1082 951 1130; x_wconf 82' lang='grc' dir='ltr'>μαρτύρων</span> <span class='ocrx_word' id='word_1_144' title='bbox 968 1084 1034 1121; x_wconf 77' lang='grc' dir='ltr'>’ὕπο</span> 
     </span>
     <span class='ocr_line' id='line_1_22' title="bbox 333 1132 1009 1186; baseline 0.009 -18"><span class='ocrx_word' id='word_1_145' title='bbox 333 1132 482 1169; x_wconf 80' lang='grc' dir='ltr'>τάναντί’</span> <span class='ocrx_word' id='word_1_146' title='bbox 502 1135 606 1180; x_wconf 82' lang='grc' dir='ltr'>ἕγνων</span> <span class='ocrx_word' id='word_1_147' title='bbox 625 1136 808 1183; x_wconf 82' lang='grc' dir='ltr'>συμφορᾶς</span> <span class='ocrx_word' id='word_1_148' title='bbox 825 1139 903 1182; x_wconf 82' lang='grc' dir='ltr'>μιᾶς</span> <span class='ocrx_word' id='word_1_149' title='bbox 920 1138 1009 1186; x_wconf 88' lang='grc' dir='ltr'>πέρι.</span> 
     </span>
     <span class='ocr_line' id='line_1_23' title="bbox 335 1186 1094 1240; baseline 0.011 -19"><span class='ocrx_word' id='word_1_150' title='bbox 335 1186 437 1234; x_wconf 85' lang='grc' dir='ltr'>Κάγὼ</span> <span class='ocrx_word' id='word_1_151' title='bbox 455 1188 517 1233; x_wconf 84' lang='grc' dir='ltr'>μὲν</span> <span class='ocrx_word' id='word_1_152' title='bbox 535 1186 622 1222; x_wconf 80' lang='grc' dir='ltr'>οὕτω</span> <span class='ocrx_word' id='word_1_153' title='bbox 639 1188 769 1234; x_wconf 75' lang='grc' dir='ltr'>χῶστις</span> <span class='ocrx_word' id='word_1_154' title='bbox 787 1190 859 1225; x_wconf 72' lang='grc' dir='ltr'>ἔστ’</span> <span class='ocrx_word' id='word_1_155' title='bbox 879 1191 961 1239; x_wconf 87' lang='grc' dir='ltr'>ἀνὴρ</span> <span class='ocrx_word' id='word_1_156' title='bbox 981 1192 1094 1240; x_wconf 80' lang='grc' dir='ltr'>σοφὸς</span> 
     </span>
     <span class='ocr_line' id='line_1_24' title="bbox 333 1241 1026 1292; baseline 0.012 -17"><span class='ocrx_word' id='word_1_157' title='bbox 333 1241 511 1288; x_wconf 80' lang='grc' dir='ltr'>λογίζομαι</span> <span class='ocrx_word' id='word_1_158' title='bbox 529 1242 673 1285; x_wconf 78' lang='grc' dir='ltr'>τάληθὲς</span> <span class='ocrx_word' id='word_1_159' title='bbox 687 1244 738 1287; x_wconf 44' lang='grc' dir='ltr'>,εἷς</span> <span class='ocrx_word' id='word_1_160' title='bbox 755 1243 876 1291; x_wconf 80' lang='grc' dir='ltr'>ἀνδρὸς</span> <span class='ocrx_word' id='word_1_161' title='bbox 894 1245 1003 1292; x_wconf 78' lang='grc' dir='ltr'>φύσιν</span> <span class='ocrx_word' id='word_1_162' title='bbox 1023 1254 1026 1256; x_wconf 83' lang='grc'><strong>’</strong></span> 
     </span>
     <span class='ocr_line' id='line_1_25' title="bbox 334 1296 1002 1346; baseline 0.01 -17"><span class='ocrx_word' id='word_1_163' title='bbox 334 1298 483 1337; x_wconf 84' lang='grc' dir='ltr'>σκοπῶν,</span> <span class='ocrx_word' id='word_1_164' title='bbox 503 1296 631 1331; x_wconf 88' lang='grc' dir='ltr'>δίαιταν</span> <span class='ocrx_word' id='word_1_165' title='bbox 650 1296 752 1344; x_wconf 82' lang='grc' dir='ltr'>ἥνπερ</span> <span class='ocrx_word' id='word_1_166' title='bbox 772 1298 1002 1346; x_wconf 85' lang='grc' dir='ltr'>ἐμπορεύεται.</span> 
     </span>
     <span class='ocr_line' id='line_1_26' title="bbox 325 1347 1016 1403; baseline 0.01 -20"><span class='ocrx_word' id='word_1_167' title='bbox 325 1347 449 1386; x_wconf 78' lang='grc' dir='ltr'>’Ὅστις</span> <span class='ocrx_word' id='word_1_168' title='bbox 467 1348 496 1385; x_wconf 83' lang='grc' dir='ltr'>δ’</span> <span class='ocrx_word' id='word_1_169' title='bbox 516 1351 644 1395; x_wconf 84' lang='grc' dir='ltr'>ὁμιλῶν</span> <span class='ocrx_word' id='word_1_170' title='bbox 661 1350 774 1396; x_wconf 84' lang='grc' dir='ltr'>ἥδεται</span> <span class='ocrx_word' id='word_1_171' title='bbox 793 1355 904 1390; x_wconf 82' lang='grc' dir='ltr'>κακοῖς</span> <span class='ocrx_word' id='word_1_172' title='bbox 921 1354 1016 1403; x_wconf 81' lang='grc' dir='ltr'>ἀνὴρ,</span> 
     </span>
     <span class='ocr_line' id='line_1_27' title="bbox 331 1402 995 1453; baseline 0.011 -16"><span class='ocrx_word' id='word_1_173' title='bbox 331 1403 371 1437; x_wconf 89' lang='grc' dir='ltr'>οὐ</span> <span class='ocrx_word' id='word_1_174' title='bbox 388 1403 516 1439; x_wconf 84' lang='grc' dir='ltr'>πώποτ’</span> <span class='ocrx_word' id='word_1_175' title='bbox 536 1402 707 1451; x_wconf 84' lang='grc' dir='ltr'>ἠρώτησα,</span> <span class='ocrx_word' id='word_1_176' title='bbox 726 1408 926 1453; x_wconf 86' lang='grc' dir='ltr'>γιγνώσκων</span> <span class='ocrx_word' id='word_1_177' title='bbox 943 1408 995 1444; x_wconf 85' lang='grc' dir='ltr'>ὅτι</span> 
     </span>
     <span class='ocr_line' id='line_1_28' title="bbox 330 1456 1006 1506; baseline 0.007 -14"><span class='ocrx_word' id='word_1_178' title='bbox 330 1458 483 1494; x_wconf 85' lang='grc' dir='ltr'>τοιοῦτός</span> <span class='ocrx_word' id='word_1_179' title='bbox 501 1458 596 1493; x_wconf 89' lang='grc' dir='ltr'>ἐστιν</span> <span class='ocrx_word' id='word_1_180' title='bbox 614 1456 737 1506; x_wconf 80' lang='grc' dir='ltr'>οἷσπερ</span> <span class='ocrx_word' id='word_1_181' title='bbox 755 1461 869 1506; x_wconf 82' lang='grc' dir='ltr'>ἥδεται</span> <span class='ocrx_word' id='word_1_182' title='bbox 887 1462 1006 1506; x_wconf 83' lang='grc' dir='ltr'>ξυνών.</span> 
     </span>
     <span class='ocr_line' id='line_1_29' title="bbox 330 1511 1051 1559; baseline 0.011 -14"><span class='ocrx_word' id='word_1_183' title='bbox 330 1511 384 1545; x_wconf 87' lang='grc' dir='ltr'>καὶ</span> <span class='ocrx_word' id='word_1_184' title='bbox 402 1511 487 1559; x_wconf 82' lang='grc' dir='ltr'>τῷδε</span> <span class='ocrx_word' id='word_1_185' title='bbox 505 1512 692 1558; x_wconf 84' lang='grc' dir='ltr'>δηλώσαιμ’</span> <span class='ocrx_word' id='word_1_186' title='bbox 713 1513 765 1554; x_wconf 87' lang='grc' dir='ltr'>ἂν,</span> <span class='ocrx_word' id='word_1_187' title='bbox 785 1514 815 1549; x_wconf 87' lang='grc' dir='ltr'>εἷ</span> <span class='ocrx_word' id='word_1_188' title='bbox 831 1514 975 1557; x_wconf 79' lang='grc' dir='ltr'>βούλοιο</span> <span class='ocrx_word' id='word_1_189' title='bbox 994 1516 1051 1559; x_wconf 77' lang='grc' dir='ltr'>σὺ,</span> 
     </span>
     <span class='ocr_line' id='line_1_30' title="bbox 329 1564 988 1616; baseline 0.011 -17"><span class='ocrx_word' id='word_1_190' title='bbox 329 1564 484 1610; x_wconf 75' lang='grc' dir='ltr'>τάληθὲς,</span> <span class='ocrx_word' id='word_1_191' title='bbox 504 1567 548 1602; x_wconf 86' lang='grc' dir='ltr'>ὧς</span> <span class='ocrx_word' id='word_1_192' title='bbox 566 1567 675 1614; x_wconf 80' lang='grc' dir='ltr'>ἔγωγε</span> <span class='ocrx_word' id='word_1_193' title='bbox 692 1568 812 1605; x_wconf 84' lang='grc' dir='ltr'>καύτὸς</span> <span class='ocrx_word' id='word_1_194' title='bbox 830 1569 988 1616; x_wconf 77' lang='grc' dir='ltr'>ἄχθομαι,</span> 
     </span>
     <span class='ocr_line' id='line_1_31' title="bbox 329 1617 1034 1669; baseline 0.01 -16"><span class='ocrx_word' id='word_1_195' title='bbox 329 1617 426 1656; x_wconf 84' lang='grc' dir='ltr'>ὅστις</span> <span class='ocrx_word' id='word_1_196' title='bbox 443 1620 557 1667; x_wconf 92' lang='grc' dir='ltr'>λέγειν</span> <span class='ocrx_word' id='word_1_197' title='bbox 573 1620 636 1666; x_wconf 79' lang='grc' dir='ltr'>μὲν</span> <span class='ocrx_word' id='word_1_198' title='bbox 654 1621 828 1669; x_wconf 79' lang='grc' dir='ltr'>εὐπρεπῶς</span> <span class='ocrx_word' id='word_1_199' title='bbox 846 1623 1034 1667; x_wconf 80' lang='grc' dir='ltr'>ἐπίσταται,</span> 
     </span>
     <span class='ocr_line' id='line_1_32' title="bbox 327 1672 1080 1726; baseline 0.011 -19"><span class='ocrx_word' id='word_1_200' title='bbox 327 1673 370 1708; x_wconf 83' lang='grc' dir='ltr'>τὰ</span> <span class='ocrx_word' id='word_1_201' title='bbox 388 1672 417 1708; x_wconf 83' lang='grc' dir='ltr'>δ’</span> <span class='ocrx_word' id='word_1_202' title='bbox 437 1674 520 1722; x_wconf 77' lang='grc' dir='ltr'>ἔργα</span> <span class='ocrx_word' id='word_1_203' title='bbox 536 1675 639 1722; x_wconf 90' lang='grc' dir='ltr'>χείρω</span> <span class='ocrx_word' id='word_1_204' title='bbox 658 1678 724 1711; x_wconf 86' lang='grc' dir='ltr'>τῶν</span> <span class='ocrx_word' id='word_1_205' title='bbox 741 1677 855 1724; x_wconf 92' lang='grc' dir='ltr'>λόγων</span> <span class='ocrx_word' id='word_1_206' title='bbox 872 1678 1080 1726; x_wconf 90' lang='grc' dir='ltr'>παρέσχετο.</span> 
     </span>
     <span class='ocr_line' id='line_1_33' title="bbox 275 1721 1281 1780; baseline 0.01 -20"><span class='ocrx_word' id='word_1_207' title='bbox 275 1721 402 1773; x_wconf 84' lang='grc'>(804.)</span> <span class='ocrx_word' id='word_1_208' title='bbox 424 1732 456 1762; x_wconf 91' lang='lat'>8.</span> <span class='ocrx_word' id='word_1_209' title='bbox 479 1727 650 1763; x_wconf 85' lang='lat' dir='ltr'>Stobaeus</span> <span class='ocrx_word' id='word_1_210' title='bbox 668 1727 841 1776; x_wconf 90' lang='lat' dir='ltr'>Append.</span> <span class='ocrx_word' id='word_1_211' title='bbox 857 1728 956 1768; x_wconf 88' lang='lat' dir='ltr'>Flor.</span> <span class='ocrx_word' id='word_1_212' title='bbox 973 1744 1010 1780; x_wconf 91' lang='lat' dir='ltr'>p.</span> <span class='ocrx_word' id='word_1_213' title='bbox 1030 1732 1090 1773; x_wconf 92' lang='lat'>11,</span> <span class='ocrx_word' id='word_1_214' title='bbox 1105 1730 1192 1769; x_wconf 91' lang='lat' dir='ltr'>Vol.</span> <span class='ocrx_word' id='word_1_215' title='bbox 1209 1731 1281 1775; x_wconf 92' lang='lat' dir='ltr'>IV,</span> 
     </span>
     <span class='ocr_line' id='line_1_34' title="bbox 224 1775 823 1831; baseline 0.01 -19"><span class='ocrx_word' id='word_1_216' title='bbox 224 1775 281 1814; x_wconf 85' lang='lat' dir='ltr'>ed.</span> <span class='ocrx_word' id='word_1_217' title='bbox 304 1776 422 1815; x_wconf 76' lang='lat' dir='ltr'>Gaisf.</span> <span class='ocrx_word' id='word_1_218' title='bbox 447 1778 500 1828; x_wconf 89' lang='lat' dir='ltr'>(p.</span> <span class='ocrx_word' id='word_1_219' title='bbox 522 1782 597 1816; x_wconf 79' lang='grc'>382</span> <span class='ocrx_word' id='word_1_220' title='bbox 618 1780 677 1817; x_wconf 87' lang='lat' dir='ltr'>ed.</span> <span class='ocrx_word' id='word_1_221' title='bbox 699 1780 823 1831; x_wconf 82' lang='lat' dir='ltr'>Lips.)</span> 
     </span>
    </p>
   </div>
   <div class='ocr_carea' id='block_1_10' title="bbox 274 1837 1081 2149">
    <p class='ocr_par' dir='ltr' id='par_1_10' title="bbox 274 1837 1081 2149">
     <span class='ocr_line' id='line_1_35' title="bbox 595 1837 1030 1883; baseline 0.014 -13"><span class='ocrx_word' id='word_1_222' title='bbox 595 1837 637 1870; x_wconf 83' lang='grc' dir='ltr'>Οἱ</span> <span class='ocrx_word' id='word_1_223' title='bbox 654 1838 773 1883; x_wconf 86' lang='grc' dir='ltr'>πεῖραν</span> <span class='ocrx_word' id='word_1_224' title='bbox 791 1839 830 1873; x_wconf 82' lang='grc' dir='ltr'>οὐ</span> <span class='ocrx_word' id='word_1_225' title='bbox 849 1838 1030 1877; x_wconf 76' lang='grc' dir='ltr'>δεδωκότες</span> 
     </span>
     <span class='ocr_line' id='line_1_36' title="bbox 326 1888 1040 1941; baseline 0.01 -19"><span class='ocrx_word' id='word_1_226' title='bbox 326 1889 460 1933; x_wconf 85' lang='grc' dir='ltr'>μᾶλλον</span> <span class='ocrx_word' id='word_1_227' title='bbox 477 1889 652 1927; x_wconf 86' lang='grc' dir='ltr'>δοκοῦντες</span> <span class='ocrx_word' id='word_1_228' title='bbox 670 1888 689 1934; x_wconf 87' lang='grc' dir='ltr'>ἢ</span> <span class='ocrx_word' id='word_1_229' title='bbox 708 1890 899 1938; x_wconf 86' lang='grc' dir='ltr'>πεφυκότες</span> <span class='ocrx_word' id='word_1_230' title='bbox 917 1894 1040 1941; x_wconf 91' lang='grc' dir='ltr'>σοφοί.</span> 
     </span>
     <span class='ocr_line' id='line_1_37' title="bbox 274 1937 808 1989; baseline 0.011 -14"><span class='ocrx_word' id='word_1_231' title='bbox 274 1937 401 1989; x_wconf 90' lang='grc'>(805.)</span> <span class='ocrx_word' id='word_1_232' title='bbox 421 1956 454 1987; x_wconf 90' lang='lat'>9.</span> <span class='ocrx_word' id='word_1_233' title='bbox 475 1941 647 1978; x_wconf 84' lang='lat' dir='ltr'>Stobaeus</span> <span class='ocrx_word' id='word_1_234' title='bbox 665 1942 749 1985; x_wconf 90' lang='lat' dir='ltr'>XC,</span> <span class='ocrx_word' id='word_1_235' title='bbox 772 1947 808 1981; x_wconf 90' lang='lat'>6.</span> 
     </span>
     <span class='ocr_line' id='line_1_38' title="bbox 325 1994 1081 2047; baseline 0.009 -18"><span class='ocrx_word' id='word_1_236' title='bbox 325 1994 501 2043; x_wconf 83' lang='grc' dir='ltr'>Μέγιστον</span> <span class='ocrx_word' id='word_1_237' title='bbox 519 1995 570 2044; x_wconf 70' lang='grc' dir='ltr'>ἆρ’</span> <span class='ocrx_word' id='word_1_238' title='bbox 590 1996 631 2042; x_wconf 79' lang='grc' dir='ltr'>ἧν</span> <span class='ocrx_word' id='word_1_239' title='bbox 648 1997 668 2042; x_wconf 90' lang='grc' dir='ltr'>ἡ</span> <span class='ocrx_word' id='word_1_240' title='bbox 688 1997 807 2044; x_wconf 79' lang='grc' dir='ltr'>φύσις“</span> <span class='ocrx_word' id='word_1_241' title='bbox 837 2000 876 2035; x_wconf 88' lang='grc' dir='ltr'>τὸ</span> <span class='ocrx_word' id='word_1_242' title='bbox 895 2001 961 2047; x_wconf 89' lang='grc' dir='ltr'>γὰρ</span> <span class='ocrx_word' id='word_1_243' title='bbox 981 2002 1081 2036; x_wconf 88' lang='grc' dir='ltr'>κακὸν</span> 
     </span>
     <span class='ocr_line' id='line_1_39' title="bbox 325 2049 1075 2100; baseline 0.011 -17"><span class='ocrx_word' id='word_1_244' title='bbox 325 2049 434 2086; x_wconf 85' lang='grc' dir='ltr'>οὐδεὶς</span> <span class='ocrx_word' id='word_1_245' title='bbox 451 2050 587 2098; x_wconf 88' lang='grc' dir='ltr'>τρέφων</span> <span class='ocrx_word' id='word_1_246' title='bbox 605 2050 643 2086; x_wconf 73' lang='grc' dir='ltr'>εὖ</span> <span class='ocrx_word' id='word_1_247' title='bbox 659 2054 813 2098; x_wconf 83' lang='grc' dir='ltr'>χρηστὸν</span> <span class='ocrx_word' id='word_1_248' title='bbox 831 2053 871 2088; x_wconf 86' lang='grc' dir='ltr'>ἂν</span> <span class='ocrx_word' id='word_1_249' title='bbox 890 2054 960 2100; x_wconf 89' lang='grc' dir='ltr'>θείη</span> <span class='ocrx_word' id='word_1_250' title='bbox 978 2055 1075 2091; x_wconf 90' lang='grc' dir='ltr'>ποτέ.</span> 
     </span>
     <span class='ocr_line' id='line_1_40' title="bbox 274 2098 1011 2149; baseline 0.009 -12"><span class='ocrx_word' id='word_1_251' title='bbox 274 2098 401 2148; x_wconf 88' lang='grc'>(806.)</span> <span class='ocrx_word' id='word_1_252' title='bbox 425 2118 473 2139; x_wconf 84' lang='grc' dir='ltr'>ιο.</span> <span class='ocrx_word' id='word_1_253' title='bbox 495 2102 668 2139; x_wconf 84' lang='lat' dir='ltr'>Stobaeus</span> <span class='ocrx_word' id='word_1_254' title='bbox 687 2104 925 2149; x_wconf 89' lang='lat' dir='ltr'>XXXVIII,</span> <span class='ocrx_word' id='word_1_255' title='bbox 951 2108 1011 2144; x_wconf 84' lang='lat'>14.</span> 
     </span>
    </p>
   </div>
   <div class='ocr_carea' id='block_1_11' title="bbox 324 2155 788 2205">
    <p class='ocr_par' dir='ltr' id='par_1_11' title="bbox 324 2155 788 2205">
     <span class='ocr_line' id='line_1_41' title="bbox 324 2155 788 2205; baseline 0.011 -15"><span class='ocrx_word' id='word_1_256' title='bbox 324 2155 453 2192; x_wconf 84' lang='grc' dir='ltr'>Φθόνον</span> <span class='ocrx_word' id='word_1_257' title='bbox 470 2159 509 2193; x_wconf 87' lang='grc' dir='ltr'>οὐ</span> <span class='ocrx_word' id='word_1_258' title='bbox 523 2159 630 2201; x_wconf 85' lang='grc' dir='ltr'>σέβω,</span> <span class='ocrx_word' id='word_1_259' title='bbox 651 2159 788 2205; x_wconf 89' lang='grc' dir='ltr'>φθονεῖ-</span> 
     </span>
    </p>
   </div>
   <div class='ocr_carea' id='block_1_12' title="bbox 1247 1532 1285 1554">
    <p class='ocr_par' dir='ltr' id='par_1_12' title="bbox 1247 1532 1285 1554">
     <span class='ocr_line' id='line_1_42' title="bbox 1247 1532 1285 1554; baseline -0.026 0"><span class='ocrx_word' id='word_1_260' title='bbox 1247 1532 1285 1554; x_wconf 83' lang='grc'>10</span> 
     </span>
    </p>
   </div>
   <div class='ocr_carea' id='block_1_13' title="bbox 270 2209 1295 3385">
    <p class='ocr_par' dir='ltr' id='par_1_13' title="bbox 270 2209 1295 3385">
     <span class='ocr_line' id='line_1_43' title="bbox 325 2209 926 2259; baseline 0.008 -14"><span class='ocrx_word' id='word_1_261' title='bbox 325 2210 407 2246; x_wconf 88' lang='grc' dir='ltr'>σθαι</span> <span class='ocrx_word' id='word_1_262' title='bbox 425 2209 454 2246; x_wconf 81' lang='grc' dir='ltr'>δ’</span> <span class='ocrx_word' id='word_1_263' title='bbox 473 2212 623 2259; x_wconf 86' lang='grc' dir='ltr'>ἐθέλοιμ’</span> <span class='ocrx_word' id='word_1_264' title='bbox 643 2213 683 2248; x_wconf 83' lang='grc' dir='ltr'>ἂν</span> <span class='ocrx_word' id='word_1_265' title='bbox 701 2213 754 2249; x_wconf 87' lang='grc' dir='ltr'>ἐπ’</span> <span class='ocrx_word' id='word_1_266' title='bbox 775 2214 926 2251; x_wconf 89' lang='grc' dir='ltr'>ε’σθλοῖς.</span> 
     </span>
     <span class='ocr_line' id='line_1_44' title="bbox 271 2260 960 2313; baseline 0.009 -14"><span class='ocrx_word' id='word_1_267' title='bbox 271 2260 398 2311; x_wconf 73' lang='lat'>(8071)</span> <span class='ocrx_word' id='word_1_268' title='bbox 422 2280 471 2301; x_wconf 82' lang='lat'>11.</span> <span class='ocrx_word' id='word_1_269' title='bbox 494 2263 664 2300; x_wconf 84' lang='lat' dir='ltr'>Stobaeus</span> <span class='ocrx_word' id='word_1_270' title='bbox 682 2264 874 2313; x_wconf 85' lang='lat' dir='ltr'><strong>LXXIII,</strong></span> <span class='ocrx_word' id='word_1_271' title='bbox 897 2271 960 2307; x_wconf 87' lang='lat'>57.</span> 
     </span>
     <span class='ocr_line' id='line_1_45' title="bbox 323 2317 968 2368; baseline 0.008 -15"><span class='ocrx_word' id='word_1_272' title='bbox 323 2317 409 2363; x_wconf 83' lang='grc' dir='ltr'>Γυνή</span> <span class='ocrx_word' id='word_1_273' title='bbox 427 2334 464 2354; x_wconf 93' lang='grc' dir='ltr'>τε</span> <span class='ocrx_word' id='word_1_274' title='bbox 481 2320 615 2355; x_wconf 89' lang='grc' dir='ltr'>πάντων</span> <span class='ocrx_word' id='word_1_275' title='bbox 633 2320 840 2368; x_wconf 82' lang='grc' dir='ltr'>ἀγριώτατον</span> <span class='ocrx_word' id='word_1_276' title='bbox 858 2322 968 2359; x_wconf 88' lang='grc' dir='ltr'>κακόν.</span> 
     </span>
     <span class='ocr_line' id='line_1_46' title="bbox 271 2367 920 2418; baseline 0.008 -12"><span class='ocrx_word' id='word_1_277' title='bbox 271 2367 399 2418; x_wconf 87' lang='grc'>(808.)</span> <span class='ocrx_word' id='word_1_278' title='bbox 421 2387 471 2409; x_wconf 86' lang='lat'>12.</span> <span class='ocrx_word' id='word_1_279' title='bbox 495 2370 668 2408; x_wconf 83' lang='lat' dir='ltr'>Stobaeus</span> <span class='ocrx_word' id='word_1_280' title='bbox 690 2372 835 2418; x_wconf 88' lang='lat' dir='ltr'><strong>CXXI,</strong></span> <span class='ocrx_word' id='word_1_281' title='bbox 860 2376 920 2411; x_wconf 89' lang='grc'>12.</span> 
     </span>
     <span class='ocr_line' id='line_1_47' title="bbox 324 2424 1062 2474; baseline 0.008 -14"><span class='ocrx_word' id='word_1_282' title='bbox 324 2425 441 2461; x_wconf 86' lang='grc' dir='ltr'>Καίτοι</span> <span class='ocrx_word' id='word_1_283' title='bbox 458 2426 532 2462; x_wconf 86' lang='grc' dir='ltr'>ποτ’</span> <span class='ocrx_word' id='word_1_284' title='bbox 553 2426 585 2462; x_wconf 86' lang='grc' dir='ltr'>εἰ’</span> <span class='ocrx_word' id='word_1_285' title='bbox 600 2424 660 2463; x_wconf 80' lang='grc' dir='ltr'>τιν’</span> <span class='ocrx_word' id='word_1_286' title='bbox 681 2428 838 2474; x_wconf 78' lang='grc' dir='ltr'>εἰσίδοιμ’</span> <span class='ocrx_word' id='word_1_287' title='bbox 858 2429 921 2465; x_wconf 78' lang='grc' dir='ltr'>ἀνὰ</span> <span class='ocrx_word' id='word_1_288' title='bbox 938 2429 1062 2466; x_wconf 88' lang='grc' dir='ltr'>πτόλιν</span> 
     </span>
     <span class='ocr_line' id='line_1_48' title="bbox 322 2479 957 2529; baseline 0.006 -14"><span class='ocrx_word' id='word_1_289' title='bbox 322 2479 456 2526; x_wconf 80' lang='grc' dir='ltr'>τυφλὸν</span> <span class='ocrx_word' id='word_1_290' title='bbox 473 2483 706 2529; x_wconf 88' lang='grc' dir='ltr'>προηγητῆρος</span> <span class='ocrx_word' id='word_1_291' title='bbox 724 2483 957 2529; x_wconf 79' lang='grc' dir='ltr'>ἐξηρτημένον,</span> 
     </span>
     <span class='ocr_line' id='line_1_49' title="bbox 324 2534 992 2585; baseline 0.007 -17"><span class='ocrx_word' id='word_1_292' title='bbox 324 2534 551 2579; x_wconf 80' lang='grc' dir='ltr'>ἀδημονοῦντα</span> <span class='ocrx_word' id='word_1_293' title='bbox 570 2537 765 2583; x_wconf 80' lang='grc' dir='ltr'>συμφοραῖς</span> <span class='ocrx_word' id='word_1_294' title='bbox 783 2537 992 2585; x_wconf 84' lang='grc' dir='ltr'>ἐλοιδόρουν,</span> 
     </span>
     <span class='ocr_line' id='line_1_50' title="bbox 323 2588 1012 2638; baseline 0.006 -15"><span class='ocrx_word' id='word_1_295' title='bbox 323 2588 368 2624; x_wconf 82' lang='grc' dir='ltr'>ὡς</span> <span class='ocrx_word' id='word_1_296' title='bbox 386 2589 498 2625; x_wconf 85' lang='grc' dir='ltr'>δειλὸς</span> <span class='ocrx_word' id='word_1_297' title='bbox 516 2588 565 2635; x_wconf 82' lang='grc' dir='ltr'>εἵη</span> <span class='ocrx_word' id='word_1_298' title='bbox 586 2590 728 2626; x_wconf 86' lang='grc' dir='ltr'>θάνατον</span> <span class='ocrx_word' id='word_1_299' title='bbox 746 2591 895 2626; x_wconf 82' lang='grc' dir='ltr'>ἐκποδὼν</span> <span class='ocrx_word' id='word_1_300' title='bbox 912 2593 1012 2638; x_wconf 79' lang='grc' dir='ltr'>ἔχων.</span> 
     </span>
     <span class='ocr_line' id='line_1_51' title="bbox 324 2642 982 2690; baseline 0.009 -14"><span class='ocrx_word' id='word_1_301' title='bbox 324 2642 377 2676; x_wconf 81' lang='grc' dir='ltr'>καὶ</span> <span class='ocrx_word' id='word_1_302' title='bbox 396 2645 453 2678; x_wconf 85' lang='grc' dir='ltr'>νῦν</span> <span class='ocrx_word' id='word_1_303' title='bbox 470 2642 610 2690; x_wconf 89' lang='grc' dir='ltr'>λόγοισι</span> <span class='ocrx_word' id='word_1_304' title='bbox 628 2646 699 2681; x_wconf 89' lang='grc' dir='ltr'>τοῖς</span> <span class='ocrx_word' id='word_1_305' title='bbox 717 2644 809 2690; x_wconf 80' lang='grc' dir='ltr'>ἐμοῖς</span> <span class='ocrx_word' id='word_1_306' title='bbox 828 2645 982 2682; x_wconf 84' lang='grc' dir='ltr'>ἐναντίως</span> 
     </span>
     <span class='ocr_line' id='line_1_52' title="bbox 323 2695 1068 2746; baseline 0.007 -17"><span class='ocrx_word' id='word_1_307' title='bbox 323 2695 472 2743; x_wconf 73' lang='grc' dir='ltr'>πέπτωχ’</span> <span class='ocrx_word' id='word_1_308' title='bbox 492 2698 511 2731; x_wconf 87' lang='grc' dir='ltr'>ὁ</span> <span class='ocrx_word' id='word_1_309' title='bbox 529 2696 679 2743; x_wconf 81' lang='grc' dir='ltr'>τλήμων.</span> <span class='ocrx_word' id='word_1_310' title='bbox 708 2697 734 2732; x_wconf 86' lang='grc' dir='ltr'><em>ὦ</em></span> <span class='ocrx_word' id='word_1_311' title='bbox 752 2698 919 2745; x_wconf 78' lang='grc' dir='ltr'>φιλόζωοι</span> <span class='ocrx_word' id='word_1_312' title='bbox 937 2699 1068 2746; x_wconf 78' lang='grc' dir='ltr'>βροτοὶ,</span> 
     </span>
     <span class='ocr_line' id='line_1_53' title="bbox 323 2747 958 2799; baseline 0.006 -16"><span class='ocrx_word' id='word_1_313' title='bbox 323 2747 356 2783; x_wconf 84' lang='grc' dir='ltr'>οἳ</span> <span class='ocrx_word' id='word_1_314' title='bbox 372 2749 433 2794; x_wconf 90' lang='grc' dir='ltr'>τὴν</span> <span class='ocrx_word' id='word_1_315' title='bbox 451 2750 715 2797; x_wconf 80' lang='grc' dir='ltr'>ἐπιστείχουσαν</span> <span class='ocrx_word' id='word_1_316' title='bbox 731 2751 857 2799; x_wconf 83' lang='grc' dir='ltr'>ἡμέραν</span> <span class='ocrx_word' id='word_1_317' title='bbox 875 2753 958 2788; x_wconf 79' lang='grc' dir='ltr'>ἰδεῖν</span> 
     </span>
     <span class='ocr_line' id='line_1_54' title="bbox 320 2802 1020 2852; baseline 0.003 -15"><span class='ocrx_word' id='word_1_318' title='bbox 320 2802 459 2845; x_wconf 79' lang='grc' dir='ltr'>ποθεῖτ’,</span> <span class='ocrx_word' id='word_1_319' title='bbox 480 2804 616 2850; x_wconf 77' lang='grc' dir='ltr'>ἔχοντες</span> <span class='ocrx_word' id='word_1_320' title='bbox 633 2805 760 2852; x_wconf 90' lang='grc' dir='ltr'>μυρίων</span> <span class='ocrx_word' id='word_1_321' title='bbox 777 2806 884 2851; x_wconf 71' lang='grc' dir='ltr'>ἄχθος</span> <span class='ocrx_word' id='word_1_322' title='bbox 902 2810 1020 2841; x_wconf 84' lang='grc' dir='ltr'>κακῶν.</span> 
     </span>
     <span class='ocr_line' id='line_1_55' title="bbox 323 2854 994 2906; baseline 0.007 -16"><span class='ocrx_word' id='word_1_323' title='bbox 323 2854 427 2893; x_wconf 77' lang='grc' dir='ltr'>οὕτως</span> <span class='ocrx_word' id='word_1_324' title='bbox 445 2858 528 2904; x_wconf 80' lang='grc' dir='ltr'>ἔρως</span> <span class='ocrx_word' id='word_1_325' title='bbox 545 2860 725 2905; x_wconf 87' lang='grc' dir='ltr'>βροτοῖσιν</span> <span class='ocrx_word' id='word_1_326' title='bbox 742 2860 885 2906; x_wconf 78' lang='grc' dir='ltr'>ἔγκειται</span> <span class='ocrx_word' id='word_1_327' title='bbox 903 2860 994 2902; x_wconf 92' lang='grc' dir='ltr'>βίου.</span> 
     </span>
     <span class='ocr_line' id='line_1_56' title="bbox 308 2910 1068 2960; baseline 0.008 -17"><span class='ocrx_word' id='word_1_328' title='bbox 308 2910 361 2944; x_wconf 79' lang='grc' dir='ltr'>’τὸ</span> <span class='ocrx_word' id='word_1_329' title='bbox 382 2911 439 2955; x_wconf 78' lang='grc' dir='ltr'>ζῆν</span> <span class='ocrx_word' id='word_1_330' title='bbox 455 2912 521 2957; x_wconf 83' lang='grc' dir='ltr'>γὰρ</span> <span class='ocrx_word' id='word_1_331' title='bbox 539 2910 651 2957; x_wconf 80' lang='grc' dir='ltr'>ἴσμεν·</span> <span class='ocrx_word' id='word_1_332' title='bbox 678 2915 738 2948; x_wconf 83' lang='grc' dir='ltr'>τοῦ</span> <span class='ocrx_word' id='word_1_333' title='bbox 757 2913 868 2949; x_wconf 88' lang='grc' dir='ltr'>θανεῖν</span> <span class='ocrx_word' id='word_1_334' title='bbox 886 2913 915 2948; x_wconf 85' lang='grc' dir='ltr'>δ’</span> <span class='ocrx_word' id='word_1_335' title='bbox 934 2914 1068 2960; x_wconf 81' lang='grc' dir='ltr'>ἀπειρίᾳ</span> 
     </span>
     <span class='ocr_line' id='line_1_57' title="bbox 320 2965 1078 3012; baseline 0.005 -14"><span class='ocrx_word' id='word_1_336' title='bbox 320 2965 387 2999; x_wconf 89' lang='grc' dir='ltr'>πᾶς</span> <span class='ocrx_word' id='word_1_337' title='bbox 404 2979 454 2999; x_wconf 89' lang='grc' dir='ltr'>τις</span> <span class='ocrx_word' id='word_1_338' title='bbox 472 2966 634 3010; x_wconf 88' lang='grc' dir='ltr'>φοβεῖται</span> <span class='ocrx_word' id='word_1_339' title='bbox 652 2967 728 3012; x_wconf 88' lang='grc' dir='ltr'>φῶς</span> <span class='ocrx_word' id='word_1_340' title='bbox 745 2968 858 3003; x_wconf 86' lang='grc' dir='ltr'>λιπεῖν</span> <span class='ocrx_word' id='word_1_341' title='bbox 875 2966 946 3003; x_wconf 82' lang='grc' dir='ltr'>τόδ’</span> <span class='ocrx_word' id='word_1_342' title='bbox 967 2967 1078 3012; x_wconf 86' lang='grc' dir='ltr'>ἡλίου.</span> 
     </span>
     <span class='ocr_line' id='line_1_58' title="bbox 270 3013 936 3064; baseline 0.009 -14"><span class='ocrx_word' id='word_1_343' title='bbox 270 3013 397 3063; x_wconf 91' lang='grc'>(809.)</span> <span class='ocrx_word' id='word_1_344' title='bbox 427 3032 434 3052; x_wconf 86' lang='grc' dir='ltr'>ι</span> <span class='ocrx_word' id='word_1_345' title='bbox 442 3031 474 3060; x_wconf 83' lang='lat'>3.</span> <span class='ocrx_word' id='word_1_346' title='bbox 496 3014 667 3053; x_wconf 83' lang='lat' dir='ltr'>Stobaeus</span> <span class='ocrx_word' id='word_1_347' title='bbox 686 3018 877 3064; x_wconf 91' lang='lat' dir='ltr'><strong>XXXIX,</strong></span> <span class='ocrx_word' id='word_1_348' title='bbox 899 3021 936 3056; x_wconf 90' lang='lat'>9.</span> 
     </span>
     <span class='ocr_line' id='line_1_59' title="bbox 323 3069 1076 3121; baseline 0.005 -17"><span class='ocrx_word' id='word_1_349' title='bbox 323 3069 368 3105; x_wconf 81' lang='grc' dir='ltr'>Σὺ</span> <span class='ocrx_word' id='word_1_350' title='bbox 386 3069 429 3113; x_wconf 81' lang='grc' dir='ltr'>δ’,</span> <span class='ocrx_word' id='word_1_351' title='bbox 451 3070 476 3105; x_wconf 79' lang='grc' dir='ltr'>ὧ</span> <span class='ocrx_word' id='word_1_352' title='bbox 494 3070 632 3119; x_wconf 79' lang='grc' dir='ltr'>πατρῴα</span> <span class='ocrx_word' id='word_1_353' title='bbox 649 3073 742 3118; x_wconf 85' lang='grc' dir='ltr'>χθὼν</span> <span class='ocrx_word' id='word_1_354' title='bbox 761 3073 849 3119; x_wconf 85' lang='grc' dir='ltr'>ἐμῶν</span> <span class='ocrx_word' id='word_1_355' title='bbox 866 3073 1076 3121; x_wconf 89' lang='grc' dir='ltr'>γεννητόρων</span> 
     </span>
     <span class='ocr_line' id='line_1_60' title="bbox 320 3123 1152 3174; baseline 0.005 -16"><span class='ocrx_word' id='word_1_356' title='bbox 320 3123 424 3171; x_wconf 87' lang='grc' dir='ltr'>χαῖρ’·</span> <span class='ocrx_word' id='word_1_357' title='bbox 451 3124 547 3171; x_wconf 86' lang='grc' dir='ltr'>ἀνδρὶ</span> <span class='ocrx_word' id='word_1_358' title='bbox 565 3126 630 3172; x_wconf 87' lang='grc' dir='ltr'>γάρ</span> <span class='ocrx_word' id='word_1_359' title='bbox 648 3141 712 3168; x_wconf 85' lang='grc' dir='ltr'>τοι,</span> <span class='ocrx_word' id='word_1_360' title='bbox 732 3127 792 3162; x_wconf 85' lang='grc' dir='ltr'>κᾶν</span> <span class='ocrx_word' id='word_1_361' title='bbox 810 3128 1010 3174; x_wconf 79' lang='grc' dir='ltr'>ὑπερβάλλῃ</span> <span class='ocrx_word' id='word_1_362' title='bbox 1030 3128 1152 3166; x_wconf 84' lang='grc' dir='ltr'>κακοῖς,</span> 
     </span>
     <span class='ocr_line' id='line_1_61' title="bbox 322 3177 1006 3225; baseline 0.006 -13"><span class='ocrx_word' id='word_1_363' title='bbox 322 3177 381 3212; x_wconf 84' lang='grc' dir='ltr'>οὐκ</span> <span class='ocrx_word' id='word_1_364' title='bbox 399 3178 475 3213; x_wconf 80' lang='grc' dir='ltr'>ἔστι</span> <span class='ocrx_word' id='word_1_365' title='bbox 493 3180 553 3212; x_wconf 82' lang='grc' dir='ltr'>τοῦ</span> <span class='ocrx_word' id='word_1_366' title='bbox 573 3177 762 3225; x_wconf 77' lang='grc' dir='ltr'>θρέψαντος</span> <span class='ocrx_word' id='word_1_367' title='bbox 780 3181 874 3225; x_wconf 85' lang='grc' dir='ltr'>ἥδιον</span> <span class='ocrx_word' id='word_1_368' title='bbox 891 3180 1006 3216; x_wconf 83' lang='grc' dir='ltr'>πέδον.</span> 
     </span>
     <span class='ocr_line' id='line_1_62' title="bbox 271 3227 1295 3385; baseline 0.004 -120"><span class='ocrx_word' id='word_1_369' title='bbox 271 3227 397 3276; x_wconf 89' lang='grc'>(810.)</span> <span class='ocrx_word' id='word_1_370' title='bbox 418 3245 469 3274; x_wconf 90' lang='lat'>14.</span> <span class='ocrx_word' id='word_1_371' title='bbox 501 3229 666 3277; x_wconf 80' lang='lat' dir='ltr'>Hesych.</span> <span class='ocrx_word' id='word_1_372' title='bbox 695 3232 991 3279; x_wconf 85' lang='grc' dir='ltr'>Ἀμνὴστευτος</span> <span class='ocrx_word' id='word_1_373' title='bbox 1016 3234 1126 3281; x_wconf 91' lang='grc' dir='ltr'>γυνὴ,</span> <span class='ocrx_word' id='word_1_374' title='bbox 1147 3233 1166 3278; x_wconf 89' lang='grc' dir='ltr'>ἡ</span> <span class='ocrx_word' id='word_1_375' title='bbox 1185 3234 1295 3385; x_wconf 75' lang='grc' dir='ltr'>παλ-1</span> 
     </span>
    </p>
   </div>
   <div class='ocr_carea' id='block_1_14' title="bbox 1237 2925 1275 2947">
    <p class='ocr_par' dir='ltr' id='par_1_14' title="bbox 1237 2925 1275 2947">
     <span class='ocr_line' id='line_1_63' title="bbox 1237 2925 1275 2947; baseline 0 0"><span class='ocrx_word' id='word_1_376' title='bbox 1237 2925 1275 2947; x_wconf 86' lang='lat'>10</span> 
     </span>
    </p>
   </div>
   <div class='ocr_carea' id='block_1_15' title="bbox 218 3283 682 3332">
    <p class='ocr_par' dir='ltr' id='par_1_15' title="bbox 218 3283 682 3332">
     <span class='ocr_line' id='line_1_64' title="bbox 218 3283 682 3332; baseline 0.004 -14"><span class='ocrx_word' id='word_1_377' title='bbox 218 3283 311 3329; x_wconf 82' lang='grc' dir='ltr'>λακή.</span> <span class='ocrx_word' id='word_1_378' title='bbox 341 3285 525 3332; x_wconf 85' lang='grc' dir='ltr'>Εὐριπίδης</span> <span class='ocrx_word' id='word_1_379' title='bbox 543 3285 682 3320; x_wconf 84' lang='grc' dir='ltr'>Φοίνικι.</span> 
     </span>
    </p>
   </div>
   <div class='ocr_carea' id='block_1_16' title="bbox 648 3357 857 3364">
    <p class='ocr_par' dir='ltr' id='par_1_16' title="bbox 648 3357 857 3364">
     <span class='ocr_line' id='line_1_65' title="bbox 648 3357 857 3364; baseline 0 496"><span class='ocrx_word' id='word_1_380' title='bbox 648 3357 857 3364; x_wconf 95' lang='lat' dir='ltr'> </span> 
     </span>
    </p>
   </div>
   <div class='ocr_carea' id='block_1_17' title="bbox 218 3388 1271 3544">
    <p class='ocr_par' dir='ltr' id='par_1_17' title="bbox 218 3388 1271 3544">
     <span class='ocr_line' id='line_1_66' title="bbox 266 3388 1012 3431; baseline 0.003 -5"><span class='ocrx_word' id='word_1_381' title='bbox 266 3389 455 3426; x_wconf 78' lang='lat' dir='ltr'><strong>Praeterea</strong></span> <span class='ocrx_word' id='word_1_382' title='bbox 475 3388 649 3426; x_wconf 84' lang='lat' dir='ltr'>Stobaeus</span> <span class='ocrx_word' id='word_1_383' title='bbox 669 3389 773 3431; x_wconf 87' lang='lat' dir='ltr'><strong>XCI,</strong></span> <span class='ocrx_word' id='word_1_384' title='bbox 800 3393 844 3427; x_wconf 87' lang='lat'>12</span> <span class='ocrx_word' id='word_1_385' title='bbox 864 3404 1012 3428; x_wconf 82' lang='lat' dir='ltr'>versum</span> 
     </span>
     <span class='ocr_line' id='line_1_67' title="bbox 323 3443 1144 3493; baseline 0.002 -15"><span class='ocrx_word' id='word_1_386' title='bbox 323 3444 348 3478; x_wconf 82' lang='grc' dir='ltr'><strong>ὦ</strong></span> <span class='ocrx_word' id='word_1_387' title='bbox 366 3444 504 3486; x_wconf 87' lang='grc' dir='ltr'>πλοῦθ’,</span> <span class='ocrx_word' id='word_1_388' title='bbox 524 3443 597 3492; x_wconf 80' lang='grc' dir='ltr'>ὅσῳ</span> <span class='ocrx_word' id='word_1_389' title='bbox 615 3445 677 3490; x_wconf 83' lang='grc' dir='ltr'>μὲν</span> <span class='ocrx_word' id='word_1_390' title='bbox 694 3443 824 3491; x_wconf 82' lang='grc' dir='ltr'>ῥᾷστον</span> <span class='ocrx_word' id='word_1_391' title='bbox 842 3443 875 3480; x_wconf 83' lang='grc' dir='ltr'>εἶ</span> <span class='ocrx_word' id='word_1_392' title='bbox 888 3447 994 3492; x_wconf 86' lang='grc' dir='ltr'>βάρος</span> <span class='ocrx_word' id='word_1_393' title='bbox 1012 3446 1144 3493; x_wconf 84' lang='grc' dir='ltr'>φέρειν,</span> 
     </span>
     <span class='ocr_line' id='line_1_68' title="bbox 218 3495 1271 3544; baseline 0.001 -13"><span class='ocrx_word' id='word_1_394' title='bbox 218 3495 315 3531; x_wconf 82' lang='lat' dir='ltr'><strong>haud</strong></span> <span class='ocrx_word' id='word_1_395' title='bbox 342 3495 451 3532; x_wconf 80' lang='lat' dir='ltr'>dubie</span> <span class='ocrx_word' id='word_1_396' title='bbox 479 3507 614 3537; x_wconf 87' lang='lat' dir='ltr'><strong>errore,</strong></span> <span class='ocrx_word' id='word_1_397' title='bbox 647 3508 694 3533; x_wconf 82' lang='lat' dir='ltr'>ex</span> <span class='ocrx_word' id='word_1_398' title='bbox 721 3495 907 3544; x_wconf 85' lang='lat' dir='ltr'>Euripidis</span> <span class='ocrx_word' id='word_1_399' title='bbox 935 3497 1107 3534; x_wconf 86' lang='lat' dir='ltr'>Phoenice</span> <span class='ocrx_word' id='word_1_400' title='bbox 1135 3496 1271 3537; x_wconf 86' lang='lat' dir='ltr'>citavit.</span> 
     </span>
    </p>
   </div>
   <div class='ocr_carea' id='block_1_18' title="bbox 1287 3388 1295 3533">
    <p class='ocr_par' dir='ltr' id='par_1_18' title="bbox 1287 3388 1295 3533">
     <span class='ocr_line' id='line_1_69' title="bbox 1287 3388 1295 3533; baseline 0 327"><span class='ocrx_word' id='word_1_401' title='bbox 1287 3388 1295 3533; x_wconf 95' lang='lat' dir='ltr'> </span> 
     </span>
    </p>
   </div>
   <div class='ocr_carea' id='block_1_19' title="bbox 1308 917 2380 3543">
    <p class='ocr_par' dir='ltr' id='par_1_19' title="bbox 1323 917 2380 1280">
     <span class='ocr_line' id='line_1_70' title="bbox 1523 917 2054 966; baseline 0.004 -13"><span class='ocrx_word' id='word_1_402' title='bbox 1523 949 1526 953; x_wconf 92' lang='lat'>.</span> <span class='ocrx_word' id='word_1_403' title='bbox 1656 917 1734 955; x_wconf 85' lang='grc' dir='ltr'>ἵκετ’</span> <span class='ocrx_word' id='word_1_404' title='bbox 1754 919 1788 957; x_wconf 82' lang='grc' dir='ltr'>ἐς</span> <span class='ocrx_word' id='word_1_405' title='bbox 1806 919 1922 966; x_wconf 81' lang='grc' dir='ltr'>Θήβης</span> <span class='ocrx_word' id='word_1_406' title='bbox 1938 920 2054 956; x_wconf 85' lang='grc' dir='ltr'>πέδον.</span> 
     </span>
     <span class='ocr_line' id='line_1_71' title="bbox 1379 969 2380 1024; baseline 0.001 -15"><span class='ocrx_word' id='word_1_407' title='bbox 1379 969 1505 1020; x_wconf 84' lang='grc'>(812.)</span> <span class='ocrx_word' id='word_1_408' title='bbox 1525 988 1557 1010; x_wconf 86' lang='lat'>2.</span> <span class='ocrx_word' id='word_1_409' title='bbox 1587 970 1716 1011; x_wconf 84' lang='lat' dir='ltr'>Schol.</span> <span class='ocrx_word' id='word_1_410' title='bbox 1737 972 1829 1009; x_wconf 85' lang='lat' dir='ltr'>Eur.</span> <span class='ocrx_word' id='word_1_411' title='bbox 1850 972 1980 1009; x_wconf 91' lang='lat' dir='ltr'>Phoen.</span> <span class='ocrx_word' id='word_1_412' title='bbox 2003 973 2039 1010; x_wconf 89' lang='lat'>6.</span> <span class='ocrx_word' id='word_1_413' title='bbox 2056 972 2094 1009; x_wconf 83' lang='grc' dir='ltr'>ἐν</span> <span class='ocrx_word' id='word_1_414' title='bbox 2110 975 2194 1021; x_wconf 86' lang='grc' dir='ltr'>γοῦν</span> <span class='ocrx_word' id='word_1_415' title='bbox 2206 974 2254 1023; x_wconf 78' lang='grc' dir='ltr'>τῷ</span> <span class='ocrx_word' id='word_1_416' title='bbox 2267 973 2380 1024; x_wconf 61' lang='grc' dir='ltr'>Φρίξφ</span> 
     </span>
     <span class='ocr_line' id='line_1_72' title="bbox 1354 1037 2259 1073; baseline 0.001 -10"><span class='ocrx_word' id='word_1_417' title='bbox 1354 1037 1444 1073; x_wconf 91' lang='grc' dir='ltr'>ησιν·</span> <span class='ocrx_word' id='word_1_418' title='bbox 2254 1057 2259 1061; x_wconf 78' lang='lat'>.</span> 
     </span>
     <span class='ocr_line' id='line_1_73' title="bbox 1323 1029 2227 1130; baseline 0.001 -14"><span class='ocrx_word' id='word_1_419' title='bbox 1323 1029 1352 1074; x_wconf 83' lang='grc' dir='ltr'>φ</span> <span class='ocrx_word' id='word_1_420' title='bbox 1428 1081 1517 1126; x_wconf 78' lang='grc' dir='ltr'>ἦσαν</span> <span class='ocrx_word' id='word_1_421' title='bbox 1533 1081 1612 1128; x_wconf 82' lang='grc' dir='ltr'>γὰρ,</span> <span class='ocrx_word' id='word_1_422' title='bbox 1637 1080 1699 1128; x_wconf 84' lang='grc' dir='ltr'>[ὣς</span> <span class='ocrx_word' id='word_1_423' title='bbox 1715 1079 1910 1130; x_wconf 89' lang='grc' dir='ltr'>λέγουσιν,]</span> <span class='ocrx_word' id='word_1_424' title='bbox 1932 1079 2115 1129; x_wconf 79' lang='grc' dir='ltr'>Ἀγήνορος</span> <span class='ocrx_word' id='word_1_425' title='bbox 2132 1083 2227 1130; x_wconf 85' lang='grc' dir='ltr'>κόροι</span> 
     </span>
     <span class='ocr_line' id='line_1_74' title="bbox 1429 1134 2152 1181; baseline 0.001 -11"><span class='ocrx_word' id='word_1_426' title='bbox 1429 1135 1542 1179; x_wconf 83' lang='grc' dir='ltr'>Κίλιξ,</span> <span class='ocrx_word' id='word_1_427' title='bbox 1562 1134 1623 1181; x_wconf 80' lang='grc' dir='ltr'>ἀφ’</span> <span class='ocrx_word' id='word_1_428' title='bbox 1643 1135 1683 1171; x_wconf 78' lang='grc' dir='ltr'>οὗ</span> <span class='ocrx_word' id='word_1_429' title='bbox 1701 1137 1755 1172; x_wconf 86' lang='grc' dir='ltr'>καὶ</span> <span class='ocrx_word' id='word_1_430' title='bbox 1774 1135 1909 1171; x_wconf 86' lang='grc' dir='ltr'>Κιλικία</span> <span class='ocrx_word' id='word_1_431' title='bbox 1927 1135 2152 1181; x_wconf 77' lang='grc' dir='ltr'>κικλήσκεται,</span> 
     </span>
     <span class='ocr_line' id='line_1_75' title="bbox 1428 1189 2148 1238; baseline 0 -14"><span class='ocrx_word' id='word_1_432' title='bbox 1428 1189 1554 1233; x_wconf 81' lang='grc' dir='ltr'>Φοῖνιξ,</span> <span class='ocrx_word' id='word_1_433' title='bbox 1575 1189 1716 1238; x_wconf 88' lang='grc' dir='ltr'>ὅθενπερ</span> <span class='ocrx_word' id='word_1_434' title='bbox 1733 1189 1866 1236; x_wconf 75' lang='grc' dir='ltr'>τοῦνομ’</span> <span class='ocrx_word' id='word_1_435' title='bbox 1886 1189 1905 1235; x_wconf 88' lang='grc' dir='ltr'><em>ἡ</em></span> <span class='ocrx_word' id='word_1_436' title='bbox 1924 1191 2019 1237; x_wconf 87' lang='grc' dir='ltr'>χώρα</span> <span class='ocrx_word' id='word_1_437' title='bbox 2037 1189 2148 1238; x_wconf 83' lang='grc' dir='ltr'>φέρει,</span> 
     </span>
     <span class='ocr_line' id='line_1_76' title="bbox 1428 1243 1759 1280; baseline 0.006 -2"><span class='ocrx_word' id='word_1_438' title='bbox 1428 1244 1481 1279; x_wconf 87' lang='grc' dir='ltr'>καὶ</span> <span class='ocrx_word' id='word_1_439' title='bbox 1500 1243 1618 1280; x_wconf 84' lang='grc' dir='ltr'>Θάσος</span> <span class='ocrx_word' id='word_1_440' title='bbox 1639 1263 1688 1270; x_wconf 91' lang='grc'>-</span> <span class='ocrx_word' id='word_1_441' title='bbox 1703 1263 1759 1269; x_wconf 90' lang='lat'>·-</span> 
     </span>
    </p>

    <p class='ocr_par' dir='ltr' id='par_1_20' title="bbox 1318 1294 2378 1556">
     <span class='ocr_line' id='line_1_77' title="bbox 1371 1294 2376 1344; baseline 0.002 -13"><span class='ocrx_word' id='word_1_442' title='bbox 1371 1295 1504 1332; x_wconf 86' lang='lat' dir='ltr'>Valck.</span> <span class='ocrx_word' id='word_1_443' title='bbox 1534 1295 1560 1332; x_wconf 92' lang='lat'>1.</span> <span class='ocrx_word' id='word_1_444' title='bbox 1582 1307 1613 1332; x_wconf 87' lang='lat' dir='ltr'>c.</span> <span class='ocrx_word' id='word_1_445' title='bbox 1639 1301 1817 1344; x_wconf 86' lang='lat' dir='ltr'><strong>praeterea</strong></span> <span class='ocrx_word' id='word_1_446' title='bbox 1841 1294 1915 1332; x_wconf 85' lang='lat' dir='ltr'>huc</span> <span class='ocrx_word' id='word_1_447' title='bbox 1937 1294 2066 1332; x_wconf 85' lang='lat' dir='ltr'><strong>referri</strong></span> <span class='ocrx_word' id='word_1_448' title='bbox 2082 1294 2200 1332; x_wconf 82' lang='lat' dir='ltr'><strong>voluit</strong></span> <span class='ocrx_word' id='word_1_449' title='bbox 2216 1307 2376 1340; x_wconf 81' lang='lat' dir='ltr'><strong>versum,</strong></span> 
     </span>
     <span class='ocr_line' id='line_1_78' title="bbox 1321 1348 2378 1398; baseline 0.002 -14"><span class='ocrx_word' id='word_1_450' title='bbox 1321 1348 1382 1396; x_wconf 88' lang='lat' dir='ltr'>qui</span> <span class='ocrx_word' id='word_1_451' title='bbox 1414 1349 1492 1385; x_wconf 83' lang='lat' dir='ltr'>sine</span> <span class='ocrx_word' id='word_1_452' title='bbox 1523 1349 1685 1385; x_wconf 80' lang='lat' dir='ltr'>auctoris</span> <span class='ocrx_word' id='word_1_453' title='bbox 1715 1349 1864 1386; x_wconf 90' lang='lat' dir='ltr'><strong>nomine</strong></span> <span class='ocrx_word' id='word_1_454' title='bbox 1898 1348 2036 1397; x_wconf 82' lang='lat' dir='ltr'><strong>legitur</strong></span> <span class='ocrx_word' id='word_1_455' title='bbox 2064 1348 2162 1398; x_wconf 88' lang='lat' dir='ltr'><strong>apud</strong></span> <span class='ocrx_word' id='word_1_456' title='bbox 2197 1349 2299 1387; x_wconf 85' lang='lat' dir='ltr'>Plut.</span> <span class='ocrx_word' id='word_1_457' title='bbox 2330 1349 2378 1386; x_wconf 86' lang='lat' dir='ltr'>de</span> 
     </span>
     <span class='ocr_line' id='line_1_79' title="bbox 1320 1399 2375 1452; baseline 0.002 -15"><span class='ocrx_word' id='word_1_458' title='bbox 1320 1401 1417 1438; x_wconf 83' lang='lat' dir='ltr'>Exil.</span> <span class='ocrx_word' id='word_1_459' title='bbox 1437 1403 1495 1446; x_wconf 92' lang='lat'>17,</span> <span class='ocrx_word' id='word_1_460' title='bbox 1512 1399 1568 1451; x_wconf 91' lang='lat' dir='ltr'>(p.</span> <span class='ocrx_word' id='word_1_461' title='bbox 1591 1403 1665 1440; x_wconf 90' lang='grc'>607</span> <span class='ocrx_word' id='word_1_462' title='bbox 1687 1402 1751 1449; x_wconf 90' lang='grc' dir='ltr'>Β,)</span> <span class='ocrx_word' id='word_1_463' title='bbox 1772 1405 1826 1440; x_wconf 84' lang='grc' dir='ltr'>καὶ</span> <span class='ocrx_word' id='word_1_464' title='bbox 1844 1406 1863 1439; x_wconf 85' lang='grc' dir='ltr'>ὁ</span> <span class='ocrx_word' id='word_1_465' title='bbox 1881 1407 1941 1440; x_wconf 85' lang='grc' dir='ltr'>τοῦ</span> <span class='ocrx_word' id='word_1_466' title='bbox 1960 1403 2130 1440; x_wconf 78' lang='grc' dir='ltr'>Διονύσου</span> <span class='ocrx_word' id='word_1_467' title='bbox 2146 1405 2285 1442; x_wconf 86' lang='grc' dir='ltr'>πάππος</span> <span class='ocrx_word' id='word_1_468' title='bbox 2303 1400 2375 1452; x_wconf 75' lang='lat' dir='ltr'>(sc.</span> 
     </span>
     <span class='ocr_line' id='line_1_80' title="bbox 1318 1456 2376 1507; baseline 0.003 -15"><span class='ocrx_word' id='word_1_469' title='bbox 1318 1458 1432 1504; x_wconf 88' lang='grc' dir='ltr'>φυγὰς</span> <span class='ocrx_word' id='word_1_470' title='bbox 1458 1456 1529 1503; x_wconf 83' lang='grc' dir='ltr'>ἦν),</span> <span class='ocrx_word' id='word_1_471' title='bbox 1555 1458 1601 1494; x_wconf 85' lang='grc' dir='ltr'>ὦς</span> <span class='ocrx_word' id='word_1_472' title='bbox 1632 1458 1828 1506; x_wconf 83' lang='grc' dir='ltr'>ἐξεπέμφθη</span> <span class='ocrx_word' id='word_1_473' title='bbox 1857 1458 1917 1504; x_wconf 87' lang='grc' dir='ltr'>τὴν</span> <span class='ocrx_word' id='word_1_474' title='bbox 1934 1459 2099 1506; x_wconf 83' lang='grc' dir='ltr'>Εὐρώπην</span> <span class='ocrx_word' id='word_1_475' title='bbox 2122 1458 2283 1507; x_wconf 80' lang='grc' dir='ltr'>ἀνευρεῖν,</span> <span class='ocrx_word' id='word_1_476' title='bbox 2303 1456 2376 1494; x_wconf 74' lang='grc' dir='ltr'>οὐδ’</span> 
     </span>
     <span class='ocr_line' id='line_1_81' title="bbox 1318 1510 1615 1556; baseline 0.007 -10"><span class='ocrx_word' id='word_1_477' title='bbox 1318 1510 1418 1547; x_wconf 80' lang='grc' dir='ltr'>αὐτὸς</span> <span class='ocrx_word' id='word_1_478' title='bbox 1437 1511 1615 1556; x_wconf 84' lang='grc' dir='ltr'>ἐπανῆλθε,</span> 
     </span>
    </p>

    <p class='ocr_par' dir='ltr' id='par_1_21' title="bbox 1425 1565 2123 1614">
     <span class='ocr_line' id='line_1_82' title="bbox 1425 1565 2123 1614; baseline 0.001 -14"><span class='ocrx_word' id='word_1_479' title='bbox 1425 1565 1540 1609; x_wconf 78' lang='grc' dir='ltr'>Φοῖνιξ</span> <span class='ocrx_word' id='word_1_480' title='bbox 1557 1567 1727 1613; x_wconf 83' lang='grc' dir='ltr'>πεφυκὼς,</span> <span class='ocrx_word' id='word_1_481' title='bbox 1749 1566 1784 1601; x_wconf 85' lang='grc' dir='ltr'>ἐκ</span> <span class='ocrx_word' id='word_1_482' title='bbox 1803 1566 1832 1602; x_wconf 90' lang='grc' dir='ltr'>δ’</span> <span class='ocrx_word' id='word_1_483' title='bbox 1852 1567 1996 1613; x_wconf 80' lang='grc' dir='ltr'>ὁρίζεται</span> <span class='ocrx_word' id='word_1_484' title='bbox 2012 1566 2123 1614; x_wconf 88' lang='grc' dir='ltr'>γένος.</span> 
     </span>
    </p>

    <p class='ocr_par' dir='ltr' id='par_1_22' title="bbox 1316 1617 2377 1831">
     <span class='ocr_line' id='line_1_83' title="bbox 1374 1617 2377 1668; baseline 0.004 -15"><span class='ocrx_word' id='word_1_485' title='bbox 1374 1617 1500 1666; x_wconf 84' lang='grc'>(813.)</span> <span class='ocrx_word' id='word_1_486' title='bbox 1520 1633 1553 1663; x_wconf 82' lang='grc'>3.</span> <span class='ocrx_word' id='word_1_487' title='bbox 1583 1618 1774 1656; x_wconf 83' lang='lat' dir='ltr'>Eratosth.</span> <span class='ocrx_word' id='word_1_488' title='bbox 1797 1618 1940 1655; x_wconf 86' lang='lat' dir='ltr'>Catast.</span> <span class='ocrx_word' id='word_1_489' title='bbox 1966 1619 2025 1656; x_wconf 91' lang='grc'>14.</span> <span class='ocrx_word' id='word_1_490' title='bbox 2079 1622 2221 1668; x_wconf 84' lang='grc' dir='ltr'>Ταῦρος.</span> <span class='ocrx_word' id='word_1_491' title='bbox 2269 1617 2377 1657; x_wconf 84' lang='grc' dir='ltr'>Οὗτος</span> 
     </span>
     <span class='ocr_line' id='line_1_84' title="bbox 1316 1673 2377 1722; baseline 0.003 -15"><span class='ocrx_word' id='word_1_492' title='bbox 1316 1673 1452 1721; x_wconf 84' lang='grc' dir='ltr'>λέγεται</span> <span class='ocrx_word' id='word_1_493' title='bbox 1471 1673 1507 1709; x_wconf 88' lang='grc' dir='ltr'>ἐν</span> <span class='ocrx_word' id='word_1_494' title='bbox 1524 1676 1595 1711; x_wconf 86' lang='grc' dir='ltr'>τοῖς</span> <span class='ocrx_word' id='word_1_495' title='bbox 1612 1674 1752 1721; x_wconf 75' lang='grc' dir='ltr'>ἄστροις</span> <span class='ocrx_word' id='word_1_496' title='bbox 1773 1674 1906 1720; x_wconf 86' lang='grc' dir='ltr'>τεθῆναι</span> <span class='ocrx_word' id='word_1_497' title='bbox 1925 1674 1981 1709; x_wconf 86' lang='grc' dir='ltr'>διὰ</span> <span class='ocrx_word' id='word_1_498' title='bbox 1997 1675 2037 1710; x_wconf 87' lang='grc' dir='ltr'>τὸ</span> <span class='ocrx_word' id='word_1_499' title='bbox 2056 1674 2221 1722; x_wconf 85' lang='grc' dir='ltr'>Εὐρώπην</span> <span class='ocrx_word' id='word_1_500' title='bbox 2237 1673 2377 1722; x_wconf 73' lang='grc' dir='ltr'>ἀγαγεῖν</span> 
     </span>
     <span class='ocr_line' id='line_1_85' title="bbox 1317 1727 2377 1776; baseline 0.002 -14"><span class='ocrx_word' id='word_1_501' title='bbox 1317 1727 1353 1762; x_wconf 86' lang='grc' dir='ltr'>ἐκ</span> <span class='ocrx_word' id='word_1_502' title='bbox 1372 1727 1524 1773; x_wconf 83' lang='grc' dir='ltr'>Φοινίκης</span> <span class='ocrx_word' id='word_1_503' title='bbox 1543 1728 1590 1765; x_wconf 78' lang='grc' dir='ltr'>εἷς</span> <span class='ocrx_word' id='word_1_504' title='bbox 1617 1727 1750 1775; x_wconf 82' lang='grc' dir='ltr'>Κρήτην</span> <span class='ocrx_word' id='word_1_505' title='bbox 1767 1729 1823 1764; x_wconf 85' lang='grc' dir='ltr'>διὰ</span> <span class='ocrx_word' id='word_1_506' title='bbox 1840 1731 1900 1764; x_wconf 85' lang='grc' dir='ltr'>τοῦ</span> <span class='ocrx_word' id='word_1_507' title='bbox 1928 1729 2111 1776; x_wconf 85' lang='grc' dir='ltr'>πελάγους,</span> <span class='ocrx_word' id='word_1_508' title='bbox 2131 1728 2176 1766; x_wconf 84' lang='grc' dir='ltr'>ὡς</span> <span class='ocrx_word' id='word_1_509' title='bbox 2193 1728 2377 1774; x_wconf 80' lang='grc' dir='ltr'>Εὐριπίδης</span> 
     </span>
     <span class='ocr_line' id='line_1_86' title="bbox 1317 1781 1691 1831; baseline 0 -14"><span class='ocrx_word' id='word_1_510' title='bbox 1317 1782 1427 1829; x_wconf 85' lang='grc' dir='ltr'>φησὶν</span> <span class='ocrx_word' id='word_1_511' title='bbox 1446 1781 1482 1817; x_wconf 85' lang='grc' dir='ltr'>ἐν</span> <span class='ocrx_word' id='word_1_512' title='bbox 1499 1785 1546 1830; x_wconf 76' lang='grc' dir='ltr'>τῷ</span> <span class='ocrx_word' id='word_1_513' title='bbox 1566 1782 1691 1831; x_wconf 81' lang='grc' dir='ltr'>Φρίξῳ.</span> 
     </span>
    </p>

    <p class='ocr_par' dir='ltr' id='par_1_23' title="bbox 1373 1831 2045 1883">
     <span class='ocr_line' id='line_1_87' title="bbox 1373 1831 2045 1883; baseline 0.004 -14"><span class='ocrx_word' id='word_1_514' title='bbox 1373 1831 1504 1883; x_wconf 88' lang='grc'>(814.)</span> <span class='ocrx_word' id='word_1_515' title='bbox 1522 1849 1555 1879; x_wconf 93' lang='lat'>4.</span> <span class='ocrx_word' id='word_1_516' title='bbox 1587 1833 1760 1871; x_wconf 84' lang='lat' dir='ltr'>Stobaeus</span> <span class='ocrx_word' id='word_1_517' title='bbox 1779 1833 1961 1877; x_wconf 89' lang='lat' dir='ltr'><strong>LXXIII,</strong></span> <span class='ocrx_word' id='word_1_518' title='bbox 1982 1836 2045 1872; x_wconf 89' lang='lat'>35.</span> 
     </span>
    </p>

    <p class='ocr_par' dir='ltr' id='par_1_24' title="bbox 1422 1888 2153 1992">
     <span class='ocr_line' id='line_1_88' title="bbox 1422 1888 2153 1945; baseline 0.003 -21"><span class='ocrx_word' id='word_1_519' title='bbox 1422 1888 1482 1925; x_wconf 86' lang='grc' dir='ltr'>Ὦς</span> <span class='ocrx_word' id='word_1_520' title='bbox 1500 1890 1599 1925; x_wconf 76' lang='grc' dir='ltr'>οὐδὲν</span> <span class='ocrx_word' id='word_1_521' title='bbox 1616 1890 1707 1937; x_wconf 82' lang='grc' dir='ltr'>ὑγιές</span> <span class='ocrx_word' id='word_1_522' title='bbox 1725 1890 1817 1936; x_wconf 86' lang='grc' dir='ltr'>φασι</span> <span class='ocrx_word' id='word_1_523' title='bbox 1834 1891 1995 1937; x_wconf 86' lang='grc' dir='ltr'>μητρυιὰς</span> <span class='ocrx_word' id='word_1_524' title='bbox 2012 1892 2153 1945; x_wconf 63' lang='grc' dir='ltr'>φρονεῖν</span> 
     </span>
     <span class='ocr_line' id='line_1_89' title="bbox 1425 1943 2142 1992; baseline 0.001 -15"><span class='ocrx_word' id='word_1_525' title='bbox 1425 1943 1557 1979; x_wconf 91' lang='grc' dir='ltr'>νόθοισι</span> <span class='ocrx_word' id='word_1_526' title='bbox 1575 1945 1707 1980; x_wconf 86' lang='grc' dir='ltr'>παισίν·</span> <span class='ocrx_word' id='word_1_527' title='bbox 1738 1944 1784 1979; x_wconf 79' lang='grc' dir='ltr'>ὧν</span> <span class='ocrx_word' id='word_1_528' title='bbox 1801 1944 1998 1991; x_wconf 81' lang='grc' dir='ltr'>φυλάξομαι</span> <span class='ocrx_word' id='word_1_529' title='bbox 2015 1945 2142 1992; x_wconf 89' lang='grc' dir='ltr'>ψόγον.</span> 
     </span>
    </p>

    <p class='ocr_par' dir='ltr' id='par_1_25' title="bbox 1369 1993 2018 2044">
     <span class='ocr_line' id='line_1_90' title="bbox 1369 1993 2018 2044; baseline 0.003 -13"><span class='ocrx_word' id='word_1_530' title='bbox 1369 1993 1497 2044; x_wconf 88' lang='grc'>(815.)</span> <span class='ocrx_word' id='word_1_531' title='bbox 1518 2011 1548 2041; x_wconf 89' lang='lat'>5.</span> <span class='ocrx_word' id='word_1_532' title='bbox 1571 1995 1742 2032; x_wconf 87' lang='lat' dir='ltr'>Stobaeus</span> <span class='ocrx_word' id='word_1_533' title='bbox 1761 1996 1933 2039; x_wconf 92' lang='lat' dir='ltr'><strong>LXVII,</strong></span> <span class='ocrx_word' id='word_1_534' title='bbox 1958 1998 2018 2033; x_wconf 88' lang='lat'>15.</span> 
     </span>
    </p>

    <p class='ocr_par' dir='ltr' id='par_1_26' title="bbox 1418 2050 2147 2260">
     <span class='ocr_line' id='line_1_91' title="bbox 1422 2050 2122 2098; baseline 0.003 -13"><span class='ocrx_word' id='word_1_535' title='bbox 1422 2050 1507 2095; x_wconf 89' lang='grc' dir='ltr'>Γυνὴ</span> <span class='ocrx_word' id='word_1_536' title='bbox 1525 2052 1591 2098; x_wconf 85' lang='grc' dir='ltr'>γὰρ</span> <span class='ocrx_word' id='word_1_537' title='bbox 1610 2051 1645 2086; x_wconf 82' lang='grc' dir='ltr'>ἐν</span> <span class='ocrx_word' id='word_1_538' title='bbox 1663 2053 1794 2087; x_wconf 88' lang='grc' dir='ltr'>κακοῖσι</span> <span class='ocrx_word' id='word_1_539' title='bbox 1813 2052 1867 2086; x_wconf 88' lang='grc' dir='ltr'>καὶ</span> <span class='ocrx_word' id='word_1_540' title='bbox 1886 2053 2002 2089; x_wconf 84' lang='grc' dir='ltr'>νόσοις</span> <span class='ocrx_word' id='word_1_541' title='bbox 2018 2052 2122 2087; x_wconf 88' lang='grc' dir='ltr'>πόσει</span> 
     </span>
     <span class='ocr_line' id='line_1_92' title="bbox 1420 2104 2096 2151; baseline 0.003 -12"><span class='ocrx_word' id='word_1_542' title='bbox 1420 2104 1559 2149; x_wconf 84' lang='grc' dir='ltr'>ἥδιστόν</span> <span class='ocrx_word' id='word_1_543' title='bbox 1578 2105 1664 2147; x_wconf 84' lang='grc' dir='ltr'>ἐστι,</span> <span class='ocrx_word' id='word_1_544' title='bbox 1685 2104 1807 2151; x_wconf 82' lang='grc' dir='ltr'>δώματ’</span> <span class='ocrx_word' id='word_1_545' title='bbox 1828 2105 1868 2150; x_wconf 92' lang='grc' dir='ltr'>ἢν</span> <span class='ocrx_word' id='word_1_546' title='bbox 1886 2105 1958 2151; x_wconf 81' lang='grc' dir='ltr'>οἰκῇ</span> <span class='ocrx_word' id='word_1_547' title='bbox 1976 2107 2096 2148; x_wconf 87' lang='grc' dir='ltr'>καλῶς,</span> 
     </span>
     <span class='ocr_line' id='line_1_93' title="bbox 1419 2156 2074 2206; baseline 0.003 -13"><span class='ocrx_word' id='word_1_548' title='bbox 1419 2157 1524 2205; x_wconf 82' lang='grc' dir='ltr'>ὀργήν</span> <span class='ocrx_word' id='word_1_549' title='bbox 1541 2174 1579 2194; x_wconf 90' lang='grc' dir='ltr'>τε</span> <span class='ocrx_word' id='word_1_550' title='bbox 1596 2156 1797 2206; x_wconf 79' lang='grc' dir='ltr'>πραΰνουσα</span> <span class='ocrx_word' id='word_1_551' title='bbox 1814 2160 1868 2194; x_wconf 84' lang='grc' dir='ltr'>καὶ</span> <span class='ocrx_word' id='word_1_552' title='bbox 1887 2159 2074 2206; x_wconf 89' lang='grc' dir='ltr'>δυσθυμίας</span> 
     </span>
     <span class='ocr_line' id='line_1_94' title="bbox 1418 2212 2147 2260; baseline 0.003 -14"><span class='ocrx_word' id='word_1_553' title='bbox 1418 2212 1537 2258; x_wconf 85' lang='grc' dir='ltr'>ψυχὴν</span> <span class='ocrx_word' id='word_1_554' title='bbox 1553 2212 1749 2258; x_wconf 85' lang='grc' dir='ltr'>μεθιστᾶσ’·</span> <span class='ocrx_word' id='word_1_555' title='bbox 1778 2212 1840 2257; x_wconf 80' lang='grc' dir='ltr'>ἡδὺ</span> <span class='ocrx_word' id='word_1_556' title='bbox 1860 2213 2002 2248; x_wconf 86' lang='grc' dir='ltr'>κάπάται</span> <span class='ocrx_word' id='word_1_557' title='bbox 2020 2214 2147 2260; x_wconf 89' lang='grc' dir='ltr'>φίλων.</span> 
     </span>
    </p>

    <p class='ocr_par' dir='ltr' id='par_1_27' title="bbox 1367 2262 2029 2310">
     <span class='ocr_line' id='line_1_95' title="bbox 1367 2262 2029 2310; baseline 0.003 -11"><span class='ocrx_word' id='word_1_558' title='bbox 1367 2262 1493 2310; x_wconf 92' lang='grc'>(816.)</span> <span class='ocrx_word' id='word_1_559' title='bbox 1511 2269 1542 2301; x_wconf 89' lang='grc'>6.</span> <span class='ocrx_word' id='word_1_560' title='bbox 1573 2265 1744 2301; x_wconf 85' lang='lat' dir='ltr'>Stobaeus</span> <span class='ocrx_word' id='word_1_561' title='bbox 1764 2264 1946 2306; x_wconf 92' lang='lat' dir='ltr'><strong>LXXIV,</strong></span> <span class='ocrx_word' id='word_1_562' title='bbox 1967 2266 2029 2302; x_wconf 89' lang='lat'>31.</span> 
     </span>
    </p>

    <p class='ocr_par' dir='ltr' id='par_1_28' title="bbox 1415 2318 2094 2421">
     <span class='ocr_line' id='line_1_96' title="bbox 1418 2318 2094 2368; baseline 0 -14"><span class='ocrx_word' id='word_1_563' title='bbox 1418 2318 1523 2354; x_wconf 83' lang='grc' dir='ltr'>Δίκαι’</span> <span class='ocrx_word' id='word_1_564' title='bbox 1543 2320 1656 2364; x_wconf 74' lang='grc' dir='ltr'>ἔλεξε·</span> <span class='ocrx_word' id='word_1_565' title='bbox 1685 2319 1752 2367; x_wconf 88' lang='grc' dir='ltr'>χρὴ</span> <span class='ocrx_word' id='word_1_566' title='bbox 1769 2321 1836 2367; x_wconf 88' lang='grc' dir='ltr'>γὰρ</span> <span class='ocrx_word' id='word_1_567' title='bbox 1855 2320 1972 2368; x_wconf 78' lang='grc' dir='ltr'>εὐναίῳ</span> <span class='ocrx_word' id='word_1_568' title='bbox 1989 2321 2094 2356; x_wconf 91' lang='grc' dir='ltr'>πόσει</span> 
     </span>
     <span class='ocr_line' id='line_1_97' title="bbox 1415 2373 2083 2421; baseline 0.001 -13"><span class='ocrx_word' id='word_1_569' title='bbox 1415 2375 1555 2420; x_wconf 83' lang='grc' dir='ltr'>γυναῖκα</span> <span class='ocrx_word' id='word_1_570' title='bbox 1573 2376 1664 2419; x_wconf 84' lang='grc' dir='ltr'>κοινῇ</span> <span class='ocrx_word' id='word_1_571' title='bbox 1683 2375 1743 2410; x_wconf 87' lang='grc' dir='ltr'>τὰς</span> <span class='ocrx_word' id='word_1_572' title='bbox 1759 2373 1865 2420; x_wconf 80' lang='grc' dir='ltr'>τύχας</span> <span class='ocrx_word' id='word_1_573' title='bbox 1882 2373 2002 2421; x_wconf 88' lang='grc' dir='ltr'>φέρειν</span> <span class='ocrx_word' id='word_1_574' title='bbox 2019 2374 2083 2409; x_wconf 82' lang='grc' dir='ltr'>ἀεί.</span> 
     </span>
    </p>

    <p class='ocr_par' dir='ltr' id='par_1_29' title="bbox 1308 2421 2370 2745">
     <span class='ocr_line' id='line_1_98' title="bbox 1366 2421 2369 2475; baseline 0.001 -14"><span class='ocrx_word' id='word_1_575' title='bbox 1366 2421 1494 2473; x_wconf 83' lang='grc'>(817.)</span> <span class='ocrx_word' id='word_1_576' title='bbox 1515 2438 1545 2471; x_wconf 87' lang='grc'>7.</span> <span class='ocrx_word' id='word_1_577' title='bbox 1575 2425 1703 2475; x_wconf 84' lang='lat' dir='ltr'>Etym.</span> <span class='ocrx_word' id='word_1_578' title='bbox 1724 2426 1781 2463; x_wconf 88' lang='lat' dir='ltr'>M.</span> <span class='ocrx_word' id='word_1_579' title='bbox 1801 2438 1837 2474; x_wconf 92' lang='lat' dir='ltr'>p.</span> <span class='ocrx_word' id='word_1_580' title='bbox 1855 2426 1943 2467; x_wconf 88' lang='lat'>714,</span> <span class='ocrx_word' id='word_1_581' title='bbox 1964 2427 2023 2463; x_wconf 89' lang='lat'>17.</span> <span class='ocrx_word' id='word_1_582' title='bbox 2065 2426 2190 2473; x_wconf 79' lang='grc' dir='ltr'>Σιροὶ,</span> <span class='ocrx_word' id='word_1_583' title='bbox 2201 2427 2242 2462; x_wconf 87' lang='grc' dir='ltr'>τὸ</span> <span class='ocrx_word' id='word_1_584' title='bbox 2255 2424 2369 2472; x_wconf 85' lang='grc' dir='ltr'>ε’πιτῆ-</span> 
     </span>
     <span class='ocr_line' id='line_1_99' title="bbox 1312 2477 2370 2528; baseline 0.005 -16"><span class='ocrx_word' id='word_1_585' title='bbox 1312 2477 1402 2513; x_wconf 88' lang='grc' dir='ltr'>δειον</span> <span class='ocrx_word' id='word_1_586' title='bbox 1424 2480 1560 2528; x_wconf 84' lang='grc' dir='ltr'>ἀγγεῖον</span> <span class='ocrx_word' id='word_1_587' title='bbox 1588 2482 1634 2518; x_wconf 87' lang='grc' dir='ltr'>εἷς</span> <span class='ocrx_word' id='word_1_588' title='bbox 1662 2481 1828 2517; x_wconf 87' lang='grc' dir='ltr'>ἀπόθεσιν</span> <span class='ocrx_word' id='word_1_589' title='bbox 1845 2484 1961 2528; x_wconf 87' lang='grc' dir='ltr'>πυρῶν</span> <span class='ocrx_word' id='word_1_590' title='bbox 1987 2481 2041 2516; x_wconf 80' lang='grc' dir='ltr'>καὶ</span> <span class='ocrx_word' id='word_1_591' title='bbox 2071 2484 2138 2516; x_wconf 88' lang='grc' dir='ltr'>τῶν</span> <span class='ocrx_word' id='word_1_592' title='bbox 2163 2480 2279 2516; x_wconf 76' lang='grc' dir='ltr'>ἄλλων</span> <span class='ocrx_word' id='word_1_593' title='bbox 2303 2479 2370 2517; x_wconf 80' lang='grc' dir='ltr'>ὄσ-</span> 
     </span>
     <span class='ocr_line' id='line_1_100' title="bbox 1311 2533 2370 2583; baseline 0.004 -16"><span class='ocrx_word' id='word_1_594' title='bbox 1311 2533 1430 2578; x_wconf 92' lang='grc' dir='ltr'>πρίων.</span> <span class='ocrx_word' id='word_1_595' title='bbox 1487 2534 1676 2581; x_wconf 86' lang='grc' dir='ltr'>Ἀμμώνιος</span> <span class='ocrx_word' id='word_1_596' title='bbox 1698 2535 1736 2570; x_wconf 80' lang='grc' dir='ltr'>δὲ</span> <span class='ocrx_word' id='word_1_597' title='bbox 1759 2536 1900 2583; x_wconf 82' lang='grc' dir='ltr'>ἱστορεῖ,</span> <span class='ocrx_word' id='word_1_598' title='bbox 1921 2535 1966 2571; x_wconf 83' lang='grc' dir='ltr'>ὡς</span> <span class='ocrx_word' id='word_1_599' title='bbox 1983 2535 2016 2569; x_wconf 81' lang='grc' dir='ltr'>οἱ</span> <span class='ocrx_word' id='word_1_600' title='bbox 2033 2533 2178 2571; x_wconf 78' lang='grc' dir='ltr'>Ἀττικοὶ</span> <span class='ocrx_word' id='word_1_601' title='bbox 2196 2533 2370 2580; x_wconf 57' lang='lat' dir='ltr'>agonum-en</span> 
     </span>
     <span class='ocr_line' id='line_1_101' title="bbox 1310 2586 2369 2637; baseline 0.002 -16"><span class='ocrx_word' id='word_1_602' title='bbox 1310 2586 1349 2621; x_wconf 85' lang='grc' dir='ltr'>τὸ</span> <span class='ocrx_word' id='word_1_603' title='bbox 1381 2586 1486 2633; x_wconf 80' lang='grc' dir='ltr'>ὄνομα</span> <span class='ocrx_word' id='word_1_604' title='bbox 1511 2588 1549 2623; x_wconf 80' lang='grc' dir='ltr'>τὸ</span> <span class='ocrx_word' id='word_1_605' title='bbox 1577 2604 1589 2624; x_wconf 96' lang='grc' dir='ltr'>ι</span> <span class='ocrx_word' id='word_1_606' title='bbox 1615 2588 1841 2637; x_wconf 82' lang='grc' dir='ltr'>βραχύνουσι,</span> <span class='ocrx_word' id='word_1_607' title='bbox 1879 2589 1932 2624; x_wconf 85' lang='grc' dir='ltr'>καὶ</span> <span class='ocrx_word' id='word_1_608' title='bbox 1960 2587 1980 2633; x_wconf 91' lang='grc' dir='ltr'>ἡ</span> <span class='ocrx_word' id='word_1_609' title='bbox 2009 2588 2109 2635; x_wconf 85' lang='grc' dir='ltr'>τριβὴ</span> <span class='ocrx_word' id='word_1_610' title='bbox 2136 2589 2195 2633; x_wconf 87' lang='grc' dir='ltr'>τῆς</span> <span class='ocrx_word' id='word_1_611' title='bbox 2220 2587 2369 2635; x_wconf 77' lang='grc' dir='ltr'>ἀναγνώ-</span> 
     </span>
     <span class='ocr_line' id='line_1_102' title="bbox 1311 2640 2369 2690; baseline 0.002 -15"><span class='ocrx_word' id='word_1_612' title='bbox 1311 2655 1398 2677; x_wconf 91' lang='grc' dir='ltr'>σεως</span> <span class='ocrx_word' id='word_1_613' title='bbox 1422 2642 1610 2678; x_wconf 87' lang='grc' dir='ltr'>ἐκτείνεται.</span> <span class='ocrx_word' id='word_1_614' title='bbox 1641 2643 1830 2690; x_wconf 80' lang='grc' dir='ltr'>εὑρίσκεται</span> <span class='ocrx_word' id='word_1_615' title='bbox 1848 2642 1884 2678; x_wconf 83' lang='grc' dir='ltr'>δέ</span> <span class='ocrx_word' id='word_1_616' title='bbox 1909 2642 1963 2677; x_wconf 83' lang='grc' dir='ltr'>καὶ</span> <span class='ocrx_word' id='word_1_617' title='bbox 1990 2642 2117 2690; x_wconf 80' lang='grc' dir='ltr'>βραχὺ,</span> <span class='ocrx_word' id='word_1_618' title='bbox 2137 2642 2183 2679; x_wconf 80' lang='grc' dir='ltr'>ὣς</span> <span class='ocrx_word' id='word_1_619' title='bbox 2204 2640 2283 2678; x_wconf 78' lang='grc' dir='ltr'>παο’</span> <span class='ocrx_word' id='word_1_620' title='bbox 2301 2641 2369 2677; x_wconf 76' lang='grc' dir='ltr'>Εὗ-</span> 
     </span>
     <span class='ocr_line' id='line_1_103' title="bbox 1308 2695 1569 2745; baseline 0.008 -16"><span class='ocrx_word' id='word_1_621' title='bbox 1308 2695 1424 2741; x_wconf 88' lang='grc' dir='ltr'>ριπίδῃ</span> <span class='ocrx_word' id='word_1_622' title='bbox 1444 2696 1569 2745; x_wconf 76' lang='grc' dir='ltr'>Φρίξῳ·</span> 
     </span>
    </p>

    <p class='ocr_par' dir='ltr' id='par_1_30' title="bbox 1415 2747 2101 2798">
     <span class='ocr_line' id='line_1_104' title="bbox 1415 2747 2101 2798; baseline -0.003 -13"><span class='ocrx_word' id='word_1_623' title='bbox 1415 2767 1468 2773; x_wconf 85' lang='grc'>-</span> <span class='ocrx_word' id='word_1_624' title='bbox 1485 2768 1538 2774; x_wconf 91' lang='grc'><strong>-</strong></span> <span class='ocrx_word' id='word_1_625' title='bbox 1555 2750 1686 2794; x_wconf 80' lang='grc' dir='ltr'>ἀνοῖξαι</span> <span class='ocrx_word' id='word_1_626' title='bbox 1698 2751 1761 2797; x_wconf 80' lang='grc' dir='ltr'>μὲν</span> <span class='ocrx_word' id='word_1_627' title='bbox 1778 2750 1897 2798; x_wconf 84' lang='grc' dir='ltr'>σιροὺς</span> <span class='ocrx_word' id='word_1_628' title='bbox 1914 2750 1974 2785; x_wconf 89' lang='grc' dir='ltr'>οὐκ</span> <span class='ocrx_word' id='word_1_629' title='bbox 1992 2747 2101 2795; x_wconf 80' lang='grc' dir='ltr'>ἠξίου.</span> 
     </span>
    </p>

    <p class='ocr_par' dir='ltr' id='par_1_31' title="bbox 1364 2798 1935 2849">
     <span class='ocr_line' id='line_1_105' title="bbox 1364 2798 1935 2849; baseline 0.002 -12"><span class='ocrx_word' id='word_1_630' title='bbox 1364 2798 1492 2849; x_wconf 88' lang='grc'>(818.)</span> <span class='ocrx_word' id='word_1_631' title='bbox 1510 2807 1542 2838; x_wconf 90' lang='grc'>8.</span> <span class='ocrx_word' id='word_1_632' title='bbox 1574 2800 1745 2839; x_wconf 85' lang='lat' dir='ltr'>Stobaeus</span> <span class='ocrx_word' id='word_1_633' title='bbox 1765 2801 1877 2844; x_wconf 91' lang='lat' dir='ltr'><strong>VIII,</strong></span> <span class='ocrx_word' id='word_1_634' title='bbox 1898 2802 1935 2838; x_wconf 93' lang='grc'>7.</span> 
     </span>
    </p>

    <p class='ocr_par' dir='ltr' id='par_1_32' title="bbox 1414 2854 2235 2958">
     <span class='ocr_line' id='line_1_106' title="bbox 1414 2854 2146 2904; baseline 0 -13"><span class='ocrx_word' id='word_1_635' title='bbox 1414 2855 1516 2903; x_wconf 90' lang='grc' dir='ltr'>Ἀνὴρ</span> <span class='ocrx_word' id='word_1_636' title='bbox 1533 2857 1562 2892; x_wconf 81' lang='grc' dir='ltr'>δ’</span> <span class='ocrx_word' id='word_1_637' title='bbox 1583 2855 1621 2893; x_wconf 85' lang='grc' dir='ltr'>ὃς</span> <span class='ocrx_word' id='word_1_638' title='bbox 1638 2854 1721 2892; x_wconf 81' lang='grc' dir='ltr'>εἶναι</span> <span class='ocrx_word' id='word_1_639' title='bbox 1739 2856 1820 2904; x_wconf 83' lang='grc' dir='ltr'>φῄς,</span> <span class='ocrx_word' id='word_1_640' title='bbox 1839 2857 1956 2904; x_wconf 82' lang='grc' dir='ltr'>ἀνέρος</span> <span class='ocrx_word' id='word_1_641' title='bbox 1973 2857 2032 2892; x_wconf 90' lang='grc' dir='ltr'>οὐκ</span> <span class='ocrx_word' id='word_1_642' title='bbox 2050 2856 2146 2900; x_wconf 77' lang='grc' dir='ltr'>ἄξιον</span> 
     </span>
     <span class='ocr_line' id='line_1_107' title="bbox 1416 2909 2235 2958; baseline 0.001 -14"><span class='ocrx_word' id='word_1_643' title='bbox 1416 2910 1530 2945; x_wconf 82' lang='grc' dir='ltr'>δειλὸν</span> <span class='ocrx_word' id='word_1_644' title='bbox 1547 2911 1732 2956; x_wconf 88' lang='grc' dir='ltr'>κεκλῆσθαι</span> <span class='ocrx_word' id='word_1_645' title='bbox 1750 2912 1804 2946; x_wconf 87' lang='grc' dir='ltr'>καὶ</span> <span class='ocrx_word' id='word_1_646' title='bbox 1823 2912 1937 2947; x_wconf 87' lang='grc' dir='ltr'>νοσεῖν</span> <span class='ocrx_word' id='word_1_647' title='bbox 1955 2911 2102 2958; x_wconf 79' lang='grc' dir='ltr'>αἰσχρὰν</span> <span class='ocrx_word' id='word_1_648' title='bbox 2120 2909 2235 2946; x_wconf 87' lang='grc' dir='ltr'>νόσον.</span> 
     </span>
    </p>

    <p class='ocr_par' dir='ltr' id='par_1_33' title="bbox 1312 2960 2364 3120">
     <span class='ocr_line' id='line_1_108' title="bbox 1364 2960 2364 3011; baseline 0.002 -14"><span class='ocrx_word' id='word_1_649' title='bbox 1364 2960 1491 3010; x_wconf 88' lang='grc'>(819.)</span> <span class='ocrx_word' id='word_1_650' title='bbox 1509 2977 1543 3007; x_wconf 90' lang='lat'>9.</span> <span class='ocrx_word' id='word_1_651' title='bbox 1573 2962 1703 3011; x_wconf 85' lang='lat' dir='ltr'>Etym.</span> <span class='ocrx_word' id='word_1_652' title='bbox 1722 2962 1780 2999; x_wconf 93' lang='lat' dir='ltr'>M.</span> <span class='ocrx_word' id='word_1_653' title='bbox 1806 2975 1844 3011; x_wconf 90' lang='lat' dir='ltr'>p.</span> <span class='ocrx_word' id='word_1_654' title='bbox 1873 2963 1962 3008; x_wconf 89' lang='lat'>410,</span> <span class='ocrx_word' id='word_1_655' title='bbox 1986 2964 2047 2999; x_wconf 90' lang='lat'>13.</span> <span class='ocrx_word' id='word_1_656' title='bbox 2077 2963 2163 3008; x_wconf 75' lang='grc' dir='ltr'>ζῆθι·</span> <span class='ocrx_word' id='word_1_657' title='bbox 2192 2964 2232 3009; x_wconf 71' lang='grc' dir='ltr'>τὸ</span> <span class='ocrx_word' id='word_1_658' title='bbox 2255 2975 2364 3010; x_wconf 83' lang='grc' dir='ltr'>παρα-</span> 
     </span>
     <span class='ocr_line' id='line_1_109' title="bbox 1313 3011 2356 3065; baseline -0.001 -12"><span class='ocrx_word' id='word_1_659' title='bbox 1313 3017 1472 3053; x_wconf 76' lang='grc' dir='ltr'>στατικὸν</span> <span class='ocrx_word' id='word_1_660' title='bbox 1497 3018 1548 3062; x_wconf 79' lang='grc' dir='ltr'>ζῆ,</span> <span class='ocrx_word' id='word_1_661' title='bbox 1579 3018 1624 3054; x_wconf 83' lang='grc' dir='ltr'>ὣς</span> <span class='ocrx_word' id='word_1_662' title='bbox 1653 3017 1732 3065; x_wconf 84' lang='grc' dir='ltr'>παρ’</span> <span class='ocrx_word' id='word_1_663' title='bbox 1762 3017 1929 3065; x_wconf 86' lang='grc' dir='ltr'>Εὐριπίδῃ</span> <span class='ocrx_word' id='word_1_664' title='bbox 1959 3017 1995 3053; x_wconf 83' lang='grc' dir='ltr'>ἐν</span> <span class='ocrx_word' id='word_1_665' title='bbox 2022 3016 2205 3065; x_wconf 74' lang='grc' dir='ltr'>Ἰφιγενείᾳ</span> <span class='ocrx_word' id='word_1_666' title='bbox 2235 3011 2356 3063; x_wconf 76' lang='lat' dir='ltr'>(Taur</span> 
     </span>
     <span class='ocr_line' id='line_1_110' title="bbox 1312 3066 2212 3120; baseline 0.001 -14"><span class='ocrx_word' id='word_1_667' title='bbox 1312 3066 1419 3115; x_wconf 87' lang='grc'>682.)</span> <span class='ocrx_word' id='word_1_668' title='bbox 1439 3071 1493 3105; x_wconf 84' lang='grc' dir='ltr'>καὶ</span> <span class='ocrx_word' id='word_1_669' title='bbox 1511 3071 1548 3106; x_wconf 82' lang='grc' dir='ltr'>ἐν</span> <span class='ocrx_word' id='word_1_670' title='bbox 1566 3071 1678 3120; x_wconf 78' lang='grc' dir='ltr'>Φρίξῳ</span> <span class='ocrx_word' id='word_1_671' title='bbox 2208 3078 2212 3083; x_wconf 72' lang='grc'><strong>’</strong></span> 
     </span>
    </p>

    <p class='ocr_par' dir='ltr' id='par_1_34' title="bbox 1412 3123 2138 3172">
     <span class='ocr_line' id='line_1_111' title="bbox 1412 3123 2138 3172; baseline 0.006 -14"><span class='ocrx_word' id='word_1_672' title='bbox 1412 3124 1464 3158; x_wconf 81' lang='grc' dir='ltr'>Δι’</span> <span class='ocrx_word' id='word_1_673' title='bbox 1485 3124 1625 3162; x_wconf 82' lang='grc' dir='ltr'>ἐλπίδος</span> <span class='ocrx_word' id='word_1_674' title='bbox 1644 3127 1681 3170; x_wconf 83' lang='grc' dir='ltr'>ζῆ</span> <span class='ocrx_word' id='word_1_675' title='bbox 1701 3125 1754 3160; x_wconf 83' lang='grc' dir='ltr'>καὶ</span> <span class='ocrx_word' id='word_1_676' title='bbox 1773 3123 1815 3160; x_wconf 87' lang='grc' dir='ltr'>δι’</span> <span class='ocrx_word' id='word_1_677' title='bbox 1835 3125 1974 3161; x_wconf 85' lang='grc' dir='ltr'>ἐλπίδος</span> <span class='ocrx_word' id='word_1_678' title='bbox 1991 3124 2138 3172; x_wconf 69' lang='grc' dir='ltr'>τρέφουι.</span> 
     </span>
    </p>

    <p class='ocr_par' dir='ltr' id='par_1_35' title="bbox 1362 3173 2000 3225">
     <span class='ocr_line' id='line_1_112' title="bbox 1362 3173 2000 3225; baseline 0.003 -14"><span class='ocrx_word' id='word_1_679' title='bbox 1362 3173 1490 3225; x_wconf 80' lang='grc'>(820.)</span> <span class='ocrx_word' id='word_1_680' title='bbox 1514 3192 1564 3213; x_wconf 82' lang='grc' dir='ltr'>ιο.</span> <span class='ocrx_word' id='word_1_681' title='bbox 1597 3175 1773 3213; x_wconf 81' lang='lat' dir='ltr'>Stobaeus</span> <span class='ocrx_word' id='word_1_682' title='bbox 1794 3175 1942 3219; x_wconf 87' lang='lat' dir='ltr'><strong>XLIII,</strong></span> <span class='ocrx_word' id='word_1_683' title='bbox 1961 3177 2000 3214; x_wconf 88' lang='grc'>4.</span> 
     </span>
    </p>

    <p class='ocr_par' dir='ltr' id='par_1_36' title="bbox 1413 3228 2131 3279">
     <span class='ocr_line' id='line_1_113' title="bbox 1413 3228 2131 3279; baseline -0.001 -13"><span class='ocrx_word' id='word_1_684' title='bbox 1413 3231 1455 3266; x_wconf 78' lang='grc' dir='ltr'>Αἱ</span> <span class='ocrx_word' id='word_1_685' title='bbox 1471 3231 1539 3278; x_wconf 84' lang='grc' dir='ltr'>γὰρ</span> <span class='ocrx_word' id='word_1_686' title='bbox 1556 3230 1673 3268; x_wconf 89' lang='grc' dir='ltr'>πόλεις</span> <span class='ocrx_word' id='word_1_687' title='bbox 1691 3228 1756 3267; x_wconf 81' lang='grc' dir='ltr'>εἵσ’</span> <span class='ocrx_word' id='word_1_688' title='bbox 1774 3231 1903 3277; x_wconf 77' lang='grc' dir='ltr'>ἄνδρες,</span> <span class='ocrx_word' id='word_1_689' title='bbox 1924 3231 1985 3266; x_wconf 89' lang='grc' dir='ltr'>οὐκ</span> <span class='ocrx_word' id='word_1_690' title='bbox 2003 3230 2131 3279; x_wconf 82' lang='grc' dir='ltr'>ἐρημία.</span> 
     </span>
    </p>

    <p class='ocr_par' dir='ltr' id='par_1_37' title="bbox 1363 3279 1999 3331">
     <span class='ocr_line' id='line_1_114' title="bbox 1363 3279 1999 3331; baseline 0.002 -13"><span class='ocrx_word' id='word_1_691' title='bbox 1363 3279 1490 3331; x_wconf 91' lang='grc'>(821.)</span> <span class='ocrx_word' id='word_1_692' title='bbox 1524 3298 1570 3319; x_wconf 85' lang='grc' dir='ltr'>ιι.</span> <span class='ocrx_word' id='word_1_693' title='bbox 1603 3281 1774 3319; x_wconf 86' lang='lat' dir='ltr'>Stobaeus</span> <span class='ocrx_word' id='word_1_694' title='bbox 1793 3281 1914 3324; x_wconf 87' lang='lat' dir='ltr'><strong>CXX,</strong></span> <span class='ocrx_word' id='word_1_695' title='bbox 1939 3284 1999 3319; x_wconf 92' lang='lat'>18.</span> 
     </span>
    </p>

    <p class='ocr_par' dir='ltr' id='par_1_38' title="bbox 1412 3335 2244 3543">
     <span class='ocr_line' id='line_1_115' title="bbox 1412 3335 2244 3383; baseline 0.001 -12"><span class='ocrx_word' id='word_1_696' title='bbox 1412 3337 1470 3373; x_wconf 84' lang='grc' dir='ltr'>Τίς</span> <span class='ocrx_word' id='word_1_697' title='bbox 1488 3336 1518 3372; x_wconf 86' lang='grc' dir='ltr'>δ’</span> <span class='ocrx_word' id='word_1_698' title='bbox 1538 3335 1639 3378; x_wconf 83' lang='grc' dir='ltr'>οἶδεν,</span> <span class='ocrx_word' id='word_1_699' title='bbox 1660 3338 1689 3372; x_wconf 87' lang='grc' dir='ltr'>εἶ</span> <span class='ocrx_word' id='word_1_700' title='bbox 1708 3339 1766 3383; x_wconf 82' lang='grc' dir='ltr'>ζῆν</span> <span class='ocrx_word' id='word_1_701' title='bbox 1782 3337 1892 3378; x_wconf 84' lang='grc' dir='ltr'>τοῦθ’,</span> <span class='ocrx_word' id='word_1_702' title='bbox 1912 3337 1931 3372; x_wconf 84' lang='grc' dir='ltr'><strong><em>ὃ</em></strong></span> <span class='ocrx_word' id='word_1_703' title='bbox 1950 3337 2104 3382; x_wconf 90' lang='grc' dir='ltr'>κέκληται</span> <span class='ocrx_word' id='word_1_704' title='bbox 2123 3337 2244 3376; x_wconf 76' lang='grc' dir='ltr'>θανεῖν.</span> 
     </span>
     <span class='ocr_line' id='line_1_116' title="bbox 1413 3390 2242 3438; baseline 0.001 -13"><span class='ocrx_word' id='word_1_705' title='bbox 1413 3390 1453 3425; x_wconf 86' lang='grc' dir='ltr'>τὸ</span> <span class='ocrx_word' id='word_1_706' title='bbox 1473 3391 1532 3436; x_wconf 79' lang='grc' dir='ltr'>ζῆν</span> <span class='ocrx_word' id='word_1_707' title='bbox 1549 3392 1586 3426; x_wconf 80' lang='grc' dir='ltr'>δὲ</span> <span class='ocrx_word' id='word_1_708' title='bbox 1606 3390 1762 3436; x_wconf 86' lang='grc' dir='ltr'>θνήσκειν</span> <span class='ocrx_word' id='word_1_709' title='bbox 1780 3391 1866 3433; x_wconf 71' lang='grc' dir='ltr'>ἐστι’.</span> <span class='ocrx_word' id='word_1_710' title='bbox 1894 3391 1985 3436; x_wconf 85' lang='grc' dir='ltr'>πλὴν</span> <span class='ocrx_word' id='word_1_711' title='bbox 2002 3390 2091 3436; x_wconf 88' lang='grc' dir='ltr'>ὅμως</span> <span class='ocrx_word' id='word_1_712' title='bbox 2107 3393 2242 3438; x_wconf 78' lang='grc' dir='ltr'>βροτῶν</span> 
     </span>
     <span class='ocr_line' id='line_1_117' title="bbox 1415 3443 2132 3487; baseline 0.004 -9"><span class='ocrx_word' id='word_1_713' title='bbox 1415 3446 1579 3479; x_wconf 87' lang='grc' dir='ltr'>νοσοῦσιν</span> <span class='ocrx_word' id='word_1_714' title='bbox 1596 3445 1628 3479; x_wconf 79' lang='grc' dir='ltr'>οἱ</span> <span class='ocrx_word' id='word_1_715' title='bbox 1645 3444 1844 3487; x_wconf 84' lang='grc' dir='ltr'>βλέποντες,</span> <span class='ocrx_word' id='word_1_716' title='bbox 1863 3445 1896 3479; x_wconf 86' lang='grc' dir='ltr'>οἶ</span> <span class='ocrx_word' id='word_1_717' title='bbox 1913 3444 1942 3480; x_wconf 72' lang='grc' dir='ltr'>δ’</span> <span class='ocrx_word' id='word_1_718' title='bbox 1962 3443 2132 3481; x_wconf 84' lang='grc' dir='ltr'>ὀλωλότες</span> 
     </span>
     <span class='ocr_line' id='line_1_118' title="bbox 1413 3497 2102 3543; baseline 0 -11"><span class='ocrx_word' id='word_1_719' title='bbox 1413 3497 1510 3533; x_wconf 75' lang='grc' dir='ltr'>οὐδὲν</span> <span class='ocrx_word' id='word_1_720' title='bbox 1528 3500 1703 3538; x_wconf 83' lang='grc' dir='ltr'>νοσοῦσιν,</span> <span class='ocrx_word' id='word_1_721' title='bbox 1724 3498 1801 3533; x_wconf 83' lang='grc' dir='ltr'>οὐδὲ</span> <span class='ocrx_word' id='word_1_722' title='bbox 1820 3497 1991 3543; x_wconf 89' lang='grc' dir='ltr'>κέκτηνται</span> <span class='ocrx_word' id='word_1_723' title='bbox 2009 3497 2102 3533; x_wconf 85' lang='grc' dir='ltr'>κακά.</span> 
     </span>
    </p>
   </div>
   <div class='ocr_carea' id='block_1_20' title="bbox 2455 0 2488 3860">
    <p class='ocr_par' dir='ltr' id='par_1_39' title="bbox 2455 0 2488 3860">
     <span class='ocr_line' id='line_1_119' title="bbox 2455 0 2488 3860; baseline 0 0"><span class='ocrx_word' id='word_1_724' title='bbox 2455 0 2488 3860; x_wconf 95' lang='lat' dir='ltr'> </span> 
     </span>
    </p>
   </div>
  </div>
 </body>
</html>
