2488 3860
910 795 1428 847 ΕΥΡΙΠΙΔΟΥ
1505 793 1678 843 ΙΩΝ.

648 1142 809 1172 ΕΡΜΗΣ.

300 1186 445 1230 ”Ατλας,
464 1189 482 1222 ὁ
499 1188 678 1233 χαλκέοισι
696 1190 810 1225 νώτοις
828 1189 976 1235 οὐρανὸν,

311 1240 396 1275 θεῶν
412 1241 557 1276 παλαιὸν
573 1237 675 1280 οἶκον,
696 1242 867 1287 ἐκτρίβων,
889 1242 974 1277 θεῶν

308 1294 386 1337 μιᾶς
403 1293 515 1338 ἔφυσε
533 1295 654 1332 Μαῖαν,
674 1290 694 1336 ἦ
715 1293 759 1336 ’μ’
780 1294 927 1340 ἐγείνατο

308 1343 443 1390 Ἐρμῆν,
463 1345 613 1392 μεγίστῳ
631 1345 707 1389 Ζηνὶ
726 1345 889 1390 δαιμόνων
905 1348 1034 1393 λάτριν.

309 1396 379 1436 ἥκω
398 1397 435 1432 δὲ
453 1398 600 1442 Δελφῶν
617 1396 714 1440 τήνδε
731 1398 804 1442 γῆν,
824 1396 863 1432 ἵν’
883 1398 1041 1445 ὀμφαλὸν

309 1448 416 1492 μέσον
434 1449 574 1492 καθίζων
593 1451 716 1491 Φοῖβος
734 1450 877 1497 ὑμνῳδεῖ
893 1452 1042 1497 βροτοῖς,

310 1501 353 1535 τά
369 1500 399 1535 τ’
420 1501 499 1536 ὄντα
517 1502 570 1536 καὶ
588 1503 757 1546 μέλλοντα
776 1501 945 1546 θεσπίζων
964 1503 1027 1538 ἀεί.

310 1553 405 1588 ἔστιν
422 1554 487 1600 γὰρ
506 1554 565 1588 οὐκ
583 1553 713 1599 ἄσημος
730 1553 904 1599 Ἑλλήνων
922 1557 1032 1599 πόλις,

309 1606 368 1649 τῆς
384 1606 627 1652 χρυσολόγχου
655 1607 837 1642 Παλλάδος
855 1609 1046 1653 κεκλημένη,

309 1656 349 1691 οὗ
365 1656 457 1693 παῖδ’
478 1656 665 1704 Ἐρεχθέως
683 1661 807 1701 Φοῖβος
824 1660 956 1703 ἔζευξεν
972 1661 1092 1706 γάμοις

309 1710 371 1755 βίᾳ
390 1710 575 1756 Κρέουσαν,
595 1710 674 1745 ἔνθα
690 1712 930 1758 προσβόρρους
946 1713 1070 1757 πέτρας

308 1763 491 1799 Παλλάδος
509 1761 565 1798 ὑπ’
586 1762 678 1810 ὅχθῳ
697 1765 755 1808 τῆς
772 1763 955 1809 Ἀθηναίων
973 1766 1098 1812 χθονὸς

310 1815 449 1856 Μακρὰς
467 1816 611 1850 καλοῦσι
628 1817 690 1861 γῆς
708 1817 844 1852 ἄνακτες
863 1816 1027 1853 Ἀτθίδος.

308 1867 416 1914 ἀγνὼς
434 1867 471 1902 δὲ
487 1869 600 1914 πατρὶ,
620 1870 666 1915 τῷ
685 1867 750 1915 θεῷ
767 1870 833 1915 γὰρ
852 1867 891 1912 ἦν
909 1869 1025 1914 φίλον,

307 1920 457 1968 γαστρὸς
476 1919 617 1968 διήνεγκ’
637 1920 746 1968 ὄγκον·
776 1921 819 1956 ὡς
839 1921 868 1955 δ’
888 1920 993 1965 ἦλθεν
1010 1924 1140 1969 χρόνος,

308 1972 442 2009 τεκοῦσ’
463 1974 498 2008 έν
515 1972 617 2010 οἴκοις
634 1969 726 2010 παῖδ’
745 1972 929 2021 ἀπήνεγκεν
948 1974 1079 2022 βρέφος

309 2027 342 2062 ἐς
360 2027 480 2061 ταυτὸν
497 2026 616 2072 ἄντρον
634 2026 673 2061 οῦ
691 2027 909 2073 παρηυνάσθη
930 2027 995 2076 θεῷ

309 2080 476 2126 Κρέουσα,
496 2079 691 2123 κάκτίθησιν
709 2080 752 2115 ὡς
772 2079 972 2124 θανούμενον

309 2132 426 2175 κοίλης
445 2131 479 2166 ἐν
497 2130 676 2178 ἀντίπηγος
694 2131 843 2179 εὐτρόχῳ
860 2131 983 2180 κύκλῳ,

307 2185 483 2230 προγόνων
501 2185 601 2228 νόμον
619 2185 778 2226 σώζουσα
795 2187 854 2218 τοῦ
871 2199 909 2219 τε
926 2188 1086 2232 γηγενοῦς

307 2235 533 2283 Ἐριχθονίου·
561 2237 656 2284 κείνῳ
673 2237 740 2283 γὰρ
758 2235 777 2280 ἡ
799 2238 878 2273 Διὸς
895 2238 974 2284 κόρη

309 2288 449 2335 φρουρὼ
466 2287 704 2334 παραζεύξασα
722 2288 855 2334 φύλακε
874 2291 1028 2336 σώματος

309 2341 421 2376 δισσὼ
439 2340 608 2386 δράκοντε,
627 2340 804 2387 παρθένοις
820 2341 1023 2389 Ἀγραυλίσι

310 2393 429 2429 δίδωσι
447 2393 580 2436 σώζειν.
619 2392 697 2428 ὅθεν
713 2393 942 2441 Ἐρεχθείδαις
961 2396 1028 2430 ἐκεῖ

310 2448 408 2491 νόμος
425 2445 476 2482 τίς
495 2446 588 2480 ἐστιν
605 2445 730 2492 ὄφεσιν
748 2447 783 2481 έν
799 2448 1029 2493 χρυσηλάτοις

307 2499 446 2545 τρέφειν
462 2497 559 2532 τέκν’.
599 2497 676 2532 ἀλλ’
697 2497 736 2544 ἣν
754 2496 824 2545 εἶχε
842 2499 1005 2546 παρθένος
1021 2499 1143 2546 χλιδὴν

309 2551 410 2598 τέκνῳ
428 2549 632 2597 προσάψασ’
652 2551 781 2593 ἔλιπεν,
802 2552 846 2588 ὡς
864 2551 1064 2600 θανουμένῳ.

310 2604 364 2639 καί
380 2602 413 2647 μ’
432 2602 478 2637 ὢν
495 2603 645 2648 ἀδελφὸς
663 2605 787 2645 Φοῖβος
806 2605 943 2639 αἰτεῖται
961 2605 1050 2640 τάδε·

310 2655 336 2690 ὦ
355 2654 504 2702 σύγγον’,
525 2655 633 2689 ἐλθὼν
650 2657 732 2690 λαὸν
750 2657 797 2692 εἷς
815 2657 1001 2702 αὐτόχθονα

309 2709 446 2742 κλεινῶν
462 2707 620 2752 Ἀθηνῶν,
639 2705 741 2743 οἶσθα
757 2709 823 2755 γὰρ
843 2709 920 2746 θεᾶς
936 2711 1047 2750 πόλιν,

308 2760 425 2801 λαβὼν
441 2759 573 2805 βρέφος
591 2761 725 2806 νεογνὸν
744 2762 778 2795 ἐκ
797 2762 911 2805 κοίλης
927 2762 1050 2808 πέτρας

310 2812 398 2859 αὐτῷ
418 2812 482 2846 σὺν
499 2811 595 2858 ἄγγει
615 2814 844 2859 σπαργάνοισί
862 2813 892 2848 θ’
911 2812 962 2850 οἷς
979 2816 1050 2859 ἕχει

310 2865 423 2911 ἔνεγκε
441 2865 587 2909 Δελφῶν
603 2865 691 2909 τάμὰ
708 2866 792 2911 πρὸς
808 2866 1008 2913 χρηστήρια,

311 2917 363 2951 καὶ
383 2915 437 2952 θὲς
454 2917 538 2962 πρὸς
556 2917 668 2952 αὐταῖς
687 2917 831 2953 εἰσόδοις
850 2919 960 2963 δόμων
979 2919 1074 2964 ε’μῶν.

310 2969 352 3003 τὰ
370 2968 397 3002 δ’
418 2968 508 3007 ἄλλ’,
531 2966 608 3013 ε’μὸς
624 2971 689 3015 γάρ
709 2970 810 3010 ἐστιν,
832 2970 876 3006 ὣς
894 2971 993 3015 εἰδῇς,
1013 2973 1032 3005 ὁ
1050 2972 1137 3008 παῖς,

310 3019 387 3065 ἡμῖν
404 3019 556 3065 μελήσει.
595 3021 698 3066 Λοξίᾳ
718 3020 745 3055 δ’
766 3021 831 3066 ἐγὼ
849 3023 948 3068 χάριν

309 3073 476 3119 πράσσων
493 3071 633 3120 ἀδελφῷ
650 3074 794 3107 πλεκτὸν
813 3074 932 3119 ἐξάρας
950 3073 1046 3111 κύτος

309 3127 439 3171 ἤνεγκα,
460 3124 513 3159 καὶ
529 3126 588 3159 τὸν
604 3125 706 3159 παῖδα
725 3125 890 3170 κρηπίδων
907 3127 961 3161 ἕπι

308 3176 422 3221 τίθημι
440 3179 518 3211 ναοῦ
536 3175 638 3217 τοῦδ’,
657 3175 844 3220 ἀναπτύξας
862 3177 958 3213 κύτος

309 3230 441 3264 ἑλικτὸν
457 3228 647 3274 ἀντίπηγος,
668 3229 711 3264 ὡς
730 3228 829 3276 ὁρῷθ’
849 3232 867 3264 ὁ
882 3231 969 3265 παῖς.

311 3283 403 3327 κυρεῖ
419 3280 449 3315 δ’
469 3280 523 3325 ἅμ’
544 3279 738 3317 ἱππεύοντος
755 3280 852 3325 ἡλίου
871 3281 981 3329 κύκλῳ

309 3334 478 3380 προφῆτις
496 3329 704 3375 ἐσβαίνουσα
720 3335 873 3377 μαντεῖον
892 3333 980 3368 θεοῦ·

310 3385 395 3431 ὄψιν
412 3385 448 3420 δὲ
465 3385 716 3431 προσβαλοῦσα
732 3385 825 3420 παιδὶ
845 3387 947 3433 νηπίῳ

311 3435 473 3482 ε’θαύμασ’
493 3435 590 3473 εἴτις
608 3437 789 3485 Δελφίδων
806 3438 903 3481 τλαίη
922 3440 1001 3484 κόρη

309 3488 471 3536 λαθραῖον
488 3489 577 3524 ὠδῖν’
594 3489 628 3525 ές
646 3488 724 3524 θεοῦ
741 3489 845 3535 ῥῖψαι
863 3490 976 3535 δόμον,

308 3541 392 3588 ὗπὲρ
411 3541 446 3577 δὲ
465 3540 615 3586 θυμέλας
632 3541 778 3589 διορίσαι
795 3541 966 3588 πρόθυμος
983 3540 1033 3587 ἦν,

1210 1674 1248 1696 10

1207 2198 1248 2221 20

1205 2459 1244 2493 25

1203 3243 1245 3273 40

1203 3503 1242 3536 45

1229 2983 1241 3004 -·.
1290 2975 1347 3006 ῙΩ.

1396 1136 1495 1185 οἴκτῳ
1514 1137 1544 1171 δ’
1564 1138 1692 1182 ἀφῆκεν
1709 1137 1872 1181 ὠμότητα,
1892 1135 1945 1171 καὶ
1963 1135 2039 1173 θεὸς

1395 1191 1558 1236 συνεργὸς
1574 1187 1615 1233 ἧν
1631 1192 1677 1237 τῷ
1693 1189 1787 1224 παιδὶ
1803 1188 1848 1234 μὴ
1868 1187 2018 1224 ’κπεσεῖν
2034 1189 2155 1235 δόμων.

1395 1243 1514 1288 τρέφει
1532 1241 1569 1276 δέ
1585 1256 1634 1276 νιν
1650 1243 1819 1283 λαβοῦσα·
1846 1242 1904 1276 τὸν
1922 1242 2104 1283 σπείραντα
2121 1241 2159 1276 δὲ

1394 1295 1453 1328 οὐκ
1471 1291 1541 1329 οἶδε
1559 1295 1696 1335 Φοῖβον,
1716 1293 1792 1328 οὐδὲ
1809 1293 1923 1339 μητέρ’
1942 1292 1980 1338 ἧς
1998 1293 2075 1339 ἕφυ,

1394 1348 1413 1380 ὁ
1430 1347 1509 1382 παῖς
1526 1360 1563 1380 τε
1579 1345 1657 1382 τοὺς
1675 1346 1829 1381 τεκόντας
1847 1345 1906 1380 οὐκ
1924 1346 2111 1382 ἐπίσταται.

1395 1399 1466 1434 νέος
1483 1398 1544 1442 μὲν
1564 1396 1622 1433 οὖν
1639 1397 1685 1433 ὢν
1702 1397 1791 1444 ἀμφὶ
1808 1397 1955 1443 βωμίους
1973 1399 2103 1444 τροφὰς

1396 1449 1492 1495 ἠλᾶτ’
1511 1449 1653 1496 ἀθύρων·
1682 1451 1725 1486 ὡς
1743 1448 1774 1484 δ’
1793 1449 1990 1496 ἀπηνδρώθη
2010 1450 2119 1494 δέμας,

1396 1502 1531 1547 Δελφοί
1548 1503 1614 1548 σφ’
1634 1503 1746 1538 ἔθεντο
1763 1501 2014 1549 χρυσοφύλακα
2030 1506 2090 1537 τοῦ
2109 1502 2187 1538 θεοῦ

1395 1556 1514 1600 ταμίαν
1530 1570 1567 1589 τε
1584 1556 1716 1590 πάντων
1732 1556 1867 1598 πιστὸν,
1886 1555 1922 1590 ἐν
1939 1554 1970 1590 δ’
1993 1555 2184 1604 ἀνακτόροις

1395 1607 1472 1642 θεοῦ
1491 1609 1611 1651 καταζῇ
1631 1607 1718 1654 δεῦρ’
1738 1607 1789 1642 αἐὶ
1807 1607 1931 1652 σεμνὸν
1948 1607 2034 1650 βίον.

1396 1660 1552 1706 Κρέουσα
1570 1661 1598 1694 δ’
1617 1659 1637 1704 ἡ
1656 1662 1800 1694 τεκοῦσα
1817 1660 1876 1694 τὸν
1893 1660 2021 1695 νεανίαν

1393 1711 1512 1759 Ξούθῳ
1529 1714 1683 1758 γαμεῖται
1701 1712 1881 1759 συμφορᾶς
1898 1711 2030 1747 τοιᾶσδ’
2048 1710 2124 1747 ὕπο·

1395 1761 1436 1807 ἦν
1451 1765 1524 1800 ταῖς
1539 1762 1695 1809 Ἀθήναις
1711 1767 1781 1801 τοῖς
1797 1779 1836 1799 τε
1853 1764 2151 1804 Χαλκωδοντίδαις,

1396 1815 1428 1852 οἳ
1445 1818 1509 1863 γῆν
1526 1815 1644 1862 ἕχουσ’
1665 1817 1823 1860 Εὐβοῖδα,
1841 1817 2004 1862 πολέμιος
2021 1816 2160 1852 κλύδων·

1396 1868 1435 1904 ὃν
1452 1868 1672 1914 συμπονήσας
1690 1870 1744 1905 καὶ
1762 1868 1949 1914 ξυνεξελὼν
1966 1869 2039 1916 δορὶ

1392 1922 1510 1970 γάμων
1529 1921 1701 1968 Κρεούσης
1718 1921 1833 1967 ἀξίωμ’
1854 1921 2002 1966 ἐδέξατο,

1396 1976 1456 2010 οὐκ
1475 1974 1612 2021 ἐγγενὴς
1630 1974 1686 2018 ὢν,
1706 1974 1831 2009 Αἰόλου
1849 1974 1886 2009 δὲ
1904 1977 1964 2009 τοῦ
1983 1974 2062 2010 Διὸς

1393 2028 1501 2074 γεγὼς
1518 2027 1664 2072 Ἀχαιός·
1691 2028 1810 2074 χρόνια
1828 2027 1864 2063 δὲ
1884 2028 2025 2075 σπείρας
2041 2026 2138 2074 λέχη,

1394 2079 1528 2115 ἄτεκνός
1546 2081 1633 2120 ε’σττ,
1654 2082 1707 2116 καὶ
1726 2079 1882 2128 Κρέουσ’·
1910 2080 1956 2115 ὧν
1973 2078 2090 2115 οὔνεκα

1395 2132 1515 2177 ἥκουσι
1532 2134 1617 2175 πρὸς
1634 2133 1760 2178 μαντεῖ’
1781 2132 1997 2169 ’Λπόλλωνος
2015 2133 2105 2174 τάδε,

1396 2184 1494 2232 ἔρωτι
1511 2185 1649 2220 παίδων.
1688 2186 1808 2229 Λοξίας
1827 2186 1863 2220 δὲ
1880 2185 1940 2230 τὴν
1956 2185 2061 2230 τύχην

1395 2238 1429 2274 ἐς
1445 2237 1533 2273 τοῦτ’
1554 2236 1694 2279 ε’λαύνει,
1715 2238 1774 2272 κού
1791 2238 1949 2282 λέληθεν,
1968 2238 2012 2273 ὡς
2030 2238 2130 2272 δοκεῖ.

1394 2290 1498 2325 δώσει
1513 2290 1579 2337 γὰρ
1597 2289 1786 2325 εἰσελθόντι
1804 2292 1958 2335 μαντεῖον
1974 2290 2052 2325 τόδε

1394 2342 1511 2390 Ξούθῳ
1528 2343 1587 2377 τὸν
1604 2343 1705 2377 αὑτοῦ
1721 2343 1834 2384 παῖδα,
1855 2343 1908 2377 καὶ
1924 2342 2109 2388 πεφυκέναι

1393 2395 1501 2430 κείνου
1520 2395 1593 2441 σφε
1610 2394 1729 2441 φήσει,
1747 2396 1871 2442 μητρὸς
1889 2396 1933 2431 ὡς
1951 2393 2060 2429 ἐλθὼν
2077 2394 2197 2439 δόμους

1393 2447 1532 2494 γνωσθῇ
1552 2446 1719 2494 Κρεούσῃ,
1739 2449 1793 2483 καὶ
1809 2448 1911 2494 γάμοι
1927 2461 1965 2481 τε
1983 2447 2105 2490 Λοξίου

1394 2501 1533 2547 κρυπτοὶ
1549 2500 1708 2546 γένωνται
1725 2502 1803 2536 παῖς
1820 2499 1849 2534 τ’
1870 2500 1931 2545 ἔχῃ
1948 2500 1990 2534 τὰ
2006 2499 2202 2546 πρόσφορα·

1386 2551 1488 2587 Ἴωνα
1506 2552 1535 2587 δ’
1554 2552 1664 2594 αὐτὸν,
1683 2551 1833 2599 κτίστορ’
1854 2551 2012 2587 Ἀσιάδος
2028 2551 2161 2597 χθονὸς,

1392 2605 1496 2650 ὄνομα
1513 2605 1697 2650 κεκλῆσθαι
1715 2603 1854 2649 θήσεται
1870 2603 1943 2639 καθ’
1961 2603 2121 2639 Ἐλλάδα.

1393 2656 1474 2692 ἀλλ’
1494 2658 1528 2694 ἐς
1545 2657 1704 2703 δαφνώδη
1721 2656 1833 2704 γύαλα
1849 2657 2000 2702 βήσομαι
2016 2657 2107 2696 τάδε,

1392 2711 1431 2745 τὸ
1450 2709 1589 2757 κρανθὲν
1606 2710 1650 2746 ὡς
1667 2710 1708 2744 ἂν
1726 2709 1856 2755 ἐκμάθω
1873 2709 1990 2745 παιδὸς
2007 2708 2094 2755 πέρι.

1393 2763 1460 2808 ὁρῶ
1477 2762 1543 2808 γὰρ
1562 2762 1757 2804 ἐκβαίνοντα
1774 2761 1897 2805 Λοξίου
1915 2764 2014 2807 γόνον

1392 2813 1490 2855 τόνδ’,
1511 2815 1555 2850 ὣς
1571 2816 1637 2861 πρὸ
1656 2816 1734 2849 ναοῦ
1752 2815 1891 2860 λαμπρὰ
1909 2815 1950 2858 θῇ
1967 2814 2151 2858 πυλώματα

2290 1307 2328 1339 50

2290 1569 2329 1601 55

2290 2354 2328 2386 70

1392 2867 1521 2912 δάφνης
1539 2867 1725 2902 κλάδοισιν.
1763 2866 1865 2911 ὄνομα
1883 2866 1926 2907 δ’,
1942 2865 1981 2900 οὗ
1999 2866 2123 2910 μέλλει
2141 2866 2264 2911 τυχεῖν,
2285 2869 2326 2902 80

1385 2916 1475 2953 Ἴων’
1493 2919 1558 2964 ε’γὼ
1578 2920 1650 2965 σφε
1667 2921 1798 2965 πρῶτος
1815 2919 1964 2963 ὀνομάζω
1983 2918 2077 2952 θεῶν.

1392 2971 1521 3017 ἅρματα
1538 2971 1599 3014 μὲν
1615 2971 1694 3006 τάδε
1711 2971 1849 3018 λαμπρὰ
1866 2970 2056 3017 τεθρίππων

1391 3022 1487 3067 ἥλιος
1505 3023 1566 3067 ἤδη
1584 3025 1709 3068 λάμπει
1727 3023 1810 3058 κατὰ
1826 3024 1899 3069 γῆν,

1390 3075 1500 3122 ἄστρα
1518 3075 1554 3109 δὲ
1573 3076 1694 3122 φεύγει
1711 3076 1791 3121 πυρὶ
1809 3074 1887 3122 τῷδ’
1907 3074 2036 3122 αἰθέρος

1392 3128 1426 3163 ἐς
1446 3126 1541 3172 νύχθ’
1562 3128 1662 3173 ἱερὰν,

1391 3180 1622 3226 Παρνησιάδες
1640 3178 1671 3214 δ’
1690 3180 1810 3222 ἄβατοι
1827 3179 1972 3227 κορυφαὶ

1346 3252 1350 3256 -
1392 3234 1682 3277 καταλαμπόμεναι
1699 3233 1759 3277 τὴν
1776 3231 1913 3278 ἡμερίαν

1392 3284 1502 3330 ἁψῖδα
1518 3285 1678 3331 βροτοῖσι
1697 3284 1860 3330 δέχονται.

1393 3334 1540 3382 σμύρνης
1558 3335 1586 3371 δ’
1605 3335 1747 3384 ἀνύδρου
1764 3337 1886 3373 καπνὸς
1902 3336 1950 3373 εἷς
1966 3335 2114 3383 ’ὀρόφους

1393 3388 1520 3431 Φοίβου
1536 3388 1682 3424 πέτεται.

1392 3439 1517 3475 θάσσει
1535 3442 1572 3476 δὲ
1588 3441 1671 3488 γυνὴ
1689 3441 1830 3489 τρίποδα
1848 3439 1964 3485 ζάθεον

1394 3493 1537 3538 Δελφῖς,
1556 3493 1704 3529 ἀείδουσ’
1717 3493 1871 3538 Ἕλλησι
1887 3493 1984 3537 βοὰς,

1391 3542 1431 3581 ἃς
1448 3543 1489 3580 ἂν
1504 3544 1684 3581 Ἀπόλλων
1701 3545 1881 3590 κελαδήσῃ.
