2488 3860
192 291 275 337 868

185 3048 256 3081 XO.

1089 294 1419 334 ΕΥΡΙΠΙΔΟΥ

292 387 328 422 ἐν
344 386 428 434 τῷδε
444 385 550 434 μήτηρ
567 385 588 432 ἧ
605 387 744 424 τάλαινα
760 390 970 437 προσπίτνει,

294 421 381 487 [σὺν
395 439 547 488 παρθένῳ
564 454 602 475 τε
619 441 671 477 καὶ
687 442 855 489 προθυμίᾳ
871 444 985 480 ποδός.
990 437 1011 492 ]
1140 455 1218 486 1430

292 491 515 538 τετρωμένους
532 491 560 528 δ’
580 492 700 529 ἷδοῦσα
717 495 843 542 καιρίας
860 496 999 542 σφαγὰς

293 542 442 592 ᾤμωξεν,
462 543 489 579 ὦ
505 544 603 586 τέκν’,
623 546 748 594 ὑστέρα
764 549 954 595 βοηδρόμος

293 597 440 643 πάρειμι.
468 598 724 644 προσπίτνουσα
741 599 770 635 δ’
789 600 824 635 ἐν
840 600 932 646 μέρει
949 601 1056 641 τέκνα,

294 648 410 692 ἔκλαι’,
431 649 559 697 ἐθρήνει
576 651 635 686 τὸν
650 651 759 687 πολὺν
775 657 913 698 μαστῶν
929 655 1031 688 πόνον

297 701 464 743 στένουσ’,
484 702 616 749 ἀδελφή
635 703 669 739 θ’
686 703 706 748 ἡ
724 704 971 751 παρασπίζουσ’
991 707 1086 750 ὁμοῦ,
1143 715 1220 748 1435

297 753 323 789 ὦ
339 755 541 801 γηροβοσκὼ
558 757 692 803 μητρὸς,
713 756 738 791 ὣ
755 758 881 803 γάμους
899 757 995 802 ἐμοὺς

296 806 450 853 προδόντ’
467 808 606 854 ἀδελφὼ
624 810 791 855 φιλτάτω·
822 809 969 856 στέρνων
986 808 1015 844 δ’
1033 809 1099 845 ἀπο

297 857 428 905 φύσημ’
446 860 533 897 ἀνεὶς
550 859 740 906 δύστλητον
755 861 934 907 Ἐτεοκλῆς
952 861 1035 906 ἅναξ

297 913 422 957 ἤκουσε
438 914 572 960 μητρὸς,
592 914 739 950 κάπιθεὶς
757 915 860 961 ὑγρὰν
876 915 961 960 χέρα

299 964 414 1010 φωνὴν
430 966 491 1010 μὲν
508 966 567 1001 οὐκ
584 966 723 1013 ἀφῆκεν,
743 967 898 1012 ὀμμάτων
915 966 944 1002 δ’
962 966 1029 1002 ἄπο
1149 978 1226 1010 1440

298 1020 463 1062 προσεῖπε
481 1017 644 1065 δακρύοις,
665 1019 754 1054 ὥστε
772 1020 914 1063 σημῆναι
932 1019 1034 1065 φίλα.

299 1071 317 1104 ὁ
336 1069 364 1104 δ’
382 1068 424 1114 ἦν
439 1069 484 1105 ἔτ’
503 1072 656 1115 ἔμπνους,
675 1073 760 1118 πρὸς
777 1070 978 1118 κασιγνήτην
995 1070 1024 1106 δ’
1044 1070 1121 1106 ἰδὼν

299 1123 417 1169 γραῖάν
434 1137 471 1158 τε
487 1123 599 1170 μητέρ’
618 1121 690 1159 εἶπε
708 1123 912 1167 Πολυνείκης
930 1123 1023 1158 τάδε·

300 1174 540 1220 ἀπωλόμεσθα.
558 1177 674 1222 μῆτερ·
704 1175 854 1222 οἶκτείρω
873 1175 909 1211 δέ
928 1175 970 1210 σὲ

303 1227 357 1262 καὶ
374 1226 462 1272 τήνδ’
481 1228 634 1273 ἀδελφὴν
651 1228 704 1262 καὶ
722 1228 922 1274 κασίγνητον
939 1230 1064 1274 νεκρόν.
1152 1240 1228 1273 1445

302 1280 407 1324 φίλος
423 1280 488 1326 γὰρ
507 1280 627 1326 ἐχθρὸς
645 1279 776 1326 ἐγένετ’,
796 1279 874 1315 ἀλλ’
894 1279 982 1324 ὅμως
999 1279 1116 1326 φίλος.

303 1331 417 1378 θάψον
435 1332 473 1367 δέ
487 1332 533 1377 μ’,
554 1332 579 1366 ὦ
597 1335 742 1367 τεκοῦσα
759 1333 812 1367 καὶ
831 1331 887 1372 σὺ,
908 1331 1067 1379 σύγγονε,

303 1384 338 1418 ἐν
354 1387 397 1430 γῇ
413 1384 560 1431 πατρῴᾳ,
580 1385 633 1419 καὶ
650 1386 750 1420 πόλιν
767 1384 973 1430 θυμουμένην

302 1435 553 1479 παρηγορεῖτον,
574 1434 617 1470 ὣς
635 1435 775 1469 τοσόνδε
791 1437 874 1478 γοῦν
891 1432 984 1479 τύχω

302 1484 605 1533 χθονὸςπατρῴας,
625 1485 674 1520 κεῖ
692 1486 814 1530 δόμους
831 1486 1005 1521 ἀπώλεσα.
1151 1496 1228 1530 1450

302 1536 511 1583 ξυνάρμοσον
529 1538 565 1572 δέ
582 1537 743 1584 βλέφαρά
758 1552 823 1582 μου
840 1539 881 1581 τῇ
899 1538 946 1582 σῇ
962 1538 1050 1584 χερὶ,

301 1589 417 1635 μῆτερ,
436 1589 549 1634 τίθησι
567 1589 595 1624 δ’
614 1590 712 1625 αὐτὸς
729 1590 884 1635 ὀμμάτων
902 1591 968 1631 ἔπι,

303 1641 355 1675 καὶ
371 1641 510 1687 χαίρετ’·
539 1642 600 1686 ἤδη
617 1643 682 1688 γάρ
699 1657 740 1687 με
757 1643 958 1688 περιβάλλει
976 1643 1108 1678 σκότος.

301 1692 404 1739 ἄμφω
423 1693 451 1728 δ’
471 1693 525 1738 ἅμ’
545 1694 746 1737 ἐξέπνευσαν
763 1694 882 1729 ἄθλιον
897 1695 987 1736 βίον.

299 1744 406 1791 μήτηρ
424 1745 466 1785 δ’,
487 1745 576 1781 ὅπως
592 1746 715 1781 εἰσεῖδε
726 1744 822 1790 τήνδε
835 1747 1028 1792 συμφορὰν,
1150 1759 1226 1791 1455

300 1796 555 1844 ὑπερπαθήσασ’
573 1796 696 1843 ἥρπασ’
716 1798 751 1832 ἐκ
769 1800 885 1844 νεκροῦ
903 1799 1017 1844 ξίφος,

299 1849 446 1896 κᾶπραξε
464 1851 565 1885 δεινά·
594 1850 648 1884 διὰ
664 1850 772 1894 μέσου
788 1851 854 1897 γὰρ
871 1851 1011 1896 αὐχένος

299 1902 379 1936 ὦθεῖ
396 1902 546 1949 σίδηρον,
566 1902 601 1936 ἐν
618 1902 654 1937 δὲ
672 1904 762 1937 τοῖσι
780 1903 959 1948 φιλτάτοις

299 1954 448 1989 θανοῦσα
465 1957 580 1993 κεῖται,
599 1952 822 2000 περιβαλοῦσ’
842 1955 970 2001 ἀμφοῖν
985 1955 1100 2002 χέρας.

297 2005 397 2050 ἀνῇξε
415 2007 445 2041 δ’
462 2006 562 2052 ὀρθὸς
578 2006 661 2041 λαὸς
679 2005 726 2041 εἷς
743 2006 812 2052 ἔριν
827 2007 950 2052 λόγων,
1146 2007 1228 2052 1460

297 2056 389 2102 ἡμεῖς
406 2058 466 2102 μέν
485 2059 528 2094 ὡς
546 2061 683 2093 νικῶντα
701 2058 867 2102 δεσπότην
886 2058 975 2103 ἐμὸν,

297 2111 329 2143 οἱ
347 2109 376 2144 δ’
396 2111 440 2146 ὧς
458 2110 592 2145 ἐκεῖνον.
621 2108 661 2153 ἦν
679 2109 707 2144 δ’
726 2111 793 2156 ἔρις
811 2111 1066 2156 στρατηλάταις,

297 2162 328 2196 οἱ
345 2163 405 2206 μέν
422 2163 566 2206 πατάξαι
583 2162 714 2208 πρόσθε
732 2163 916 2207 Πολυνείκη
935 2163 1019 2209 δορὶ,

296 2215 328 2248 οἱ
346 2213 387 2255 δ’,
407 2215 451 2250 ὧς
469 2214 633 2249 θανόντων
651 2214 796 2259 οὐδαμοῦ
814 2215 884 2259 νίκη
902 2214 1018 2250 πέλοι.

297 2261 377 2312 [κάν
393 2266 470 2314 τῷδ’
489 2266 651 2311 ὑπεξῆλθ’
670 2266 841 2313 Ἀντιγόνη
863 2269 1009 2314 στρατοῦ
1028 2263 1138 2313 δίχα.]

295 2320 326 2353 οἱ
345 2318 372 2353 δ’
393 2319 439 2355 εἷς
457 2318 535 2354 ὅπλ’
554 2316 679 2363 ᾖσσον·
709 2317 745 2353 εὖ
763 2318 802 2353 δέ
816 2334 887 2355 πως
903 2318 1070 2365 προμηθίᾳ
1147 2322 1225 2364 1466

294 2371 442 2416 καθῆστο
460 2371 597 2416 Κάδμου
614 2372 696 2407 λαὸς
713 2371 865 2406 ἀσπίδων
882 2372 948 2406 ἔπι·

294 2423 466 2468 κᾶφθημεν
484 2425 576 2458 οὔπω
593 2422 750 2469 τεύχεσιν
766 2420 1007 2470 πεφαργμὲνον

291 2474 444 2522 Ἀργεῖον
461 2475 664 2511 ἐσπεσόντες
682 2475 841 2520 ἐξαίφνης
859 2477 1016 2521 στρατόν.

292 2528 419 2564 κούδεὶς
436 2527 575 2572 ὑπέστη,
595 2527 739 2563 πεδία,δ’
758 2527 1012 2572 ἐξεπίμπλασαν
1144 2539 1224 2574 1470

291 2578 484 2626 φεύγοντες,
505 2581 593 2626 ἔρρει
611 2579 640 2614 δ’
659 2577 739 2623 αἷμα
755 2580 873 2625 μυρίον
891 2583 1024 2626 νεκρῶν,

290 2632 432 2678 λόγχαις
448 2634 642 2667 πιτνόντων.
671 2632 715 2667 ὡς
732 2631 760 2666 δ’
780 2632 935 2676 ἐνικῶμεν
950 2633 1053 2678 μάχῃ,

290 2684 322 2718 οἱ
339 2685 400 2728 μὲν
418 2686 498 2720 Διὸς
514 2685 673 2729 τρόπαιον
690 2682 836 2718 ἵστασαν
852 2683 988 2730 βρέτας,

289 2736 321 2770 οἶ
340 2734 368 2770 δ’
386 2736 531 2772 ἀσπίδας
550 2737 718 2772 συλῶντες
733 2735 894 2782 Ἀργείων
911 2739 1034 2782 νεκρῶν

293 2787 493 2832 σκυλεύματ’
513 2786 594 2822 εἵσω
612 2787 748 2833 τειχέων
766 2788 966 2832 ἐπέμπομεν.
1140 2799 1217 2835 1475

288 2839 390 2874 ἄλλοι
409 2840 444 2874 δέ
462 2840 539 2876 τοὺς
557 2840 716 2876 θανόντας
732 2839 922 2885 Ἀντιγόνης
940 2839 1023 2884 μέτα

288 2891 422 2937 νεκροὺς
439 2892 606 2939 φέρουσιν
623 2892 721 2927 ἐνθάδ
750 2892 893 2926 οἶκτίσαι
911 2892 1040 2937 φίλοις.

286 2945 386 2979 πόλει
404 2944 431 2978 δ’
451 2944 576 2990 ἀγῶνες
593 2945 625 2978 οἱ
642 2945 703 2989 μὲν
720 2943 961 2989 εὐτυχέστατοι

287 2994 358 3039 τῇδ’
377 2996 555 3039 ἐξέβησαν,
575 2997 607 3030 οἶ
625 2996 661 3030 δὲ
679 2995 958 3041 δυστυχέστατοι.

285 3047 345 3081 οὐκ
363 3046 409 3081 εἶς
427 3046 526 3081 ἀκοὰς
544 3047 592 3080 ἔτι
610 3046 776 3091 δυστυχία
1138 3050 1217 3089 1480

289 3099 438 3142 δώματος
455 3097 537 3142 ἥκει·
566 3098 656 3143 πάρα
672 3099 737 3144 γὰρ
754 3097 918 3133 λεύσσειν

287 3150 447 3193 πτώματα
464 3152 585 3194 νεκρῶν
602 3153 754 3194 τρισσῶν
771 3151 832 3194 ἤδη

288 3202 366 3236 τάδε
383 3201 466 3246 πρὸς
483 3200 662 3246 μελάθροις
680 3204 776 3248 κοινῷ
795 3201 923 3249 θανάτῳ

287 3253 424 3287 σκοτίαν
441 3251 542 3286 αἰῶνα
558 3253 744 3296 λαχόντων.

285 3300 324 3334 οὐ
342 3300 642 3346 προκαλυπτομένα
658 3299 893 3345 βοτρυχώδεος
1147 3305 1222 3345 1485

285 3353 376 3398 ἁβρὰ
392 3353 566 3399 παρηίδος,

285 3405 355 3440 οὐδ’
375 3405 440 3440 ὑπὸ
458 3403 638 3451 παρθενίας
656 3405 715 3439 τὸν
733 3404 798 3440 ὑπὸ
816 3407 1007 3453 βλεφάροις

287 3459 424 3504 φοίνικ’,
446 3456 594 3505 ἐρύθημα
610 3459 811 3502 προσώπου,

284 3510 441 3555 αἰδομένα
459 3510 606 3557 φέρομαι
623 3510 738 3556 βάκχα
756 3509 888 3553 νεκύων,

289 3564 452 3610 κράδεμνα
470 3564 612 3599 δικοῦσα
629 3564 732 3608 κόμας
749 3561 806 3599 ἀπ’
827 3563 918 3609 ἐμᾶς,
1146 3577 1239 3613 149οῘ

1258 3209 1330 3240 ΑΝ.

1259 3472 1310 3507 01.

1365 379 1526 413 στολίδος
1544 376 1757 424 κροκόεσσαν
1771 376 1891 415 ἀνεῖσα
1907 378 2055 428 τρυφᾶν,

1365 431 1572 504 ἆγεμιρένευμα
1633 431 1784 477 νεκροῖσι
1833 431 2062 471 πολύπονον.
2133 435 2216 478 alat.
2268 436 2309 475 Ῑάι

1365 537 1391 570 ω
1369 485 1639 561 ΊἹολύνεικες,
1677 521 1763 567 ἔφυς
1797 521 1849 569 ἄρ’
1885 523 2069 571 ἐπώνυμος,
2105 488 2311 576 ὥμοῖζῳέῆῗ

1415 576 1487 616 βαι,
2177 593 2271 627 ¹49⁴·
2287 592 2309 629 s

1365 626 1412 661 σὰ
1431 626 1459 661 δ’
1479 628 1547 673 ἔρις
1565 641 1625 661 ουκ
1643 627 1723 674 ἔρις,
1741 627 1833 662 ἀλλα
1850 629 1947 680 φόνω
1965 631 2073 678 φόνος

1366 679 1529 715 Οἰδιπόδα
1547 680 1650 724 δόμον

1365 731 1476 768 ωλεσε
1495 732 1645 778 κρανθεὶς
1662 747 1774 777 αιματι
1791 734 1920 784 λυγρῷ.

1364 786 1436 820 τίνα
1455 785 1490 821 δὲ
1509 786 1690 834 προσῳδὸν

1355 836 1383 883 ’ἢ
1402 837 1475 872 τίνα
1492 839 1713 883 μουσοπόλον
1731 841 1902 886 στοναχὰν
1919 842 1975 877 ἐπὶ
2229 855 2310 890 1500

1364 892 1506 937 δάκρυσι
1525 891 1700 938 δάκρυσιν,
1721 891 1747 926 ὦ
1766 892 1879 938 δόμος,
1901 893 1928 930 ὦ
1947 895 2061 940 δόμος,

1363 944 1631 989 ἀνακαλέσωμαι,

1362 997 1490 1043 τρισσὰ
1509 997 1667 1043 φέρουσα
1684 997 1756 1033 τάδ’
1775 996 1897 1043 αἵματα
1916 998 2082 1048 σύγγονα,

1361 1049 1488 1096 ματέρα
1507 1050 1559 1084 καὶ
1578 1050 1685 1090 τέκνα,
1705 1051 1848 1097 χάρματ’
1865 1052 2017 1099 Ἐρινύος
2028 1067 2040 1094 ;

1364 1102 1386 1137 ἃ
1404 1102 1507 1147 δόμον
1526 1103 1690 1139 Οἰδιπόδα
1707 1105 1841 1149 πρόπας
1857 1105 1980 1147 ὤλεσε,
2229 1120 2306 1156 1505

1363 1157 1423 1193 τᾶς
1440 1155 1558 1201 ἀγρίας
1576 1156 1633 1191 ὅτε

1354 1207 1569 1254 ιδυσξύνετον
1587 1210 1722 1253 ξυνετὸς
1738 1210 1842 1256 μέλος
1859 1211 1946 1258 ἔγνω

1362 1262 1516 1308 Σφιγγὸς
1533 1262 1650 1299 ἀοιδοῦ
1670 1267 1768 1310 σῶμα
1786 1263 1972 1310 φονεύσας.

1361 1315 1400 1350 ἶώ
1417 1328 1487 1360 μοι,

1361 1369 1412 1405 τίς
1436 1365 1570 1417 ἢἙλλὰς
1597 1367 1617 1412 ἢ
1644 1369 1833 1415 βάρβαρος,
1865 1369 1886 1415 ἦ
1916 1373 1983 1406 τῶν
2011 1372 2148 1419 πρόπαρ
2179 1372 2308 1419 εὐγενε-

1412 1422 1472 1443 ταν
2225 1425 2308 1457 1510

1360 1462 1473 1508 ἕτερος
1486 1462 1569 1497 ἔτλα
1582 1465 1689 1498 κακῶν
1703 1462 1846 1499 τοσῶνδ’
1860 1461 1998 1510 αἵματος
2011 1464 2150 1512 ἁμερίου
2179 1468 2305 1511 1511,’3

1359 1513 1462 1551 τοιάδ’
1482 1514 1568 1561 ἅχεα
1586 1516 1739 1563 φανεράς
1768 1524 1788 1544 ⁸
1806 1524 1826 1545 *

1358 1569 1511 1610 τάλαινα,

1358 1622 1409 1658 τίς
1426 1621 1502 1657 ποτ’
1521 1621 1573 1669 ἄρ’
1592 1620 1682 1668 ὅρνις
1700 1622 1847 1665 ἐλελίζει
1865 1623 1964 1670 δρυὸς
1982 1622 2001 1669 ἢ
2021 1623 2143 1661 ἐλάτας
2224 1638 2303 1672 1515

1359 1675 1558 1722 ἀκροκόμοις
1576 1675 1666 1721 ἀμφὶ
1684 1676 1820 1712 κλάδοις
1839 1676 1975 1722 ἑζομένα
1991 1677 2140 1723 μονομά-
2171 1682 2266 1724 1516,
2285 1690 2304 1726 7

1358 1743 1427 1775 τωρ
1448 1728 1541 1774 ἐμοῖς
1558 1728 1662 1774 ἄχεσι
1679 1730 1852 1777 συνῳδός;

1358 1781 1494 1818 α’ίλινον
1537 1781 1722 1829 αἰάγμασιν
1758 1781 1780 1816 ἂ
1816 1782 1933 1818 τοῖσδε
1971 1784 2145 1830 προκλαίω
2188 1785 2304 1830 μονάδ’

1409 1835 1461 1871 αι’-
2150 1850 2244 1885 1519,
2265 1853 2307 1876 20

1359 1891 1427 1924 ῶνα
1461 1888 1629 1932 διάξουσα
1662 1889 1723 1924 τὸν
1757 1888 1808 1924 ἀεὶ
1842 1890 1966 1936 χρόνον
1992 1889 2029 1925 ἐν
2052 1891 2307 1937 λειβομένοισιν

1412 1940 1620 2000 δακρύοισιν
2161 1956 2266 2002 1521.
2285 1959 2305 1982 ²

1359 1986 1421 2025 τίν’
1441 1988 1498 2025 ἐπὶ
1521 1992 1657 2036 πρῶτον
1680 1988 1747 2024 ἀπὸ
1771 1988 1890 2035 χαίτας
1916 1991 2128 2036 σπαραγμοῖς
2150 1989 2306 2037 ἀπαρχὰς

1408 2042 1522 2082 βάλω,
2174 2055 2306 2090 1523,

1356 2095 1482 2140 ματρὸς
1526 2094 1607 2140 ἐμᾶς
1651 2092 1823 2140 διδύμοισι
1865 2095 2035 2142 γάλακτος
2076 2094 2168 2134 παρὰ
2214 2110 2303 2144 μασ-

1410 2149 1491 2187 τοῖς,
2173 2161 2264 2194 1525,
2285 2151 2306 2184 6

1357 2198 1377 2245 ἦ
1429 2201 1515 2246 πρὸς
1568 2199 1731 2247 ἀδελφῶν
1783 2200 1936 2247 οὐλόμεν’
1992 2201 2173 2248 αἰκίσματα
2224 2202 2302 2237 δισ-

1410 2255 1505 2292 σῶν;
2173 2258 2304 2300 152738

1361 2306 1475 2341 ὀτοτοῖ
1491 2305 1615 2347 ὀτοτοῖ,

1358 2359 1457 2394 λεῖπε
1475 2358 1559 2395 σοὺς
1577 2359 1712 2404 δόμους,
2225 2371 2305 2405 1530

1357 2412 1463 2447 ἀλαὸν
1480 2410 1571 2456 ὅμμα
1588 2411 1704 2457 φέρων

1356 2464 1463 2511 πάτερ
1481 2464 1606 2511 γεραιὲ,
1627 2465 1749 2509 δεῖξον,

1359 2516 1533 2557 Οἰδιπόδα,
1555 2518 1618 2552 σὸν
1636 2517 1737 2552 αἰῶνα
1753 2516 1892 2562 μέλεον,
1912 2516 1949 2554 ὃς
1967 2518 2022 2553 ἐπὶ

1358 2570 1510 2615 δώμασιν
1528 2569 1640 2616 ἀέριον
1654 2571 1778 2605 σκότον
1795 2569 1925 2616 ὄμμασι
1944 2573 2040 2606 σοῖσι
2058 2571 2176 2614 βαλὼν
2190 2572 2305 2610 ἕλκεις

1411 2624 1621 2669 μακρόπνουν
1638 2622 1728 2664 ζόαν.
2173 2638 2265 2672 1534,
2285 2638 2304 2672 5

1358 2674 1481 2715 κλύεις.
1522 2674 1548 2711 ὦ
1588 2674 1658 2710 κατ’
1699 2675 1806 2711 αὐλὰν
1852 2676 1998 2713 ἀλαίνων
2047 2678 2183 2725 γεραιὸν
2217 2680 2307 2716 πόδα

1411 2728 1556 2774 δεμνίοις
2175 2736 2266 2778 1536,
2286 2744 2306 2779 7

1360 2779 1557 2817 δύστανον’
1545 2778 1666 2816 ιαύων”
1657 2808 1666 2822 ,

1304 2862 1313 2871 .
1360 2834 1393 2869 τί
1429 2834 1474 2874 δ’,
1511 2833 1538 2868 ὦ
1572 2833 1728 2900 παρθένε,
1766 2836 1999 2883 βακτρευμασι
2033 2837 2169 2884 τυφλοῦ
2202 2839 2308 2877 ποδὸς

1411 2887 1610 2934 ἐξάγαγες’
1591 2902 1627 2924 ες
2150 2902 2243 2937 1539,
2262 2906 2306 2936 40

1360 2940 1436 2986 φῶς
1471 2954 1513 2984 με
1547 2938 1677 2987 λεχήρη
1705 2939 1851 2977 σκοτίων
1877 2941 1914 2977 ἐκ
1940 2942 2102 2989 θαλάμων
2130 2944 2304 2991 οἷκτροτα·

1411 2994 1524 3028 τοῖσιν
1541 2992 1749 3040 δακρύοισιν,
1839 3023 1842 3026 .
2170 3009 2262 3043 1541,
2283 3013 2302 3035 2

1361 3047 1482 3082 πολιὸν
1512 3045 1660 3093 αἷθέριον
1690 3046 1817 3093 ἀφανὲς
1845 3046 1998 3090 εἴδωλον,
2029 3046 2050 3092 ἢ
2080 3049 2175 3086 νέκυν
2210 3050 2301 3098 ἔνερ·

1411 3098 1479 3140 θεν,
1497 3098 1518 3144 ἢ
2171 3115 2264 3148 ι543,
2281 3118 2304 3148 4

1359 3152 1507 3187 ποτανὸν
1524 3151 1674 3199 ὄνειρονς
2215 3168 2303 3203 ,1545

1359 3204 1528 3250 δυστυχὲς
1546 3205 1708 3252 ἀγγελίας
1726 3206 1807 3243 ἔπος
1823 3205 1924 3248 οἴσει,

1361 3256 1387 3291 ὦ
1404 3257 1522 3303 πάτερ,
1543 3258 1653 3293 οὐκέτι
1671 3273 1729 3294 σοι
1747 3258 1844 3295 τέκνα
1859 3258 2005 3296 λεύσσει

1360 3310 1461 3376 φάος,
1481 3308 1554 3345 οὐδ’
1573 3310 1714 3357 ἄλοχος.
1733 3313 1983 3359 παραβάκτροις

1361 3361 1383 3397 ἃ
1399 3362 1488 3397 πόδα
1506 3364 1571 3398 σὸν
1586 3365 1790 3410 τυφλόπουν
1807 3364 2055 3412 θεραπεύμασιν
2070 3365 2142 3403 αῖεν
2154 3367 2304 3415 ἐμόχθει,

1361 3414 1388 3449 ὦ
1405 3415 1522 3462 πάτερ,
1529 3415 1639 3480 αωμοι.
2224 3433 2306 3467 1550

1361 3466 1454 3532 ὤμοι.
1482 3469 1568 3511 ε’μῶν
1601 3468 1736 3505 παθέων
1784 3471 1876 3518 πάρα
1908 3471 1975 3518 γὰρ
2010 3471 2186 3518 στενάχειν
2211 3473 2302 3564 τάδ’ἑ

1413 3520 1534 3555 ἀΰτεῖν.
2170 3539 2185 3562 1
2191 3539 2229 3572 55
2235 3541 2248 3563 1
2254 3553 2265 3568 ,

1361 3573 1502 3620 τρισσαὶ
1519 3573 1633 3620 ψυχαὶ
1648 3575 1731 3622 ποίᾳ
1746 3575 1861 3622 μοίρᾳ,

2479 3686 2488 3724 μη,
2469 3355 2488 3665 m-M——a—J-ae.--—
