2488 3860
173 361 248 396 ΠΛ.

179 886 242 916 ,Ξ

179 990 248 1021 3

247 1838 259 1840 -
288 1819 444 1863 χρυσοῖς,
465 1816 703 1862 ἀποψώμεσθα
721 1815 750 1851 δ’
769 1816 808 1850 οὗ
825 1815 936 1852 λίθοις
953 1816 1013 1854 ἔτι,

1094 255 1387 305 ΠΛΟΥΤΟΣ.

2219 260 2299 313 587

823 357 990 403 μηδαμῶς.
1266 362 1335 394 ΚΑ.
1364 359 1406 394 τὰ
1423 358 1450 394 δ’
1471 359 1633 404 ἐμβάδια;
1689 365 1747 396 ΔΙ.
1775 361 1949 396 καὶταῦτα
1966 359 2235 406 συνεχειμάζετο.

277 411 358 455 ἐμοῦ
373 409 439 456 γὰρ
457 408 621 445 εἰσιόντος
640 408 686 445 εἷς
703 409 763 454 τὴν
779 408 886 445 οἰκίαν
1266 415 1335 447 KA.
1362 412 1416 446 καὶ
1432 411 1522 446 ταῦτ’
1541 410 1717 456 ἀναθήσων
1734 413 1853 459 ἔφερες
1870 411 1950 453 οὖν;
2005 417 2063 447 ΔΙ.
2093 411 2131 456 νὴ
2148 412 2208 446 τὸν
2224 409 2299 445 Δία.

275 462 450 509 πρώτιστα
467 461 520 497 καὶ
536 460 734 507 βλέψαντος
751 461 848 497 οὐδὲν
865 461 1017 508 ἐκφέρειν
1266 469 1334 500 KA.
1364 463 1523 510 χαρίεντά
1539 462 1572 510 γ’
1590 463 1678 508 ἥκεις
1695 464 1785 510 δῶρα
1802 468 1848 512 τῷ
1867 464 1931 512 θεῷ
1949 464 2076 510 φέρων.

276 513 447 559 πρεπῶδές
465 513 570 553 ἐστιν,
589 513 680 548 ἀλλὰ
696 515 830 558 μᾶλλον
847 513 1030 559 εἰσφέρειν.
1265 518 1328 549 ΣΥ.
1364 513 1453 559 οἶμοι
1470 516 1687 561 κακοδαίμων,
1708 517 1751 552 ὡς
1768 517 1931 551 ἀπόλωλα
1949 516 2107 556 δείλαιος,
2238 521 2299 560 850

281 563 338 601 εἶτ’
357 566 434 611 οὐχὶ
452 565 541 609 δέξει
559 566 641 609 δῆτα
657 566 699 600 τὰ
717 564 956 611 καταχύσματα
966 578 976 605 ;

241 646 249 654 .
277 619 372 654 ἔνδον
385 632 427 664 γε
444 617 534 664 παρὰ
551 617 610 661 τὴν
627 617 753 657 ἑστίαν,
773 619 890 664 ὥσπερ
907 619 1018 662 νόμος·
1151 624 1208 659 795

277 671 390 706 ἔπειτα
408 670 460 704 καὶ
477 670 535 704 τὸν
552 670 681 716 φόρτον
698 668 900 717 ἐκφύγοιμεν
916 669 968 704 ἅν.

278 723 318 758 οὗ
334 722 400 769 γὰρ
416 722 588 768 πρεπῶδές·
606 722 680 756 ἐστι
697 725 744 770 τῷ
762 723 955 769 διδασκάλῳ
1264 726 1321 756 ΚΑ

279 774 418 821 ἰσχάδια
435 775 488 808 καὶ
505 774 675 820 τρωγάλια
691 776 760 810 τοῖς
779 773 953 818 θεωμένοις

427 828 435 839 Ι
473 825 482 838 ἱ
526 827 533 838 ³
558 827 567 839 Χ
635 824 646 837 Ι
753 823 768 839 9
783 825 793 838 2
822 826 831 838 ἱ
927 827 936 838 1
1090 826 1103 833 ’“
1264 831 1288 847 Q

278 828 474 874 προβαλοντ
486 852 495 869 ,
516 841 570 861 επι
587 841 717 862 τούτοις
735 841 785 862 ειτ
812 826 1004 872 αναγκαζειν
1020 826 1136 872 γελαν.
1264 831 1328 860 «Υ.

281 878 318 914 εὖ
335 879 421 914 πάνυ
438 878 559 925 λέγεις·
590 879 634 914 ὡς
652 878 822 922 Δεξίνικός
840 878 958 913 οὑτοσὶ
1151 879 1214 910 800

279 930 436 968 ἀνίσταθ’
454 931 498 967 ὡς
515 932 748 976 ἁρπασόμενος
764 931 823 967 τὰς
841 930 995 975 ἰσχάδας.

283 984 326 1021 ὡς
343 983 405 1028 ἡδὺ
421 984 588 1029 πράττειν,
609 982 740 1027 ὦνδρες,
759 981 829 1017 ἔστ’
849 982 1057 1027 εὐδαιμόνως,

282 1037 336 1071 καὶ
353 1038 455 1071 ταῦτα
472 1035 573 1079 μηδὲν
591 1034 790 1081 ἐξενεγκόντ’
809 1033 951 1069 οἴκοθεν.
1264 1039 1335 1068 ΚΑ.

282 1088 359 1133 ἡμῖν
375 1088 441 1135 γὰρ
459 1086 592 1134 ἀγαθῶν
610 1088 720 1133 σωρὸς
737 1087 784 1123 εἰς
801 1087 860 1131 τὴν
878 1086 984 1121 οἰκίαν

1369 567 1421 602 καὶ
1438 569 1509 613 τρὶς
1526 568 1732 612 κακοδαίμων
1750 570 1803 603 καὶ
1820 570 1968 615 τετράκις
1986 568 2039 603 καὶ
2055 567 2208 604 πεντάκις

1369 620 1422 654 καὶ
1439 620 1617 656 δωδεκάκις
1634 621 1688 654 καὶ
1704 621 1866 666 μυριάκις·
1896 620 1948 655 ἰοὺ
1966 618 2030 656 ἰού.

1367 668 1454 706 οὕτω
1471 673 1660 719 πολυφόρῳ
1679 672 1904 719 συγκέκραμαι
1922 672 2063 716 δαίμονι.

1327 748 1332 756 .
1357 721 1537 758 Ἀπολλον
1554 724 1758 770 ἀποτρόπαιε
1775 725 1829 759 καὶ
1847 724 1917 758 θεοὶ
1934 724 2045 769 φίλοι,

1366 775 1400 809 τί
1415 775 1490 810 ποτ’
1509 776 1604 811 ἐστὶν
1620 775 1640 810 ὅ
1656 790 1688 810 τι
1705 776 1869 811 πέπονθεν
1886 776 2057 822 ἄνθρωπος
2075 777 2194 817 κακόν;
2235 781 2274 821 85
2278 790 2295 822 5

1362 827 1402 861 οὒ
1418 828 1483 874 γὰρ
1502 829 1646 873 σχέτλια
1662 828 1813 864 πέπονθα
1830 829 1899 863 νυνὶ
1916 829 2104 873 πράγματα,

1366 879 1588 916 ἀπολωλεκὼς
1605 881 1733 915 ἅπαντα
1749 881 1810 916 τάκ
1827 882 1884 924 τῆς
1901 880 2004 916 οἰκίας

1366 932 1421 966 διὰ
1438 933 1496 967 τὸν
1513 932 1590 967 θεὸν
1606 935 1736 972 τοῦτον,
1756 934 1814 968 τὸν
1831 933 1991 976 ἐσόμενον
2007 933 2139 977 τυφλὸν

1365 984 1468 1019 πάλιν
1483 983 1588 1024 αὖθις,
1607 986 1709 1030 ἤνπερ
1725 985 1770 1030 μή
1788 984 1970 1020 ’λλίπωσιν
1987 985 2020 1019 αἶ
2039 984 2146 1025 δίκαι;

1364 1035 1429 1082 ἐγὼ
1446 1038 1572 1082 σχεδὸν
1589 1039 1627 1072 τὸ
1644 1039 1780 1084 πρᾶγμα
1797 1038 1996 1083 γιγνώσκειν
2013 1037 2111 1071 δοκῶ.
2233 1040 2295 1072 860

1365 1090 1590 1134 προσέρχεται
1607 1090 1672 1135 γάρ
1689 1103 1740 1125 τις
1756 1092 1862 1125 κακῶς
1878 1090 2031 1135 πράττων
2047 1087 2140 1134 ἀνὴρ,

283 1140 538 1176 ἐπεισπέπαικεν
555 1139 651 1174 οὐδὲν
667 1137 870 1183 ἠδικηκόσιν.
1155 1141 1213 1179 805
1366 1140 1450 1174 ἔοικε
1468 1141 1496 1175 δ’
1516 1138 1597 1177 εἶναι
1614 1143 1674 1176 τοῦ
1690 1143 1836 1188 πονηροῦ
1854 1143 2032 1186 κόμματος.

288 1191 393 1239 [οὕτω
411 1193 450 1226 τὸ
467 1193 625 1227 πλουτεῖν
643 1191 737 1226 ἐστιν
753 1191 815 1235 ἡδὺ
832 1193 969 1237 πρᾶγμα
986 1187 1057 1233 δή]
1265 1195 1321 1224 ΔΙ.
1363 1191 1401 1236 νὴ
1420 1192 1495 1232 Δία,
1514 1195 1624 1228 καλῶς
1640 1195 1750 1228 τοίνυν
1766 1197 1871 1229 ποιῶν
1887 1194 2089 1228 ἀπόλλυται.

283 1244 304 1290 ἦ
322 1246 382 1289 μὲν
400 1243 502 1288 σιπύη
520 1244 627 1288 μεστή
644 1243 714 1278 ’στι
730 1245 858 1289 λευκῶν
874 1243 1039 1288 ἀλφίτων,
1264 1247 1327 1276 ΣΥ.
1361 1246 1427 1278 ποῦ
1443 1247 1510 1280 ποῦ
1526 1244 1598 1280 ’σθ’
1617 1247 1636 1279 6
1652 1249 1752 1290 μόνος
1768 1246 1914 1282 ἅπαντας
1931 1245 2015 1290 ἡμᾶς
2030 1244 2218 1281 πλουσίους

285 1298 317 1332 οἷ
336 1296 364 1332 δ’
383 1297 538 1341 ἀμφορῆς
556 1294 647 1330 οἴνου
664 1295 811 1340 μέλανος
828 1294 1025 1339 ἀνθοσμίου.

285 1350 414 1384 ἅπαντα
431 1348 459 1383 δ’
479 1348 554 1392 ἡμῖν
571 1348 730 1394 ἀργυρίου
748 1348 801 1382 καὶ
818 1347 963 1393 χρυσίου

285 1403 328 1437 τὰ
346 1401 504 1447 σκευάρια
520 1399 632 1444 πλήρη
650 1399 750 1438 ’στὶν,
770 1400 860 1434 ὥστε
878 1399 1058 1443 θαυμάσαι.

287 1455 326 1488 τὸ
344 1452 455 1500 φρέαρ
473 1451 502 1487 δ’
522 1452 643 1486 ἐλαίου
661 1453 797 1495 μεστόν·
827 1452 861 1486 αἶ
879 1451 916 1486 δὲ
933 1449 1073 1494 λήκυθοι
1157 1454 1218 1482 8ιο
1243 1457 1246 1480 ἴ
1263 1457 1332 1486 ΚΑ,

286 1504 393 1551 μύρου
409 1504 563 1551 γέμουσι,
582 1505 621 1538 τὸ
640 1503 668 1539 δ’
687 1504 837 1551 ὑπερῷον
854 1503 1017 1548 ἰσχάδων.
1263 1509 1319 1538 ΔΙ.

288 1558 359 1601 ὀξὶς
377 1557 413 1592 δὲ
426 1558 521 1592 πᾶσα
538 1557 591 1591 καὶ
607 1557 771 1591 λοπάδιον
788 1556 841 1590 καὶ
857 1554 966 1601 χύτρα
1263 1562 1326 1591 ΣΥ.

288 1610 397 1655 χαλκῆ
415 1609 545 1655 γέγονε·
573 1608 651 1643 τοὺς
668 1608 704 1642 δέ
722 1608 938 1643 πινακίσκους
954 1606 1031 1643 τοὺς
1049 1605 1198 1652 σαπροὺς

288 1661 366 1697 τοὺς
383 1660 562 1706 ἰχθυηροὺς
578 1660 743 1706 ἀργυροῦς
759 1658 906 1706 πάρεσθ’
926 1661 1019 1704 ὁρᾶν.
1244 1675 1246 1689 ¹
1264 1667 1332 1696 KA.

289 1716 309 1749 6
326 1713 355 1748 δ’
375 1713 468 1748 ἰπνὸς
484 1711 593 1758 γέγον’
611 1712 688 1756 ἡμῖν
705 1712 860 1756 ἐξαπίνης
877 1712 1107 1757 ἐλεφάντινος.
1162 1716 1222 1754 815

292 1767 460 1808 στατῆρσι
478 1764 506 1800 δ’
526 1765 558 1799 οἱ
576 1764 775 1810 θεράποντες
793 1764 989 1810 ἀρτιάζομεν
1264 1773 1326 1802 ΣΥ,

291 1870 383 1905 ἀλλὰ
400 1869 588 1915 σκοροδίοις
605 1868 669 1903 ὑπὸ
687 1869 818 1914 τρυφῆς
835 1869 1008 1903 ἑκάστοτε.

1366 1295 1598 1342 ὑποσχόμενος
1615 1296 1714 1334 οὗτος
1729 1297 1883 1343 ποιήσειν
1901 1297 2033 1338 εὐθέως,
2231 1301 2290 1342 863

1365 1347 1395 1382 εἰ
1411 1349 1514 1383 πάλιν
1530 1349 1756 1396 ἀναβλέψειεν
1773 1350 1811 1393 ἐξ
1828 1350 1954 1396 ἀρχῆς;
1982 1351 2002 1385 6
2019 1349 2056 1384 δὲ

1365 1401 1454 1435 πολὺ
1470 1403 1603 1445 μᾶλλον
1620 1401 1725 1438 ἐνίους
1743 1402 1836 1437 ἐστὶν
1854 1402 2077 1445 ἐξολωλεκώς.

1362 1453 1416 1487 καὶ
1432 1453 1505 1488 τίνα
1522 1454 1658 1501 δέδρακε
1675 1455 1756 1499 δῆτα
1773 1452 1884 1494 τοῦτ’;
1939 1459 2004 1489 ΣΥ.
2033 1453 2090 1498 ἐμὲ
2107 1453 2239 1488 τουτονί
2250 1466 2260 1494 ;

1361 1503 1382 1549 ἦ
1399 1508 1465 1540 τῶν
1481 1511 1632 1553 πονηρῶν
1647 1504 1737 1549 ἦσθα
1755 1506 1808 1541 καὶ
1825 1504 2061 1552 τοιχωρύχων;

1359 1558 1406 1602 μὰ
1425 1557 1492 1596 Δί’,
1511 1559 1551 1593 οὔ
1567 1560 1629 1603 μὲν
1645 1557 1704 1593 οὖν
1720 1558 1799 1593 ἔσθ’
1817 1559 1907 1605 ὑγιὲς
1924 1558 2013 1602 ὑμῶν
2029 1557 2173 1597 οὐδενὸς,
2230 1563 2293 1602 870

1365 1610 1444 1645 κούκ
1462 1610 1538 1645 ἔσθ’
1557 1611 1647 1647 ὅπως
1663 1611 1723 1645 οὐκ
1740 1610 1837 1656 ἔχετέ
1850 1623 1915 1655 μου
1931 1610 1974 1644 τὰ
1989 1608 2152 1655 χρήματα.

1364 1663 1408 1698 ὣς
1426 1664 1584 1710 σοβαρὸς,
1605 1663 1631 1698 ὦ
1649 1664 1814 1707 Δάματερ,
1833 1661 2052 1706 εἰσελήλυθεν

1365 1717 1384 1748 6
1403 1717 1626 1762 συκοφάντης.
1652 1721 1708 1750 ΔΙ.
1738 1715 1842 1759 δῆλον
1858 1713 1910 1749 ὅτι
1926 1715 2097 1759 βουλιμιᾷ.

1361 1768 1407 1802 σὺ
1422 1769 1483 1812 μὲν
1500 1768 1547 1804 εἷς
1564 1769 1689 1816 ἀγορὰν
1705 1767 1764 1802 ἰὼν
1780 1767 1906 1812 ταχέως
1923 1766 1982 1800 οὐκ
1999 1765 2040 1800 ἂν
2056 1764 2217 1811 φθάνοιςς

1366 1822 1420 1856 ἐπὶ
1438 1823 1497 1856 τοῦ
1514 1823 1639 1867 τροχοῦ
1657 1820 1722 1867 γὰρ
1739 1820 1790 1854 δεῖ
1806 1818 1839 1853 σ’
1857 1818 1925 1852 ἐκεῖ
1941 1815 2210 1863 στρεβλούμενον
2230 1821 2290 1862 875

1367 1873 1469 1909 εἰπεῖν
1485 1873 1507 1908 ἃ
1523 1871 1804 1918 πεπανούργηκας.
1860 1875 1930 1905 ΚΑ.
1959 1868 2127 1915 οἰμώξᾶρα
2143 1867 2200 1905 σύ.

292 1922 347 1957 καὶ
365 1924 422 1956 νῦν
439 1923 458 1956 6
476 1921 641 1964 δεσπότης
658 1921 719 1965 μὲν
735 1921 830 1955 ἔνδον
845 1919 1005 1962 βουθυτεῖ
1263 1932 1322 1961 ΔΙ.
1368 1927 1406 1970 νὴ
1424 1927 1481 1961 τὸν
1499 1926 1562 1960 Δία
1579 1926 1637 1960 τὸν
1655 1926 1799 1969 σωτῆρα,
1819 1924 1951 1957 πολλοῦ
1967 1919 1999 1968 γ’
2017 1920 2111 1964 ἄξιος

295 1971 334 2005 ὗν
352 1971 405 2004 καὶ
422 1971 545 2016 τράγον
562 1970 615 2004 καὶ
629 1970 720 2015 κριὸν
738 1968 1022 2014 ἐστεφανωμένος,
1168 1973 1228 2003 820
1365 1975 1471 2009 ἅπασι
1488 1976 1558 2008 τοῖς·
1569 1972 1739 2013 Ἕλλησιν
1756 1974 1774 2006 ὁ
1794 1971 1867 2007 θεὸς
1886 1970 1994 2008 οὗτος,
2014 1970 2043 2004 εἷ

296 2023 353 2067 ἐμὲ
371 2022 399 2057 δ’
419 2022 610 2067 ἐξέπεμψεν
627 2023 646 2056 ὁ
664 2023 798 2056 καπνός·
826 2020 891 2065 Οὗχ
909 2017 977 2055 Οἷός
995 2033 1032 2053 ΤΕ
1047 2019 1113 2066 ’γὰρ
1366 2027 1443 2062 τοὺς
1461 2026 1675 2070 συκοφάντας
1693 2023 1805 2066 ἐξολεῖ
1822 2022 1939 2057 κακοὺς
1957 2025 2072 2057 κακῶς.

295 2075 389 2109 ἔνδον
405 2076 514 2119 μένειν
530 2072 582 2117 ἦν·
611 2074 724 2109 ἔδακνε
740 2073 806 2119 γὰρ
823 2072 865 2107 Τὰ
880 2071 1042 2117 βλέφαρά
1058 2085 1135 2115 μου·
1264 2084 1325 2113 ΣΥ.
1362 2076 1451 2120 οἴμοι
1469 2078 1585 2112 τάλας·
1613 2080 1683 2120 μῶν
1701 2076 1754 2109 καὶ
1773 2074 1816 2109 σὺ
1834 2075 1982 2119 μετέχων
1999 2074 2201 2119 καταγελᾷς;
2236 2076 2298 2107 830

195 2131 252 2162 ΔΙ.
300 2126 381 2161 ἕπου
398 2125 468 2172 μετ’
487 2127 567 2170 ἐμοῦ
583 2126 769 2171 παιδάριον,
788 2123 841 2159 ἵνα
857 2126 941 2170 πρὸς
958 2124 1016 2158 τὸν
1034 2122 1110 2158 θεὸν
1367 2130 1437 2165 ἐπεὶ
1455 2129 1558 2164 πόθεν
1575 2128 1745 2171 θοίμάτιον
1762 2125 1910 2172 εἴληφας
1927 2126 2000 2160 τοδί
2013 2138 2022 2167 ;

294 2177 405 2222 ἴωμεν.
459 2184 529 2213 ΚΑ.
555 2179 603 2217 ἔα,
622 2177 672 2214 τίς
689 2176 767 2212 ἔσθ’
785 2179 804 2212 ὁ
821 2176 974 2223 προσιὼν
991 2175 1111 2210 οὑτοσί
1122 2187 1131 2216 3
1369 2182 1465 2227 ἐχθὲς
1484 2180 1511 2215 δ’
1531 2179 1637 2226 ἔχοντ’
1657 2177 1743 2215 εἶδόν
1762 2178 1795 2213 α’
1815 2179 1879 2224 ἐγὼ
1896 2178 2082 2224 τριβώνιον.

195 2236 252 2265 At.
298 2231 379 2277 ἀνὴρ
396 2232 559 2277 πρότερον
574 2231 635 2275 μὲν
651 2229 780 2268 ἅθλιος,
801 2231 858 2264 νῦν
875 2227 904 2263 δ’
925 2226 1076 2273 εὐτυχής.
1166 2231 1225 2273 825
1267 2240 1324 2269 ΔΙ,
1366 2234 1463 2268 οὐδὲν
1479 2236 1629 2279 προτιμῶ
1648 2246 1724 2266 σου.
1752 2231 1849 2277 φορῶ
1865 2230 1930 2276 γὰρ
1947 2231 2125 2276 πριάμενος

195 2287 265 2316 ΚΑ.
299 2283 402 2327 δῆλον
420 2282 471 2316 ὅτι
489 2286 554 2317 τῶν
570 2284 728 2328 χρηστῶν
745 2296 807 2320 τις,
827 2281 871 2316 ὡς
889 2281 1007 2320 ἔοικας,
1027 2276 1066 2314 εἷ.
1368 2287 1426 2320 τὸν
1443 2283 1619 2320 δακτύλιον
1636 2282 1727 2318 τονδὶ
1743 2282 1820 2329 παρ’
1839 2281 1992 2325 Εὐδήμου
2010 2282 2169 2327 δραχμῆς.

195 2340 252 2369 AI·
297 2333 448 2379 μάλιστ’.
499 2339 569 2369 KA-
598 2334 710 2370 ἔπειτα
726 2336 786 2368 'rofi
804 2333 891 2372 δέειῖ
1269 2345 1338 2374 ΚΑ.
1370 2336 1448 2372 ἀλλ’
1467 2337 1526 2372 οὐκ
1544 2337 1654 2371 ἕνεστι
1672 2336 1887 2380 συκοφάντου
1904 2333 2081 2380 δήγματος.
2237 2335 2298 2377 885

196 2392 253 2422 ΔΙ.
926 2385 1010 2431 πρὸς
1026 2384 1084 2419 τὸν
1101 2383 1176 2419 θεὸν
1268 2396 1331 2424 ΣΥ.
1370 2388 1421 2436 ἆρ’
1440 2389 1504 2434 οὐχ
1522 2386 1620 2434 ὕβρις
1637 2386 1727 2422 ταῦτ’
1747 2387 1821 2421 ἐστὶ
1837 2386 1950 2430 πολλή
1964 2398 1972 2425 ;
2002 2386 2205 2423 σκώπτετον,

296 2438 375 2483 ἥκω·
404 2439 559 2486 μεγάλων
575 2439 640 2485 γάρ
657 2438 799 2483 μούστὶν
816 2437 948 2484 ἀγαθῶν
965 2435 1080 2473 αἴτιος.
1371 2441 1390 2476 ὅ
1406 2455 1438 2476 τι
1457 2441 1492 2476 δὲ
1510 2443 1656 2475 ποιεῖτον
1674 2438 1780 2474 ἐνθάδ’
1799 2439 1859 2473 οὐκ
1876 2437 2056 2484 εἰρήκατον.

298 2491 363 2537 ἐγὼ
379 2491 445 2537 γὰρ
464 2490 574 2535 ἱκανὴν
591 2490 711 2525 οὐσίαν
726 2490 817 2536 παρὰ
834 2491 894 2523 τοῦ
909 2491 1036 2535 πατρὸς
1371 2495 1430 2528 οὐκ
1448 2492 1498 2528 ἐπ’
1517 2491 1632 2539 ἀγαθῷ
1648 2491 1714 2538 γὰρ
1732 2490 1839 2525 ἐνθάδ’
1858 2491 1958 2525 ἐστὸν
1975 2489 2094 2524 οὐδενί.

296 2544 414 2584 λαβὼν
431 2541 594 2588 ἐπήρκουν
609 2545 679 2578 τοῖς
697 2541 863 2586 δεομένοις
880 2544 946 2575 τῶν
962 2542 1085 2587 φίλων,
1165 2546 1227 2586 830
1271 2552 1340 2582 KA.
1370 2546 1416 2590 μὰ
1433 2546 1491 2580 τὸν
1509 2544 1565 2579 Δί’
1584 2546 1703 2578 οὔκουν
1720 2545 1766 2591 τῷ
1782 2558 1822 2590 γε
1841 2543 1903 2590 σῷ,
1923 2541 2009 2588 σάφ’
2026 2539 2066 2576 ’io
2091 2540 2102 2554 ‘
2120 2540 2182 2576 ὅτι.

301 2591 378 2630 ‘litat
396 2595 536 2639 νομίζων
551 2593 720 2640 χρήσιμον
736 2595 821 2640 πρὸς
838 2594 897 2628 Τὸν
913 2593 1002 2635 βίον·
1270 2604 1332 2633 ΣΥ.
1366 2598 1432 2633 ἀπὸ
1449 2601 1515 2631 τῶν
1533 2597 1618 2640 ἐμῶν
1634 2596 1700 2642 γὰρ
1718 2596 1770 2630 ναὶ
1786 2596 1833 2640 μὰ
1851 2595 1913 2630 Δία
1931 2593 2157 2638 δειπνήσετον.
2241 2597 2303 2636 890

194 2651 263 2682 ΚΑ.
293 2642 313 2691 ἦ
331 2645 397 2682 πού
415 2660 458 2681 σε
474 2646 601 2692 ταχέως
618 2646 779 2681 ἐπέλιπεν
796 2646 837 2680 τὰ
854 2644 1020 2691 χρήματα.
1271 2656 1328 2686 ΔΙ,
1370 2651 1413 2685 ὡς
1431 2649 1470 2693 δὴ
1487 2648 1532 2683 ’π’
1552 2648 1691 2693 ἀληθείᾳ
1709 2647 1754 2682 σὺ
1771 2647 1854 2692 μετὰ
1870 2649 1930 2681 τοῦ
1946 2647 2111 2693 μάρτυρος

194 2705 251 2734 ΔΙ.
297 2699 414 2744 κομιδῆ
432 2699 492 2743 μὲν
509 2697 580 2733 οὖν.
1374 2701 1593 2748 διαρραγείης,
1612 2701 1751 2744 μηδενός
1766 2698 1798 2745 γ’
1818 2698 2036 2744 ἐμπλήμενος·

198 2754 264 2784 ΚΑ.
602 2750 721 2785 οὐκοῦν
737 2750 820 2795 μετὰ
836 2748 926 2784 ταῦτ’
944 2747 1027 2794 ἦσθ’
1046 2749 1172 2786 ἅθλιος.
1271 2759 1334 2789 ΣΥ.
1369 2752 1565 2799 ἀρνεῖσθον;
1595 2753 1687 2787 ἔνδον
1705 2752 1808 2791 ἐστὶν,
1828 2750 1855 2786 ὦ
1871 2751 2077 2797 μιαρωτάτω.

195 2810 253 2838 ΔΙ.
300 2803 414 2848 κομιδῆ
432 2801 580 2847 μὲν-οὖν.
610 2802 699 2849 κάγὼ
716 2803 777 2846 μὲν
794 2800 885 2850 ᾤμην
901 2800 959 2837 οὓς
976 2802 1057 2838 τέως
1373 2804 1463 2840 πολὺ
1479 2806 1592 2850 χρῆμα
1609 2807 1761 2849 τεμαχῶν
1778 2804 1831 2838 καὶ
1848 2807 1951 2849 κρεῶν
1968 2803 2118 2848 ὦπτημεν
2126 2818 2166 2838 ω’

297 2855 502 2901 εὐηργέτησα
519 2854 692 2898 δεομένους
710 2854 796 2898 ἕξειν
812 2854 938 2900 φίλους
1166 2860 1225 2900 835
1374 2857 1394 2892 ὓ
1410 2856 1431 2891 ὗ
1448 2856 1468 2892 ὓ
1485 2856 1505 2891 ὗ
1522 2856 1542 2890 ὓ
1559 2855 1579 2890 ὗ
1596 2855 1616 2890 ὒ
1634 2855 1654 2890 ὗ
1671 2855 1691 2890 ὓ
1709 2855 1728 2890 ὗ
1745 2855 1766 2890 ὓ
1783 2854 1815 2890 ὗ.
2245 2859 2304 2899 895

297 2907 399 2941 ὅντως
415 2907 587 2948 βεβαίους,
607 2905 636 2940 εἶ
654 2906 802 2950 δεηθείην
818 2906 912 2941 ποτέ”
1272 2916 1345 2947 KA.
1372 2909 1577 2952 κακόδαιμον,
1598 2907 1775 2954 ὀσφραίνει
1793 2919 1846 2947 τι;

297 2959 328 2993 οἱ
347 2959 374 2994 δ’
395 2958 610 3004 ἐξετρέποντο
629 2958 707 2992 κούκ
726 2958 861 2993 ἐδόκουν
877 2959 958 3005 ὁρᾶν
973 2957 1008 3003 μ’
1026 2955 1096 2995 ἕτι.’
1274 2967 1330 2997 ΔΙ.
1863 2962 1923 2996 τοῦ
1940 2960 2075 3007 ψύχους
2091 2959 2124 3008 γ’
2142 2958 2238 2999 ἴσως,

196 3015 264 3047 ΚΑ.
296 3011 348 3050 καὶ
366 3009 553 3061 κατεγέλων
571 3010 611 3053 δ’,
631 3008 668 3044 εὖ
685 3007 746 3045 οἶδ’
766 3010 828 3047 ὅτι.
1377 3013 1448 3048 ἐπεὶ
1465 3014 1615 3047 τοιοῦτόν
1631 3011 1662 3059 γ’
1682 3012 1864 3058 ἀμπέχεται
1881 3014 2070 3059 τριβώνιον.

196 3072 253 3102 AI.
857 3063 972 3108 κομιδῆ
990 3064 1050 3107 μὲν
1067 3062 1136 3098 οὖν.
1276 3071 1338 3100 ΣΥ.
1373 3064 1461 3099 ταῦτ’
1481 3063 1539 3098 οὖν
1557 3062 1713 3110 ἀνασχέτ’
1733 3065 1836 3104 ἐστὶν,
1856 3063 1882 3099 ὦ
1900 3067 1962 3099 Ζεῦ
1980 3065 2034 3100 καὶ
2051 3064 2133 3104 θεοὶ,

298 3119 427 3164 αὐχμὸς
443 3119 509 3164 γὰρ
528 3118 573 3152 ὣν
590 3121 656 3152 τῶν
673 3116 856 3163 σκευαρίων
872 3115 905 3161 μ’
924 3116 1112 3151 ἀπώλεσεν.
1378 3115 1515 3152 τούτους
1532 3116 1681 3161 ὑβρίζειν
1697 3115 1744 3152 εἰς
1761 3115 1832 3161 ἔμ“;
1861 3114 1926 3161 οἴμ’
1945 3116 1989 3153 ὧς
2006 3116 2151 3162 ἄχθομαι

196 3175 264 3207 ΚΑ.
293 3170 372 3206 ἀλλ’
390 3171 467 3216 οὐχὶ
485 3173 553 3205 νῦν.
1166 3172 1228 3209 840
1378 3168 1430 3202 ὅτι
1446 3168 1596 3214 χρηστὸς
1613 3166 1659 3202 ὢν
1675 3168 1729 3202 καὶ
1745 3169 1932 3214 φιλόπολις
1947 3169 2072 3214 πάσχω
2090 3170 2206 3205 κακῶς.
2248 3180 2307 3211 900

197 3228 252 3259 ΔΙ.
575 3219 649 3256 ἀνθ’
669 3221 714 3255 ὧν
731 3221 796 3267 ἐγὼ
814 3220 897 3265 πρὸς
913 3220 971 3254 τὸν
989 3219 1064 3254 θεὸν
1285 3226 1339 3254 ΔΙ.
1378 3219 1422 3253 σὺ
1435 3220 1622 3264 φιλόπολις
1634 3220 1687 3254 καὶ
1703 3222 1875 3266 χρηστός;
1903 3225 1968 3255 ΣΥ.
1990 3221 2035 3256 ὣς
2047 3220 2155 3256 οὐδείς
2166 3219 2199 3266 γ’
2214 3218 2307 3266 ἀνήρ.

298 3275 565 3322 προσευξόμενος
582 3273 650 3318 ἥκω
668 3273 799 3309 δικαίως
817 3271 943 3307 ἐνθάδε.
1283 3279 1336 3307 ΔΙ.
1379 3271 1432 3305 καὶ
1449 3271 1514 3315 μὴν
1531 3270 1748 3318 ἐπερωτηθεὶς
1765 3272 1940 3319 ἀπόκριναί
1955 3287 2024 3317 μοι,
2078 3277 2143 3307 ΣΥ.
2171 3273 2211 3307 τὸ
2228 3272 2282 3310 τί;

196 3332 262 3364 ΚΑ.
295 3330 333 3363 τὸ
351 3329 528 3374 τριβώνιον
544 3326 581 3360 δὲ
599 3325 631 3359 τί
649 3323 781 3360 δύναται
798 3325 882 3369 πρὸς
899 3324 957 3358 τὸν
974 3323 1060 3362 θεὸν,
1282 3332 1336 3359 ΔΙ.
1377 3323 1524 3369 γεωργὸς
1541 3320 1590 3362 εἰ;
1646 3328 1710 3359 ΣΥ.
1739 3326 1956 3371 μελαγχολᾶν
1972 3323 2006 3368 μ’
2025 3322 2130 3360 οὕτως
2146 3322 2230 3362 offen

299 3380 317 3414 ὃ
335 3379 432 3426 φέρει
449 3379 532 3423 μετὰ
550 3379 615 3412 σοῦ
632 3377 670 3411 τὸ
689 3377 863 3422 παιδάριον
880 3375 994 3414 τουτί;
1023 3376 1170 3420 φράσον.
1253 3365 1256 3435 l
1285 3384 1341 3413 Δῐ.
1378 3374 1455 3408 ἀλλ’
1474 3375 1617 3420 ἔμπορος
1633 3388 1641 3415 ;
1671 3380 1735 3410 ΣΥ.
1756 3376 1819 3415 ναὶ,
1840 3375 2031 3420 σκήπτομαί
2045 3374 2091 3421 γ’,
2110 3375 2189 3411 ὅταν
2205 3374 2306 3420 τύχω.

199 3439 254 3468 ΔΙ.
297 3433 349 3467 καὶ
366 3430 454 3466 τοῦτ’
473 3428 648 3474 ἀναθήσων
665 3429 804 3474 ἔρχομαι
821 3428 906 3473 πρὸς
921 3428 980 3462 τὸν
997 3426 1084 3461 θεόν.
1283 3437 1336 3465 ΔΙ.
1379 3426 1412 3459 τί
1428 3426 1503 3465 δαί;
1532 3426 1651 3471 τέχνην
1667 3427 1726 3461 τιν’
1746 3428 1864 3472 ἔμαθες
1878 3440 1887 3467 ;
1948 3432 2011 3462 ΣΥ.
2041 3427 2081 3461 οὗ
2095 3427 2142 3472 μὰ
2157 3428 2216 3462 τὸν
2234 3427 2306 3462 Δία.

198 3489 264 3517 ΚΑ.
295 3487 365 3528 μῶν
383 3481 558 3528 ε’νεμυήθης
575 3480 645 3526 δῆτ’
664 3481 700 3515 ἐν
716 3480 804 3527 αὐτῷ
821 3480 862 3514 τὰ
878 3479 1028 3525 μεγάλα;
1165 3483 1224 3522 845
1282 3489 1338 3518 ΔΙ.
1373 3481 1443 3514 πῶς
1461 3476 1519 3512 οὖν
1536 3478 1642 3522 διέζης
1657 3477 1677 3523 ἢ
1696 3478 1799 3514 πόθεν
1815 3479 1917 3524 μηδὲν
1932 3482 2058 3522 ποιῶνς
2250 3482 2311 3524 906

199 3542 254 3571 ΔΙ.
296 3536 366 3576 οὒκ,
386 3533 464 3570 ἀλλ’
483 3530 674 3579 ἐνερρίγωσ’
691 3533 747 3578 ἔτη
764 3531 982 3579 τριακαίδεκα.
1251 3547 1255 3564 ι
1283 3535 1343 3566 ΣΥ.
1382 3533 1447 3565 τῶν
1463 3531 1521 3576 τῆς
1538 3530 1669 3566 πόλεώς
1687 3528 1749 3576 εἰμ’
1767 3530 1966 3577 ἐπιμελητὴς
1981 3531 2182 3579 πραγμάτων
