2488 3860
1071 267 1361 312 ΠΛΟΥΤΟΣ

260 362 403 408 φάσκων
418 361 556 406 βοηθεῖν
573 365 643 399 τοῖς
660 362 885 408 ἀδικουμένοις
902 364 965 398 ἀεί.
1109 367 1190 397 1026

255 415 289 449 τί
303 417 369 461 γὰρ
389 414 539 460 ποιήσῃς
573 416 693 461 φράζε,
713 416 766 450 καὶ
782 415 996 462 πεπράξεται.

262 467 446 513 ἀναγκάσαι
464 467 588 501 δίκαιόν
606 467 681 502 ἐστι
699 467 736 512 νὴ
755 466 819 502 Δία

257 519 315 554 τὸν
332 517 369 552 εὖ
385 518 527 554 παθόνθ’
546 518 600 553 ὑπ’
620 519 700 564 ἐμοῦ
717 521 820 555 πάλιν
835 518 870 565 μ’
889 520 1103 556 ἀντευποιεῖν·

157 420 223 450 xP.

158 473 221 501 ΓΡ.

1249 423 1315 453 ΧΡ.

2202 270 2284 312 589

1351 366 1416 400 ὕπὸ
1434 366 1560 411 μυρίων
1577 367 1659 399 ἐτῶν
1676 379 1714 399 τε
1733 367 1785 400 καὶ
1802 365 2015 412 τρισχιλίων.

1349 417 1437 461 ὅμως
1455 416 1483 452 δ’
1503 417 1614 461 ἐπειδὴ
1634 417 1686 451 καὶ
1704 418 1761 451 τὸν
1779 414 1868 452 οἶνον
1884 416 1998 462 ἠξίους

1349 469 1466 509 πίνειν,
1489 468 1682 513 ξυνεκποτέ’
1702 469 1777 503 ἐστι’
1795 484 1851 503 σοι
1871 472 1923 504 καὶ
1941 470 1999 514 τὴν
2017 467 2134 515 τρύγα.
2207 470 2263 502 108
2267 480 2283 511 5

1250 527 1349 557 NEA.
1378 521 1455 556 ἀλλ’
1475 522 1549 555 ἔστι
1568 522 1683 565 κομιδῆ
1702 521 1784 566 τρὺξ
1801 523 1927 556 παλαιὰ
1945 523 1997 556 καὶ
2016 521 2141 567 σαπρά.

256 569 276 615 ἢ
293 570 367 615 μηδ’
387 572 497 605 ὁτιοῦν
513 570 639 617 ἀγαθὸν
656 572 780 608 δίκαιός
798 571 868 607 ἐστ’
887 573 988 617 ἔχειν.
1111 585 1190 615 1030
1246 578 1314 608 ’ΧΡ.
1347 574 1467 607 οὐκοῦν
1484 571 1663 618 τρύγοιπος
1680 575 1783 606 ταῦτα
1799 573 1892 608 πάντ’
1913 573 2054 608 ἰάσεται.

156 627 222 657 ΧΡ.
255 624 374 657 οὔκουν
391 621 466 657 καθ’
486 623 628 666 ἑκάστην
644 623 802 659 ἀπεδίδου
819 624 879 668 τὴν
896 623 995 659 νύκτα
1014 636 1092 664 σοι;
1247 631 1348 660 ΝΕΑ.
1378 624 1455 659 ἀλλ’
1475 623 1578 659 εἴσιθ’
1598 622 1691 659 εἵσω·
1721 626 1767 671 τῷ
1787 625 1850 673 θεῷ
1867 626 1932 680 γὰρ
1949 625 2118 668 βούλομαι

155 679 217 709 ΓΡ.
258 673 336 709 ἀλλ’
355 674 515 709 οὐδέποτέ
530 689 572 719 με
590 676 700 717 ζῶσαν
717 675 920 722 ἀπολείψειν
936 677 1014 722 ἔφη.
1349 677 1457 711 ἐλθὼν
1473 676 1639 711 ἀναθεῖναι
1657 676 1734 712 τοὺς
1754 678 1943 722 στεφάνους
1960 676 2074 711 τούσδ’
2094 675 2151 711 οὓς
2169 676 2249 720 ἔχω.

154 731 222 761 ΧΡ.
254 725 362 772 ὀρθῶς
377 735 429 773 γε·
459 727 550 762 νυνδί
568 726 602 761 σ’
621 727 730 762 οὐκέτι
748 728 806 772 ζῆν
823 726 938 762 οἴεται.
1247 734 1306 763 ΓΡ.
1348 729 1414 775 ἐγὼ
1432 728 1471 763 δέ
1484 730 1517 774 γ’
1534 729 1623 776 αὐτῷ
1641 729 1693 762 καὶ
1711 729 1843 774 φράσαι
1860 743 1892 763 τι
1909 727 2090 774 βούλομαι.
2207 740 2285 771 1090

155 783 218 814 ΓΡ.
259 778 323 813 ὑπὸ
341 781 401 813 τοῦ
417 778 483 825 γὰρ
501 779 629 825 ἄλγους
647 779 846 824 κατατέτηκ’,
867 779 893 814 ὦ
911 779 1068 825 φίλτατε.
1247 786 1347 815 ΝΕΑ.
1378 781 1443 827 ἐγὼ
1462 781 1500 815 δέ
1514 779 1546 826 γ’
1566 781 1626 815 οὐκ
1643 778 1778 825 ε’ίσειμι.

154 835 222 865 ΧΡ.
254 829 326 870 οὒκ,
346 831 437 865 ἀλλὰ
455 831 702 875 κατασέσηπας,
722 832 766 867 ὥς
781 831 814 878 γ’
833 832 906 877 ἐμοὶ
924 832 1041 868 δοκεῖς.
1111 845 1186 875 1033
1245 837 1312 867 XP.
1754 832 1880 879 θάρρει,
1898 832 1943 877 μὴ
1961 834 2091 879 φοβοῦ.

155 888 218 917 ΓΡ.
260 883 315 917 διὰ
332 883 510 918 δακτυλίου
526 884 588 928 μὲν
605 882 663 918 οὖν
681 884 742 929 ἐμέ
757 883 788 929 γ’
809 883 849 919 ἂν
867 883 1069 921 διελκύσαις.
1347 884 1387 919 οὗ
1403 884 1469 931 γὰρ
1486 885 1658 927 βιάσεται.

154 940 222 969 ΧΡ.
255 933 285 969 εἶ
302 936 461 982 τυγχάνοι
478 934 511 981 γ’
529 938 548 970 ὁ
567 934 742 971 δακτύλιος
759 935 805 970 ὧν
822 935 933 980 τηλία.
1245 942 1346 972 ΝΕΑ.
1682 937 1768 971 πάνυ
1786 938 1893 972 καλῶς
1912 936 2022 971 τοίνυν
2038 939 2161 983 λέγεις.

156 992 219 1022 ΓΡ.
258 987 312 1021 καὶ
328 987 393 1032 μὴν
410 988 448 1021 τὸ
466 988 635 1034 μειράκιον
651 988 725 1022 τοδὶ
741 988 979 1034 προσέρχεται,
1349 989 1459 1024 ἱκανὸν
1475 989 1541 1036 γὰρ
1559 988 1660 1034 αὐτὴν
1676 991 1840 1035 πρότερον
1858 989 2058 1023 ὑπεπίττουν
2074 990 2208 1035 χρόνον.

258 1038 361 1086 οὗπερ
378 1041 484 1074 πάλαι
502 1042 736 1087 κατηγοροῦσα
752 1041 919 1087 τυγχάνω·
1244 1046 1305 1076 ΓΡ.
1346 1040 1471 1084 βάδιζ’·
1488 1042 1554 1088 ἐγὼ
1572 1041 1611 1076 δέ
1628 1055 1692 1075 σου
1710 1043 1847 1075 κατόπιν
1865 1040 2073 1087 εἰσέρχομαι.

259 1092 345 1126 ἔοικε
363 1091 391 1126 δ’
411 1091 465 1126 ἐπὶ
483 1095 593 1137 κῶμον
608 1092 767 1135 βαδίζειν.
1112 1105 1190 1134 1040
1243 1098 1311 1127 ΧΡ.
1345 1093 1389 1129 ὣς
1407 1094 1558 1133 εὐτόνως,
1579 1093 1604 1127 ὦ
1622 1095 1684 1127 Ζεῦ
1701 1095 1859 1136 βασιλεῦ,
1880 1094 1918 1127 τὸ
1936 1092 2074 1139 γρᾴδιον
2201 1107 2257 1137 101)
2264 1105 2279 1136 5

156 1149 223 1178 ΧΡ.
792 1144 958 1190 φαίνεται.
1347 1146 1463 1192 ὥσπερ
1481 1146 1587 1181 λεπὰς
1604 1146 1650 1193 τῷ
1667 1146 1822 1192 μειρακίῳ
1841 1145 2082 1191 προσίσχεται.

260 1196 451 1242 στεφάνους
466 1197 508 1242 γέ
525 1211 578 1231 τοι
596 1197 649 1231 καὶ
667 1196 738 1242 δᾷδ’
757 1197 845 1242 ἔχων
861 1195 1047 1243 πορεύεται.
1245 1202 1314 1232 ΚΑ.
1347 1198 1398 1233 τίς
1415 1197 1493 1232 ἔσθ’
1513 1200 1531 1232 ὁ
1550 1199 1679 1232 κόπτων
1696 1198 1755 1241 τὴν
1773 1197 1875 1244 θύραν
1890 1210 1898 1236 ;
1927 1198 2019 1231 τουτὶ
2038 1197 2071 1231 τί
2088 1195 2126 1240 ἧν
2143 1209 2151 1236 ;

157 1252 259 1283 NEA.
288 1249 492 1294 ἀσπάζομαι.
549 1255 611 1284 ΓΡ.
640 1249 674 1283 τί
690 1250 821 1295 φησιν;
1346 1250 1452 1285 οὐδεὶς
1470 1251 1586 1284 ἔοικεν·
1616 1250 1706 1284 ἀλλὰ
1725 1250 1807 1294 δῆτα
1825 1251 1863 1284 τὸ
1883 1248 1997 1296 θύριον

156 1304 259 1335 ΝΕΑ.
838 1301 961 1348 ἀρχαία
978 1301 1078 1347 φίλη,
1345 1301 1578 1348 φθεγγόμενον
1594 1302 1708 1337 ἄλλως
1726 1303 1885 1347 κλαυσιᾷ.

259 1353 363 1388 πολιὰ
379 1353 558 1400 γεγένησαι
576 1351 662 1399 ταχύ
678 1368 719 1400 γε
736 1353 773 1398 νὴ
792 1354 850 1388 τὸν
867 1354 1017 1399 οὐρανόν.
1243 1359 1308 1388 ΕΡ.
1919 1355 1962 1389 σέ
1979 1368 2030 1388 τοι
2047 1353 2150 1400 λέγω,

157 1411 220 1441 ΓΡ.
261 1404 386 1440 τάλαιν’
407 1406 472 1451 ἐγὼ
490 1408 548 1450 τῆς
565 1404 686 1452 ὕβρεος
702 1405 741 1450 ἧς
758 1405 949 1452 ὑβρίζομαι.
1345 1405 1370 1439 ὦ
1389 1406 1530 1452 Καρίων,
1551 1406 1734 1451 ἀνάμεινον.
2203 1419 2281 1441 1100

156 1463 224 1492 ΧΡ.
257 1458 343 1492 ἔοικε
361 1458 415 1493 διὰ
432 1459 565 1493 πολλοῦ
582 1459 706 1504 χρόνου
725 1457 757 1492 σ’
778 1457 955 1504 ἑορακέναι.
1117 1471 1192 1501 ¹045
1242 1463 1311 1492 KA.
1760 1457 1868 1498 οὗτος,
1889 1457 1963 1493 εἶπέ
1977 1472 2046 1503 μοι,

157 1516 220 1545 ΓΡ.
260 1510 360 1545 ποίου
376 1512 512 1555 χρόνου,
531 1509 725 1549 ταλάνταθ’,
745 1509 782 1546 ὃς
799 1509 876 1556 παρ’
896 1510 970 1555 ἐμοὶ
986 1509 1067 1556 χθὲς
1084 1507 1144 1554 ἦν;
1215 1509 1217 1542 Ε
1344 1510 1389 1545 σὺ
1407 1510 1465 1554 τὴν
1483 1510 1586 1556 θύραν
1603 1511 1739 1546 ἔκοπτες
1757 1510 1883 1545 οὑτωσὶ
1903 1511 2040 1557 σφόδρα
2058 1523 2065 1550 ;

157 1567 224 1597 ΧΡ.
257 1562 448 1597 τούναντίον
464 1561 608 1597 πέπονθε
626 1563 696 1598 τοῖς
712 1564 856 1598 πολλοῖς
874 1562 951 1608 ἄρα·
1214 1580 1216 1615 1
1240 1568 1304 1597 ΕΡ.
1342 1563 1389 1608 μὰ
1407 1562 1475 1602 Δί’,
1494 1562 1570 1597 ἀλλ’
1590 1564 1744 1607 ἔμελλον·
1773 1559 1830 1597 εἶτ’
1850 1563 1995 1610 ἀνέῳξάς
2012 1578 2053 1607 με
2072 1561 2223 1608 φθάσας.

259 1612 390 1658 μεθύων
406 1614 483 1661 γὰρ,
504 1614 548 1650 ὡς
565 1615 680 1654 ἔοικεν,
700 1613 859 1660 ὀξύτερον
875 1615 1010 1656 βλέπει.
1341 1614 1419 1649 ἀλλ’
1440 1615 1571 1650 ἐκκάλει
1588 1616 1646 1649 τὸν
1664 1615 1832 1659 δεσπότην
1849 1615 1978 1661 τρέχων
1995 1614 2093 1660 ταχὺ,

158 1671 222 1702 ΓΡ.
263 1665 334 1706 οῦκ,
354 1664 434 1701 ἀλλ’
454 1666 643 1702 ἀκόλαστός
661 1667 755 1701 ἐστιν
773 1667 823 1701 ἀεὶ
840 1666 918 1702 τοὺς
935 1669 1091 1713 τρόπους.
1340 1668 1453 1702 ἔπειτα
1470 1667 1529 1710 τὴν
1546 1668 1683 1713 γυναῖκα
1701 1668 1754 1701 καὶ
1776 1668 1817 1701 τὰ
1834 1667 1960 1707 παιδία,

159 1724 261 1754 ΝΕΑ.
290 1718 316 1752 ὦ
334 1718 606 1753 Ποντοπόσειδον
624 1719 677 1753 καὶ
695 1718 766 1754 θεοὶ
782 1720 1015 1765 πρεσβυτικοὶ,
1118 1732 1196 1763 1050
1340 1720 1454 1754 ἔπειτα
1471 1719 1548 1755 τοὺς
1566 1719 1783 1765 θεράποντας,
1803 1716 1873 1753 εἶτα
1891 1719 1950 1763 τὴν
1968 1716 2058 1758 κύνα,
2200 1733 2211 1754 1
2223 1733 2256 1754 10
2259 1732 2275 1763 5

262 1771 297 1804 ἐν
314 1774 360 1819 τῷ
378 1771 551 1818 προσώπῳ
569 1773 635 1806 τῶν
650 1770 794 1818 ῥυτίδων
811 1770 895 1807 ὅσας
912 1772 995 1817 ἕχει.
1337 1771 1452 1806 ἔπειτα
1472 1772 1607 1812 σαυτὸν,
1628 1767 1698 1806 εἶτα
1711 1771 1771 1815 τὴν
1789 1770 1839 1806 ὗν.

159 1828 222 1858 rP.
250 1821 286 1856 3
303 1821 336 1863 a,
1211 1812 1216 1906 Ι
1238 1827 1308 1858 KA.
1863 1822 1937 1859 εἰπέ
1951 1838 2020 1868 μοι,

261 1874 321 1919 τὴν
338 1875 422 1920 δᾷδα
439 1874 482 1919 μή
501 1888 558 1919 μοι
575 1874 760 1922 πρόσφερ’.
1340 1874 1373 1909 τί
1391 1874 1420 1910 δ’
1438 1877 1555 1916 ἕστιν;

161 1930 228 1962 ΧΡ.
786 1926 823 1962 εὖ
840 1927 951 1970 μέντοι
968 1928 1072 1970 λέγει.
1211 1910 1215 1990 Ι
1237 1930 1302 1960 ΕΡ.
1563 1930 1582 1962 ὁ
1600 1927 1691 1968 Ζεὺς,
1711 1926 1737 1961 ὦ
1754 1927 1890 1974 πονηρὲ,
1909 1925 2071 1970 βούλεται

265 1982 322 2017 ἐὰν
337 1982 403 2029 γὰρ
421 1981 521 2026 αὐτὴν
539 1979 586 2018 εἷς
603 1983 703 2026 μόνος
721 1980 864 2026 σπινθὴρ
883 1981 986 2023 λάβῃ,
1340 1974 1374 2011 ἐς
1391 1978 1510 2012 ταυτὸν
1527 1978 1611 2023 ὑμᾶς
1629 1978 1842 2025 συγκυκήσας
1859 1982 2022 2027 τρυβλίον

266 2034 381 2080 ὥσπερ
398 2035 543 2069 παλαιὰν
560 2034 751 2080 εἰρεσιώνην
769 2031 938 2066 καύσεται.
1118 2042 1197 2074 1054
1213 2046 1215 2049 ·
1339 2029 1574 2071 ἁπαξάπαντας
1592 2030 1638 2066 εἷς
1655 2032 1693 2065 τὸ
1711 2032 1883 2078 βάραθρον
1900 2033 2070 2075 ἐμβαλεῖν.

163 2090 265 2122 ΝΕΑ.
293 2085 412 2128 βούλει
424 2086 477 2120 διὰ
490 2088 614 2131 χρόνου
624 2087 707 2131 πρός
717 2099 758 2129 με
768 2085 905 2123 παῖσαι;
925 2088 988 2118 ΓΡ.
1001 2084 1070 2122 ποῖ,
1077 2083 1193 2122 τάλαν,
1237 2082 1308 2113 ΚΑ.
1341 2078 1361 2122 ἡ
1379 2082 1516 2126 γλῶττα
1533 2084 1579 2130 τῷ
1598 2082 1712 2129 κήρυκι
1729 2083 1855 2118 τούτων
1871 2085 2031 2130 γίγνεται.
2192 2098 2272 2120 1110

163 2143 265 2172 NEA.
293 2138 404 2180 αὐτοῦ,
423 2139 582 2180 λαβοῦσα
599 2138 712 2184 κάρυα.

163 2195 266 2225 ΝΕΑ.
293 2191 422 2226 πόσους
439 2191 526 2235 ἔχεις
542 2190 690 2226 ὀδόντας.

161 2245 228 2277 ΧΡ.

767 2141 829 2171 ΓΡ.
859 2135 992 2170 παιδιὰν
1009 2134 1082 2169 τίνα
1093 2147 1102 2175 ;
1210 2136 1214 2211 ‘

712 2241 803 2276 ἀλλὰ
818 2240 992 2288 γνώσομαι
1037 2234 1041 2261 ’·

265 2293 400 2340 κᾶγωγ’·
428 2294 498 2340 ἕχει
514 2294 580 2340 γὰρ
597 2295 685 2340 τρεῖς
702 2291 787 2329 ἴσως
803 2292 823 2338 ἢ
841 2293 1014 2338 τέτταρας.

162 2350 263 2381 ΝΕΑ.
292 2346 466 2381 ἀπότισον·
497 2345 553 2380 ἕνα
569 2346 634 2393 γὰρ
650 2347 800 2392 γόμφιον
815 2346 918 2390 μόνον
934 2345 1047 2390 φορεῖ.

161 2402 223 2432 ΓΡ.
264 2398 437 2433 ταλάντατ’
456 2398 595 2443 ἀνδρῶν,
614 2398 679 2443 οὐχ
696 2397 853 2443 ὑγιαίνειν
868 2409 926 2440 μοι
944 2396 1061 2435 δοκεῖς,
1110 2397 1189 2430 1060

261 2451 388 2485 πλυνόν
404 2465 445 2495 με
461 2453 566 2485 ποιῶν
583 2450 618 2484 ἐν
634 2449 812 2485 τοσούτοις
829 2448 989 2494 ἀνδράσιν

161 2505 262 2536 ΝΕΑ.
290 2500 380 2536 ὄναιο
398 2502 528 2547 μέντᾶν,
548 2499 579 2535 εἴ
594 2515 643 2538 τις
661 2499 833 2536 ἐκπλύνειέ
850 2515 904 2535 σε.
1234 2498 1306 2530 KA-

160 2558 226 2588 ΧΡ.
260 2554 299 2588 οὐ
318 2554 400 2597 δῆτ’,
420 2554 491 2588 ἐπεὶ
509 2555 566 2587 νῦν
582 2554 642 2597 μὲν
659 2554 848 2597 καπηλικῶς
864 2553 946 2597 ἔχει,
1207 2583 1209 2600 Ι

262 2605 290 2639 εἶ
308 2605 337 2640 δ’
356 2606 563 2640 ἐκπλυνεῖται
580 2608 679 2639 τοῦτο
697 2606 735 2639 τὸ
752 2603 928 2651 ψιμύθιον,
1207 2601 1209 2637 Ι
1233 2603 1298 2633 ΕΡ·

264 2657 345 2703 ὄψει
363 2658 530 2700 κατάδηλα
547 2659 606 2691 τοῦ
623 2658 808 2702 προσώπου
825 2656 867 2690 τὰ
883 2655 980 2701 ῥάκῃ.
1115 2657 1191 2701 1065

160 2714 222 2743 ΓΡ.
262 2710 369 2755 γέρων
386 2708 467 2754 ἀνὴρ
486 2708 530 2742 ὢν
547 2708 611 2753 οὐχ
629 2708 785 2755 ὑγιαίνειν
801 2721 858 2752 μοι
876 2708 995 2742 δοκεῖς.
1232 2707 1297 2737 ΕΡ-

160 2765 259 2795 ΝΕΛ.
287 2763 385 2807 πειρᾷ
401 2761 462 2805 μὲν
478 2759 537 2794 οὖν
553 2758 637 2795 ἴσως
655 2774 696 2794 σε
714 2760 767 2794 καὶ
784 2762 849 2794 τῶν
866 2759 999 2793 τιτθίων

260 2812 444 2857 ἐφάπτεταί
461 2826 525 2846 σου
542 2811 716 2846 λανθάνειν
733 2812 838 2846 δοκῶν
855 2811 924 2855 ἐμέ.

160 2869 218 2898 ΓΡ.
259 2865 306 2908 μὰ
323 2864 382 2907 τὴν
399 2863 613 2909 Ἀφροδίτην,
633 2863 692 2897 οὐκ
711 2864 790 2908 ἐμοῦ
807 2862 852 2909 γ’,
873 2862 898 2896 ὦ
914 2862 1060 2908 βδελυρὲ
1078 2861 1135 2898 σύ.

158 2921 222 2949 ΧΡ.
255 2917 302 2959 μὰ
319 2916 378 2960 τὴν
393 2915 542 2956 Ἑκάτην,
563 2916 601 2948 οὐ
620 2916 712 2959 δῆτα·
741 2915 915 2959 μαινοίμην
931 2915 997 2960 γὰρ
1014 2914 1065 2949 ἅν.
1107 2926 1186 2959 1070

258 2967 348 3007 ἀλλ’,
369 2967 394 3001 ὦ
413 2966 568 3006 νεανίσκ’,
588 2967 646 3001 οὐκ
665 2967 708 3001 ἐῶ
725 2966 784 3010 τὴν
802 2967 940 3011 μείρακα

257 3022 368 3063 μισεῖν
386 3033 427 3054 σε
444 3017 576 3062 ταύτην.
632 3023 733 3052 ΝΕΑ.
762 3018 839 3053 ἀλλ’
858 3017 955 3064 ἔγωγ’
975 3018 1162 3063 ὑπερφιλῶ.
1232 3018 1297 3048 ΕΡ·

155 3076 221 3105 ΧΡ.
255 3072 308 3106 καὶ
324 3071 389 3115 μὴν
406 3072 580 3116 κατηγορεῖ
595 3070 636 3116 γέ
654 3084 730 3104 σου.
785 3075 885 3104 NEA.
915 3069 949 3103 τί
966 3072 1161 3116 κατηγορεῖ;

155 3127 222 3156 ΧΡ.
256 3119 339 3157 εἷναί
357 3122 391 3157 σ’
410 3120 576 3168 ὑβριστήν
594 3123 683 3167 φησι
701 3122 754 3156 καὶ
770 3121 883 3167 λέγειν
901 3120 952 3155 ὅτι
1232 3122 1302 3152 ΚΑ.

255 3175 360 3209 πάλαι
377 3174 450 3209 ποτ’
470 3172 557 3217 ἦσαν
574 3174 708 3217 ἄλκιμοι
727 3172 902 3217 Μιλήσιοι.
1113 3185 1187 3218 ¹075
1231 3175 1296 3203 EP.

154 3230 257 3261 NEA.
285 3227 350 3272 ἐγὼ
367 3226 443 3272 περὶ
461 3224 580 3269 ταύτης
597 3225 636 3258 οὐ
653 3225 823 3269 μαχοῦμαί
841 3239 910 3260 σοι.
969 3230 1035 3259 ΧΡ.
1065 3226 1103 3259 τὸ
1122 3227 1174 3265 τί;
1232 3226 1302 3254 KA-

155 3282 256 3313 NEA.
284 3278 524 3323 αἰσχυνόμενος
541 3277 600 3321 τὴν
617 3276 747 3320 ἡλικίαν
764 3276 823 3320 τὴν
841 3277 916 3320 σὴν,
937 3277 1007 3311 ἐπεὶ
1232 3278 1295 3306 ΕΡ.

255 3330 314 3363 οὐκ
332 3330 371 3364 ἅν
389 3328 461 3364 ποτ’
481 3329 577 3376 ἄλλῳ
595 3330 693 3362 τοῦτό
710 3326 741 3373 γ’
761 3327 940 3373 ἐπέτρεπον
956 3330 1074 3362 ποιεῖν·
1232 3329 1302 3359 KA-

254 3383 311 3416 νῦν
329 3380 356 3415 δ’
376 3381 468 3415 ἄπιθι
485 3380 612 3425 χαίρων
630 3380 815 3420 συλλαβὼν
832 3379 891 3423 τὴν
907 3380 1056 3426 μείρακα.
1231 3382 1295 3409 ΕΡ-

152 3437 216 3467 ΧΡ.
252 3430 313 3467 οἶδ’
332 3430 406 3467 οἶδα
423 3434 481 3466 τὸν
499 3434 586 3466 νοῦν·
617 3430 721 3466 οὐκέτ’
741 3430 847 3473 ἀξιοῖς
864 3429 950 3467 ἴσως
1108 3436 1187 3466 1080
1209 3455 1210 3461 1
1231 3433 1301 3462 KA-

254 3481 335 3518 εἶναι
352 3483 422 3528 μετ’
441 3484 551 3527 αὐτῆς.
607 3489 669 3517 ΓΡ.
698 3485 717 3516 ὁ
735 3482 763 3516 δ’
784 3482 974 3528 ἐπιτρέψων
992 3483 1066 3517 ἐστὶ
1084 3483 1156 3522 τίς;
1208 3491 1210 3503 ¹
1232 3485 1295 3513 EP-

1235 3536 1303 3566 KA-

153 3539 254 3570 ΝΕΑ.
284 3535 343 3569 οὐκ
361 3536 400 3569 ἂν
419 3534 629 3580 διαλεχθείην
646 3534 914 3578 διεσπλεκωμένῃ

1235 2239 1304 2270 ΕΡ.

1233 2915 1303 2944 ΚΑ.

1342 2131 1426 2178 ἀτὰρ
1445 2133 1499 2167 διὰ
1516 2134 1550 2168 τί
1568 2134 1607 2179 δὴ
1626 2134 1716 2169 ταῦτ’
1735 2134 1945 2178 ἐπιβουλεύει
1961 2138 2069 2171 ποιεῖν

1339 2181 1445 2228 ἦμᾶςῑ

1488 2237 1559 2282 ὁτιὴ
1579 2238 1748 2274 δεινότατα
1764 2240 1896 2275 πάντων
1912 2241 2114 2287 πραγμάτων

1338 2285 1510 2334 εἴργασθ’.
1539 2290 1599 2336 ἀφ’
1619 2290 1660 2325 οὗ
1675 2292 1741 2338 γὰρ
1758 2291 1872 2338 ἤρξατ’
1891 2292 1929 2336 ἐξ
1946 2293 2052 2339 ἀρχῆς
2067 2295 2210 2335 βλέπειν

1338 2341 1357 2374 ὁ
1375 2342 1542 2382 Πλοῦτος,
1563 2343 1670 2379 οὐδεὶς
1687 2343 1726 2378 οὗ
1743 2345 1942 2386 λιβανωτὸν,
1962 2345 2002 2379 οὐ
2020 2346 2161 2391 δάφνην,

1340 2391 1380 2426 οὐ
1397 2392 1561 2438 ψαιστὸν,
1581 2395 1645 2439 οὐχ
1664 2396 1791 2440 ἱερεῖον,
1811 2396 1870 2430 οὐκ
1887 2396 1965 2431 ἀλλ’
1984 2397 2096 2432 οὗδεέν

1337 2442 1414 2488 ἡμῖν
1431 2444 1479 2479 ἔτι
1497 2443 1568 2480 θύει
1585 2447 1655 2482 τοῖς
1673 2446 1770 2483 θεοῖς.
2114 2442 2116 2444 ’

1770 2499 1817 2544 μὰ
1835 2498 1903 2540 Δί’,
1923 2500 2001 2536 οὐδέ
2015 2516 2056 2548 γε

1337 2545 1444 2582 θύσει.
1473 2553 1578 2586 κακῶς
1617 2551 1637 2585 ὰ
1677 2551 1735 2586 ἐπε
1761 2553 1832 2586 ελεῖ
1858 2552 1891 2587 θ’
1917 2552 1927 2564 ‘
1961 2557 1976 2564 '⁵
2047 2555 2055 2567 '

1594 2565 1617 2595 γ
1637 2565 1659 2597 ρ
1735 2566 1759 2596 μ
1832 2567 1856 2587 σ
1910 2567 2001 2597 ημων
2017 2568 2104 2589 τοτε.

1339 2601 1391 2634 καὶ
1409 2603 1474 2634 τῶν
1490 2602 1551 2645 μὲν
1568 2602 1683 2637 ἄλλων
1698 2617 1756 2647 μοι
1775 2603 1858 2638 θεῶν
1874 2603 1973 2649 ἦττον
1989 2607 2101 2650 μέλει,

1336 2651 1401 2697 ἐγὼ
1421 2652 1450 2686 δ’
1469 2653 1631 2688 ἀπόλωλα
1651 2654 1916 2700 κάπιτέτριμμαι.
1965 2663 2036 2692 KA.
2066 2658 2266 2704 σωφρονεῖς.

1337 2705 1501 2750 πρότερον
1516 2706 1582 2751 γὰρ
1601 2703 1693 2751 εἶχον
1709 2707 1770 2750 μὲν
1785 2708 1876 2753 παρὰ
1892 2710 1963 2744 ταῖς
1981 2710 2163 2754 καπηλίσιν
2189 2725 2201 2746 1
2211 2724 2269 2747 120

1334 2755 1427 2789 πάντ’
1448 2756 1547 2803 ἀγάθ’
1568 2756 1669 2805 ἕωθεν
1687 2758 1794 2798 εὐθὺς,
1814 2759 1995 2801 οἰνοῦτταν,
2014 2762 2108 2806 μέλι,

1337 2806 1491 2852 ἷσχάδας,
1511 2808 1565 2843 δυ’
1584 2809 1670 2845 εἷκός
1688 2810 1782 2845 ἐστιν
1797 2810 1922 2857 Ἑρμῆν
1939 2813 2076 2849 ἐσθίειν·

1336 2860 1405 2893 νυνὶ
1423 2860 1459 2894 δὲ
1477 2864 1597 2895 πεινῶν
1614 2861 1781 2906 ἀναβάδην
1798 2862 2016 2909 ἀναπαύομαι.

1338 2912 1456 2945 οὔκουν
1474 2912 1616 2952 δικαίως,
1636 2912 1731 2949 ὅστις
1749 2914 1870 2951 ἐποίεις
1888 2917 2004 2961 ζημίαν

1335 2962 1438 2997 ἐνίοτε
1457 2963 1579 2998 τοιαῦτ’
1599 2964 1699 3011 ἀγάθ’
1711 2966 1798 3011 ἔχων
1812 2980 1821 3007 ;

1737 3017 1826 3062 οἴμοι
1844 3021 1960 3064 τάλας,

1335 3063 1423 3110 οἴμοι
1440 3069 1646 3104 πλακοῦντος
1664 3072 1723 3104 τοῦ
1740 3070 1770 3105 ’ν
1787 3073 1917 3117 τετράδι
1935 3088 2156 3118 πεπεμμενου.

1331 3117 1446 3153 ποθεῖς
1463 3120 1520 3153 τὸν
1537 3120 1576 3153 οὐ
1593 3123 1740 3166 παρόντα
1758 3123 1810 3157 καὶ
1829 3125 1932 3168 μάτην
1949 3127 2072 3162 καλεῖς.

1334 3167 1422 3213 οἴμοι
1440 3170 1476 3204 δὲ
1495 3173 1603 3216 κωλῆς
1620 3171 1658 3216 ἧς
1676 3174 1741 3220 ἐγὼ
1759 3174 1950 3219 κατήσθιον·

1331 3221 1518 3264 ἀσκωλίαζ’
1538 3223 1677 3259 ἐνταῦθα
1694 3228 1777 3272 πρὸς
1794 3227 1853 3270 τὴν
1870 3228 2011 3274 αἰθρίαν.

1335 3274 1542 3318 σπλάγχνων
1559 3290 1595 3310 τε
1614 3275 1742 3322 θερμῶν
1760 3279 1804 3312 ὧν
1822 3279 1888 3325 ἐγὼ
1906 3280 2098 3324 κατήσθιον.
2186 3295 2265 3326 1130

1332 3323 1430 3368 ὀδύνη
1451 3339 1492 3359 σε
1509 3331 1587 3372 περὶ
1605 3328 1646 3362 τὰ
1665 3328 1836 3375 σπλάγχν’
1855 3332 1943 3366 ἔοικέ
1958 3347 2008 3369 τις
2027 3333 2202 3381 στρέφειν.

1328 3374 1416 3420 οἴμοι
1435 3377 1471 3410 δὲ
1490 3376 1624 3414 κύλικος
1639 3377 1717 3413 ἴσον
1736 3379 1800 3427 ἴσῳ
1819 3383 2028 3428 κεκραμένης.

1331 3429 1451 3471 ταύτην
1469 3427 1608 3464 ἐπιπιὼν
1625 3431 1820 3477 ἀποτρέχων
1837 3434 1896 3466 οὐκ
1915 3434 1954 3467 ἂν
1972 3435 2133 3479 φθάνοις;

1330 3478 1381 3523 ἆρ’
1401 3480 1596 3524 ὠφελήσαις
1614 3482 1653 3516 ἅν
1670 3497 1702 3516 τι
1719 3485 1777 3517 τὸν
1796 3487 1921 3518 σαυτοῦ
1940 3486 2065 3530 φίλον;

1333 3529 1364 3565 εἴ
1378 3545 1437 3565 του
1455 3531 1520 3566 δέει
1537 3532 1568 3576 γ’
1588 3533 1632 3567 ὧν
1650 3534 1786 3570 δυνατός
1804 3535 1871 3580 εἶμί
1889 3535 1922 3570 σ’
1941 3537 2097 3577 ὠφελεῖν.

2190 2410 2267 2442 1¹15

2189 2985 2264 3016 1125

2187 3554 2260 3584 1135
