2488 3860
202 255 285 298 272

190 414 255 446 Ktk

189 467 243 497 152

189 520 256 551 1<P.

189 573 246 604 ΙΩ.

189 627 254 656 ΙίΡ.

189 679 246 708 ΙΩ.

189 732 255 761 ΙίΡ.

188 785 245 813 ἶΩ.

190 837 253 866 ΙίΡ.

188 1045 247 1075 ΙΩ.

189 1149 251 1180 ῘζΡ.

187 1359 242 1389 Ιξλ

186 1464 251 1494 lcP.

186 1674 243 1704 ΙΩ.

185 1833 243 1864 ῙΩ.

185 2150 245 2181 ῙΩ.

186 2257 250 2287 ἘίΡ.

187 2465 246 2495 ΙΩ.

187 2519 252 2548 ῘίΡ.

187 2780 246 2810 ῙΩ.

188 2885 253 2914 KP.

187 2938 240 2968 152

189 2991 255 3020 1<P.

188 3042 240 3073 112

188 3095 253 3126 IKP.

189 3252 244 3282 lxm

190 3305 252 3334 11P.

189 3356 247 3387 ῙΩ.

189 3409 253 3440 ῙξΡ.

186 3513 247 3545 ῙΩ.

189 3564 254 3595 ἱζΡ.

289 356 361 394 τόδ’
379 356 453 393 ἔσθ’
471 354 617 404 ὕφασμα
634 357 744 403 δεσμά
762 357 805 399 θ’,
826 358 870 395 ὡς
888 358 1098 405 εὑρίσκομεν.

290 409 317 446 ὦ
333 412 469 457 χρόνιον
488 411 591 445 ἱστῶν
608 410 818 457 παρθένευμα
834 414 901 446 τῶν
919 412 1016 456 ἐμῶν.

288 463 383 498 ’ἔστιν
398 477 431 497 τι
448 462 533 509 πρὸς
549 461 639 510 τῷδ’,
659 461 679 508 ἢ
696 464 786 511 μόνῳ
807 463 882 511 τῷδ’
902 463 1051 510 εὐτυχεῖς
1062 478 1073 504 ,·

293 515 451 562 δράκοντε
468 515 691 563 μαρμαίροντε
707 515 896 564 παγχρύσῳ
913 516 1021 563 γένυι.

290 565 413 614 δώρημ’
435 567 588 610 Ἀθάνας,
607 566 627 612 ἦ
645 566 731 603 τέκν’
752 569 926 616 ἐντρέφειν
942 568 1060 616 λέγει,-

291 618 503 667 Ἐριχθονίου
520 634 561 667 γε
578 623 637 655 τοῦ
654 622 760 656 πάλαι
777 621 957 667 μιμήματα.

287 672 321 707 τί
338 673 429 719 δρᾶν,
448 673 481 707 τί
497 673 658 719 χρῆσθαι,
678 674 786 720 φράζε
803 689 871 719 μοι,
890 675 1106 721 χρυσώμασι.

293 725 406 772 δέραια
423 725 516 760 παιδὶ
535 727 676 773 νεογόνῳ
694 725 822 773 φέρειν,
840 726 962 761 τέκνον.

291 779 414 812 ἔνεισιν
432 776 512 812 οἵδε·
539 779 578 812 τὸ
597 778 639 812 δὲ
651 778 764 825 τρίτον
779 778 874 814 ποθῶ
894 779 1022 824 μαθεῖν.

292 830 462 875 στέφανον
479 830 593 866 ἐλαίας
609 830 787 876 ἀμφέθηκά
805 845 862 866 σοι
879 833 968 871 τότε,

290 881 330 927 ἣν
347 881 451 929 πρῶτ’
473 880 598 918 Ἀθάνα
617 884 786 918 σκόπελον
803 883 1028 930 εἰσηνέγκατο.

291 934 337 973 ὃς,
358 932 451 981 εἴπερ
469 936 572 976 ἔστιν,
594 935 707 970 οὔποτ’
727 935 872 970 ἐκλείπει
889 938 1012 982 χλόην,

291 987 411 1021 θάλλει
430 985 460 1022 δ’
481 987 595 1024 ἐλαίας
614 987 652 1031 ἐξ
667 988 831 1034 ἀκηράτου
848 989 966 1034 γεγώς.

290 1039 316 1074 ὦ
334 1041 482 1086 φιλτάτη
500 1054 557 1085 μοι
574 1041 690 1086 μῆτερ,
709 1040 853 1085 ἄσμενός
872 1039 905 1075 σ’
925 1041 1004 1075 ἷδὼν

287 1094 372 1138 πρὸς
389 1092 535 1137 ἀσμένας
551 1092 709 1127 πέπτωκα
727 1093 791 1128 σὰς
807 1092 980 1139 παρηίδας.

289 1143 315 1178 ῶ
333 1145 455 1186 τέκνον,
477 1144 502 1179 ὦ
520 1145 594 1191 φῶς
611 1146 710 1190 μητρὶ
729 1147 890 1191 κρεῖσσον
909 1144 1018 1189 ἡλίου,

290 1198 524 1243 συγγνώσεται
539 1197 605 1243 γὰρ
624 1200 642 1231 ὁ
661 1197 747 1238 θεὸς,
768 1198 803 1231 ἐν
817 1199 932 1243 χεροῖν
950 1196 985 1231 σ’
1005 1198 1085 1242 ἔχω,

290 1250 437 1285 ἄελπτον
456 1247 582 1296 εὕρημ’,
602 1248 639 1284 ὃν
658 1250 739 1284 κατὰ
756 1251 818 1296 γᾶς
837 1250 956 1295 ἐνέρων
990 1263 994 1271 ’
1020 1258 1027 1265 ‘

286 1302 423 1346 χθόνιον
439 1303 522 1347 μετὰ
540 1302 764 1347 Περσεφόνας
780 1301 809 1336 τ’
832 1301 967 1336 ἐδόκουν
986 1302 1098 1336 ναίειν.

287 1352 379 1397 ἀλλ’,
399 1354 424 1389 ὦ
442 1355 529 1400 φίλη
548 1368 604 1399 μοι
622 1355 738 1400 μῆτερ,
759 1354 794 1388 ἐν
810 1357 926 1400 χεροῖν
945 1354 1046 1389 σέθεν

290 1408 309 1441 ὁ
327 1406 496 1442 κατθανών
514 1421 551 1441 τε
569 1406 628 1440 κού
647 1405 754 1441 θανὼν
771 1406 995 1452 φαντάζομαι.

289 1459 327 1493 ἰὼ
347 1460 385 1494 ἷὼ
402 1460 559 1505 λαμπρᾶς
577 1458 708 1505 αἰθέρος
725 1458 907 1503 ἀμπτυχαὶ,

287 1511 347 1547 τίν’
366 1512 468 1546 αὐδὰν
486 1509 591 1552 ἀύσω,
611 1512 754 1553 βοάσω,·
781 1511 885 1546 πόθεν
901 1525 958 1556 μοι

290 1563 466 1611 συνέκυρσ’
486 1564 645 1608 ἀδόκητος
662 1563 785 1604 ἁδονάς
811 1562 917 1598 πόθεν

290 1617 461 1662 ἐλάβομεν
477 1617 607 1663 χαράν,

290 1671 361 1716 ἐμοὶ
378 1669 536 1717 γενέσθαι
554 1669 663 1704 πάντα
679 1669 813 1714 μᾶλλον
830 1667 871 1703 ἅν
886 1682 982 1709 ποτε,

287 1724 400 1769 μῆτερ,
420 1723 572 1769 παρέστη
591 1720 686 1757 τῶνδ’
706 1720 796 1757 ὅπως
813 1722 876 1757 σός
894 1720 957 1767 εἶμ’
977 1720 1054 1769 ἐγώ.

288 1775 336 1809 ἔτι
354 1775 456 1822 φόβῳ
474 1774 595 1820 τρέμω.

287 1831 358 1873 μῶν
376 1828 435 1863 οὐκ
453 1827 543 1874 ἔχειν
559 1826 592 1873 μ’
614 1827 741 1873 ἔχουσα
751 1840 763 1867 ‚·

773 1879 833 1916 τὰς
848 1878 915 1927 γὰρ
934 1877 1071 1917 ἐλπίδας

287 1932 460 1976 ἀπέβαλον
476 1935 608 1981 πρόσω.

288 1986 326 2020 ἰὼ
343 1984 450 2032 γύναι,
469 1986 573 2023 πόθεν
590 1984 694 2021 πόθεν
711 1985 837 2027 ἔλαβες
854 1983 934 2032 ἐμὸν

286 2038 418 2085 βρέφος
437 2039 471 2076 ἐς
487 2040 661 2086 ἀγκάλας;

286 2090 346 2126 τίν’
366 2091 427 2127 ἀνὰ
445 2092 529 2139 χέρα
547 2091 669 2137 δόμους
686 2091 751 2134 ἔβα
768 2089 917 2136 Λοξίους

288 2144 376 2179 θεῖον
393 2145 473 2180 τόδ’·
501 2144 594 2179 ἀλλὰ
611 2143 795 2180 τάπίλοιπα
811 2145 871 2189 τῆς
886 2143 990 2190 τύχης

289 2196 547 2243 εὐδαιμονοῖμεν,
567 2197 612 2233 ὡς
629 2197 671 2231 τὰ
688 2195 822 2244 πρόσθε
839 2198 1000 2244 δυστυχῆ.

287 2251 411 2290 τέκνον,
431 2249 490 2284 οὐκ
508 2249 690 2296 ἀδάκρυτος
708 2248 891 2295 ἐκλοχεύει,

285 2304 378 2349 γόοις
397 2303 432 2337 δέ
451 2304 576 2349 ματρὸς
595 2304 630 2337 ἐκ
648 2305 757 2349 χερῶν
775 2302 889 2349 ὁρίζει·

288 2357 345 2390 νῦν
362 2356 399 2391 δὲ
416 2355 585 2402 γενειάσιν
602 2356 693 2402 παρὰ
711 2354 811 2390 σέθεν
827 2355 927 2400 πνέω,

287 2408 539 2455 μακαριωτάτας
555 2407 694 2453 τυχοῦσ’
715 2408 843 2444 ἁδονᾶς.

288 2460 410 2506 τούμὸν
427 2460 579 2507 λέγουσα
597 2462 649 2496 καὶ
667 2461 705 2495 τὸ
725 2462 788 2495 σὸν
806 2465 921 2497 κοινῶς
938 2459 1059 2508 λέγεις.

289 2512 425 2549 ἄπαιδες
443 2512 547 2548 οὐκέτ’
569 2513 670 2557 ἐσμὲν
688 2513 757 2547 οὐδ’
777 2512 916 2548 ἄτεκνοι·

290 2566 367 2610 δῶμ’
388 2567 567 2606 ἑστιοῦται,
587 2567 632 2612 γᾶ
650 2563 681 2600 δ’
701 2567 771 2611 ἕχει
790 2568 979 2613 τυράννους·

289 2618 398 2664 ἀνηβᾷ
416 2618 444 2653 δ’
463 2617 653 2664 Ἐρεχθεὺς,

292 2668 311 2703 ὅ
328 2685 365 2705 τε
381 2671 559 2717 γηγενέτας
577 2671 677 2716 δόμος
695 2672 803 2707 οὐκέτι
822 2670 922 2707 νύκτα
940 2671 1101 2718 δέρκεται,

290 2721 406 2757 ἇελίου
425 2722 454 2758 δ’
474 2722 658 2766 ἀναβλέπει
675 2725 863 2769 λαμπάσιν.
1045 2722 1048 2725 ⁴

288 2777 402 2821 μῆτερ,
422 2777 536 2822 παρών
553 2790 609 2820 μοι
629 2777 682 2810 καὶ
699 2776 807 2823 πατὴρ
825 2776 1022 2822 μετασχέτω

289 2830 345 2872 τῆς
364 2827 481 2872 ἡδονῆς
498 2828 595 2872 τῆσδ’
616 2827 653 2872 ἧς
672 2829 768 2874 ἔδωχ’
788 2829 864 2874 ὑμῖν
882 2830 959 2876 ἐγώ.

291 2879 317 2913 ὦ
334 2880 459 2920 τέκνον,
479 2880 512 2915 τί
530 2879 597 2926 φῄς
608 2895 619 2920 ,·
647 2878 718 2915 οἷον
735 2879 806 2916 οἷον
824 2882 1060 2928 ἀνελέγχομαι.

288 2936 358 2968 πῶς
376 2930 490 2973 εἶπαςς

497 2984 643 3019 ἄλλοθεν
661 2985 706 3020 σὺ
723 2986 873 3032 γέγονας,
894 2985 1051 3021 ἄλλοθεν.

289 3035 381 3081 ὤμοι·
410 3036 507 3072 νόθον
523 3052 565 3082 με
582 3037 778 3083 παρθένευμ’
799 3040 904 3073 ἔτικτε
923 3041 1007 3079 σόν,-

291 3090 354 3134 οὐχ
372 3090 436 3124 ὑπὸ
454 3089 637 3134 λαμπάδων
655 3089 730 3125 οὐδὲ
748 3093 963 3136 χορευμάτων

291 3141 442 3185 ὑμέναιος
460 3143 547 3187 ἐμὸς,

1375 360 1408 395 τί
1426 359 1552 401 Φοῖβον
1570 358 1673 405 αὐδᾷς
1683 373 1695 399 ,·

1380 413 1605 459 κρυπτόμενον
1621 411 1726 456 λέχος
1743 408 1923 456 ηὐνάσθην.

1374 464 1458 510 λέγ’·
1487 464 1531 499 ὡς
1549 463 1634 510 ἐρεῖς
1649 478 1682 498 τι
1700 463 1814 498 κεδνὸν
1831 462 1967 510 εὐτυχές
1983 478 2020 499 τε
2037 476 2108 507 μοι.

1375 517 1500 564 δεκάτῳ
1519 514 1556 550 δέ
1575 530 1617 550 σε
1634 516 1735 560 μηνὸς
1753 516 1789 551 ἐν
1806 515 1916 564 κύκλῳ

1377 568 1519 615 κρύφιον
1537 566 1626 602 ὠδῖν’
1647 569 1758 603 ἔτεκον
1776 568 1898 616 Φοίβῳ.

1375 621 1401 655 ὦ
1419 617 1561 667 φίλτατ’
1581 620 1725 662 εἷποῦσ’,
1745 621 1774 655 εἰ
1791 621 1900 668 λέγεις
1921 618 2075 667 ἐτήτυμα.

1375 672 1536 720 παρθένια
1554 670 1584 707 δ’
1605 673 1685 717 ἐμᾶς
1702 673 1842 720 ματέρος

1377 723 1543 772 σπάργαν’
1563 724 1744 770 ἀμφίβολά
1761 739 1819 761 σοι
1836 724 1907 761 τάδ’
1926 727 1982 760 ἁν-

1376 779 1462 825 ἣψα,
1483 776 1632 824 κερκίδος
1651 778 1730 822 ἐμᾶς
1746 779 1904 813 πλάνους.

1375 831 1518 877 γάλακτι
1537 830 1564 864 δ’
1585 830 1643 864 οὐκ
1663 829 1821 875 ἐπέσχον,
1841 830 1918 865 οὐδὲ
1935 833 2054 879 μαστῷ

1375 884 1518 928 τροφεῖα
1536 884 1672 928 ματρὸς,
1692 883 1767 917 οὐδὲ
1785 883 1912 930 λουτρὰ
1929 886 2067 930 χειροῖν,

1377 936 1439 970 ἀνὰ
1457 935 1486 970 δ’
1500 934 1620 981 ἅντρον
1638 936 1759 981 ἔρημον
1776 935 1899 970 οἰωνῶν

1374 988 1570 1033 γαμφηλαῖς
1588 988 1740 1034 φόνευμα
1758 987 1896 1034 θοίναμά
1914 987 1942 1023 τ’
1962 989 2009 1025 εἷς

1371 1038 1490 1074 ἸΑιδαν
1507 1039 1682 1082 ἐκβάλλει.

1376 1091 1402 1126 ὦ
1422 1093 1512 1127 δεινὰ
1529 1093 1641 1127 τλᾶσα
1658 1093 1773 1139 μῆτερ.

2232 469 2312 510 1485

2231 735 2310 770 uqo

2232 1001 2310 1034 ¹495

1376 1144 1412 1179 ἐν
1429 1145 1533 1193 φόβῳ
1551 1144 1770 1180 καταδεθεῖσα
1789 1146 1854 1180 σὰν

1374 1198 1494 1244 ψυχὰν
1512 1197 1695 1239 ἀπέβαλον,
1714 1199 1837 1233 τέκνον·

1376 1250 1502 1285 ἔκτεινά
1521 1249 1556 1285 σ’
1576 1249 1705 1285 ἅκουσ’.

1376 1302 1415 1345 ἐξ
1432 1302 1512 1347 ἐμοῦ
1530 1301 1558 1336 τ’
1578 1302 1641 1347 οὐχ
1660 1300 1726 1337 ὅσι’
1746 1302 1913 1347 ἕθνησκες.

1376 1354 1415 1388 ἰὼ
1433 1355 1536 1389 δειναὶ
1552 1356 1613 1399 μὲν
1630 1355 1664 1389 αἱ
1681 1356 1757 1389 τότε
1774 1355 1883 1400 τύχαι,

1375 1406 1506 1441 δείλαια
1524 1407 1560 1442 δέ
1579 1408 1632 1442 καὶ
1649 1405 1734 1442 τάδ’·
1763 1407 1986 1454 ἑλισσόμεσθ’
2007 1407 2130 1443 ἐκεῖθεν

1376 1459 1492 1494 ἐνθάδε
1509 1459 1746 1505 δυστυχίαισιν

1375 1512 1543 1557 εὐτυχίαις
1560 1526 1597 1546 τε
1614 1512 1729 1553 πάλιν,

1374 1564 1572 1610 μεθίσταται
1591 1564 1627 1599 δὲ
1644 1563 1824 1610 πνεύματα.

1375 1616 1512 1662 μενέτω·
1540 1618 1582 1652 τὰ
1599 1617 1759 1664 πάροιθεν
1776 1617 1852 1654 ἅλις
1869 1617 1962 1653 κακά·
1990 1619 2047 1652 νῦν
2064 1616 2092 1653 δ’

1377 1669 1507 1716 ἐγένετό
1525 1684 1576 1706 τις
1593 1669 1691 1718 οὖρος
1710 1671 1745 1705 ἐκ
1764 1675 1880 1715 κακῶν,
1900 1670 1926 1705 ὦ
1942 1672 2015 1706 παῖ.

1373 1723 1488 1768 μηδεὶς
1506 1723 1643 1758 δοκείτω
1660 1723 1763 1768 μηδὲν
1780 1723 1966 1771 ἀνθρώποις
1982 1723 2064 1759 ποτὲ

1376 1776 1523 1811 ἄελπτον
1540 1773 1623 1811 εἶναι
1639 1776 1724 1822 πρὸς
1741 1776 1783 1810 τὰ
1800 1777 2006 1823 τυγχάνοντα
2024 1777 2093 1811 νῦν.

1378 1827 1404 1863 ὦ
1420 1830 1665 1874 μεταβαλοῦσα
1681 1829 1817 1876 μυρίους
1835 1830 1896 1874 ἤδη
1913 1830 2046 1876 βροτῶν

1376 1882 1430 1916 καὶ
1448 1881 1660 1928 δυστυχῆσαι
1679 1881 1792 1918 καῦθις
1810 1881 1851 1917 αὖ
1867 1881 1992 1929 πρᾶξαι
2011 1882 2129 1923 καλῶς,

1374 1933 1479 1981 Τύχη,
1497 1933 1577 1981 παρ’
1596 1933 1669 1969 οἷαν
1686 1934 1834 1979 ἤλθομεν
1852 1934 2004 1980 στάθμην
2020 1934 2110 1976 βίου,

1374 1985 1501 2034 μητέρα
1518 1987 1685 2034 φονεῦσαι
1704 1988 1757 2022 καὶ
1774 1987 1892 2023 παθεῖν
1910 1987 2038 2032 ἀνάξια.

1376 2041 1454 2086 φεῦ·

1376 2091 1430 2140 ἆρ’
1450 2094 1486 2129 ἐν
1502 2093 1660 2139 φαενναῖς
1677 2092 1775 2138 ἡλίου
1787 2095 2006 2139 περιπτυχαῖς

1375 2146 1487 2181 ἔνεστι
1503 2147 1611 2182 πάντα
1628 2146 1707 2181 τάδε
1725 2145 1797 2181 καθ’
1817 2146 1940 2192 ἡμέραν
1956 2145 2074 2191 μαθεῖν
2084 2160 2095 2186 ,-

1375 2198 1482 2244 φίλον
1498 2198 1559 2244 μὲν
1576 2197 1635 2234 οὖν
1653 2197 1689 2233 σ’
1709 2197 1843 2243 εὕρημα,
1861 2199 1975 2244 μῆτερ,
1995 2196 2149 2244 ηὕρομεν,

1376 2252 1429 2286 καὶ
1446 2252 1485 2286 τὸ
1502 2251 1599 2297 γένος
1616 2251 1713 2287 οὐδὲν
1728 2253 1879 2296 μεμπτὸν
1896 2251 1940 2287 ὡς
1956 2250 2033 2295 ἡμῖν
2050 2251 2138 2286 τόδε·

1375 2305 1417 2338 τὰ
1435 2302 1466 2339 δ’
1486 2304 1576 2338 ἅλλα
1594 2304 1678 2351 πρὸς
1695 2305 1736 2339 σὲ
1754 2303 1923 2348 βούλομαι
1940 2306 2042 2348 μόνην
2059 2304 2201 2350 φράσαι.
2234 2315 2312 2347 1522

1376 2356 1463 2403 δεῦρ’
1483 2356 1570 2391 ἔλθ’·
1599 2356 1632 2392 ἐς
1650 2355 1707 2393 οὖς
1723 2357 1789 2403 γὰρ
1807 2356 1884 2392 τοὺς
1901 2357 2025 2402 λόγους
2043 2356 2147 2391 εἰπεῖν
2165 2354 2268 2398 θέλω,

1376 2410 1429 2444 καὶ
1446 2408 1678 2456 περικαλύψαι
1695 2410 1786 2444 τοῖσι
1802 2410 1978 2456 πράγμασι
1996 2410 2130 2443 σκότον.

1377 2461 1438 2508 ὅρα
1457 2461 1514 2502 σὺ,
1534 2463 1648 2508 μῆτερ,
1667 2462 1712 2507 μὴ
1731 2461 1897 2507 σφαλεῖσ’
1916 2460 1938 2495 ἃ
1954 2460 2130 2507 παρθένοις

1376 2514 1563 2561 ἐγγίγνεται
1582 2513 1741 2559 νοσήματ’
1762 2515 1795 2550 ἐς
1813 2513 1975 2560 κρυπτοὺς
1992 2514 2128 2559 γάμους,

1375 2568 1489 2602 ἔπειτα
1506 2570 1552 2615 τῷ
1572 2566 1636 2615 θεῷ
1654 2565 1841 2613 προστίθης
1858 2566 1917 2611 τὴν
1935 2565 2053 2606 αἰτίαν,

1376 2621 1429 2654 καὶ
1446 2619 1570 2664 τούμὸν
1587 2619 1731 2666 αἰσχρὸν
1745 2619 1935 2665 ἀποφυγεῖν
1951 2617 2147 2664 πειρωμένη,

1374 2673 1488 2719 Φοίβῳ
1505 2673 1612 2706 τεκεῖν
1628 2687 1670 2717 με
1688 2671 1767 2717 φῂς,
1786 2669 1920 2706 τεκοῦσ”
1941 2671 1999 2705 οὐκ
2019 2671 2055 2705 ἐκ
2073 2670 2163 2706 θεοῦ.

1372 2725 1419 2769 μὰ
1436 2724 1496 2769 τὴν
1513 2723 1795 2771 παρασπίζουσαν
1812 2723 1958 2770 ἅρμασίν
1974 2736 2057 2758 ποτε

1377 2776 1481 2821 Νίκην
1498 2776 1641 2811 Ἀθάναν
1659 2777 1736 2821 Ζηνὶ
1754 2778 1904 2823 γηγενεῖς
1922 2776 1988 2818 ἔπι,

1375 2830 1434 2864 οὐκ
1452 2829 1546 2864 ἔστιν
1563 2828 1658 2865 ὅστις
1676 2843 1733 2864 σοι
1750 2828 1859 2873 πατὴρ
1878 2828 2015 2873 θνητῶν,
2033 2827 2158 2868 τέκνον,

1374 2882 1453 2916 ἀλλ’
1473 2880 1582 2927 ὅσπερ
1601 2881 1767 2928 ἐξέθρεψε
1786 2881 1908 2924 Λοξίας
1925 2880 2019 2924 ἅναξ.

1372 2937 1442 2969 πῶς
1461 2932 1518 2968 οὖν
1535 2934 1594 2968 τὸν
1611 2934 1712 2968 αὑτοῦ
1729 2934 1817 2969 παῖδ’
1838 2930 1933 2968 ἔδωκ’
1955 2934 2050 2980 ἄλλῳ
2067 2932 2179 2978 πατρὶ,

1374 2985 1504 3022 Ξούθου
1521 2986 1560 3020 τέ
1575 2986 1665 3031 φησι
1682 2987 1784 3021 παῖδά
1801 2983 1837 3031 μ’
1858 2984 2099 3031 ἐκπεφυκέναις

1370 3039 1554 3083 πεφυκέναι
1571 3038 1632 3083 μὲν
1650 3039 1738 3084 οὐχὶ,
1758 3039 1910 3085 δωρεῖται
1929 3037 1967 3072 δέ
1983 3052 2025 3072 σε

1373 3090 1473 3124 αὑτοῦ
1491 3095 1632 3137 γεγῶτα·
1661 3092 1714 3126 καὶ
1731 3091 1796 3137 γὰρ
1815 3090 1856 3124 ἂν
1872 3089 1976 3135 φίλος
1993 3089 2088 3137 φίλῳ

1373 3142 1445 3186 δοίη
1463 3144 1522 3176 τὸν
1539 3143 1639 3177 αὑτοῦ
1656 3143 1758 3178 παῖδα
1776 3143 1944 3186 δεσπότην
1960 3142 2078 3186 δόμων.

2232 1263 2312 1295 1500

2233 1474 2244 1496 ¹
2252 1473 2310 1506 505

2233 1736 2311 1769 ¹505

2234 1999 2311 2032 ¹5¹5

2233 2578 2310 2613 ¹5²5

2233 2839 2312 2871 ¹530

2199 3135 2203 3141 ,
2231 3098 2308 3132 15³5

1094 256 1221 295 ETPI
1231 257 1422 297 ΠΙΔΟΎ

1274 364 1333 394 ΙΩ.

1149 424 1226 456 1425
1276 417 1342 446 KP.

1274 469 1332 499 ῙΩ.

1274 522 1337 551 ῙίΡ.

1274 627 1332 656 ΙΩ.

1149 686 1228 716 1430
1275 681 1338 709 KP.

1148 946 1226 978 1435

1272 1097 1326 1127 Ιςὶ

1274 1150 1338 1179 ΙίΡ.

1149 1209 1227 1239 ¹440

1274 1306 1333 1336 ῙΩ.

1274 1359 1338 1389 ῙίΡ.

1147 1471 1224 1503 1445

1147 1682 1227 1715 1450

1272 1726 1342 1758 210.

1273 1833 1328 1864 lxm

1146 2101 1226 2137 1455

1149 2360 1227 2400 1460

1146 2623 1225 2664 1465

1274 2729 1335 2758 KP.

1147 2891 1227 2925 1470

1271 2938 1326 2968 ΙΩ.

1271 3044 1333 3073 ΙίΡ.

1144 3153 1224 3188 1475

1270 3202 1325 3231 ΙΩ.

291 3194 414 3235 τέκνον,
435 3195 539 3228 ἔτικτε
558 3195 621 3228 σὸν
638 3195 732 3240 κάρα.

290 3245 368 3280 αἷαῖ·
395 3246 530 3291 πέφυκα
548 3246 721 3292 δυσγενὴς,
741 3248 856 3294 μῆτερ,
875 3246 999 3288 πόθεν,·

288 3295 375 3333 ἵστω
394 3299 604 3345 Γοργοφόνα,

288 3350 322 3385 τί
339 3350 428 3385 τοῦτ’
448 3350 594 3393 ἔλεξας,-

290 3400 312 3436 ἃ
330 3402 515 3439 σκοπέλοις
534 3402 583 3438 ἐπ’
604 3404 695 3448 ἐμοῖς

289 3454 347 3489 τὸν
365 3456 529 3501 ελαιοφυῆ
547 3456 656 3501 πάγον
674 3455 810 3491 θάσσει.

286 3505 398 3552 λέγεις
414 3507 526 3553 λέγεις
543 3521 599 3552 μοι
619 3508 715 3542 δόλια
734 3507 792 3541 κού
811 3508 907 3553 σαφῆ
926 3505 1016 3543 τάδεζ

289 3557 370 3606 παρ’
389 3559 541 3604 ἀηδόνιον
557 3559 681 3606 πέτραν
699 3559 812 3607 Φοίβῳ

1271 3306 1335 3336 ὶζΡ.

1372 3196 1391 3229 ὁ
1410 3194 1486 3230 θεὸς
1503 3194 1640 3239 ἀληθὴς,
1660 3194 1680 3239 ἢ
1698 3196 1804 3240 μάτην
1819 3192 2024 3239 μαντεύεται,

1374 3246 1454 3291 ἐμοῦ
1472 3248 1649 3292 ταράσσει,
1667 3248 1782 3293 μῆτερ,
1802 3247 1934 3281 εἰκότως
1949 3245 2068 3292 φρένα.

1371 3299 1470 3333 ἄκουε
1488 3297 1528 3343 δὴ
1547 3313 1605 3334 νυν
1621 3297 1678 3344 ἅμ’
1699 3297 1853 3343 ἐσῆλθεν,
1874 3298 1900 3332 ὦ
1917 3298 2040 3332 τέκνον·

1373 3351 1554 3398 εὐεργετῶν
1571 3365 1614 3386 σε
1632 3350 1755 3394 Λοξίας
1773 3350 1820 3386 εἷς
1837 3350 1952 3396 εὐγενῆ

1373 3403 1475 3447 δόμον
1492 3402 1627 3446 καθίζει·
1654 3406 1714 3437 τοῦ
1733 3402 1810 3436 θεοῦ
1829 3402 1864 3436 δὲ
1882 3402 2063 3447 λεγόμενος

1373 3455 1432 3488 οὐκ
1450 3455 1551 3499 ἔσχες
1569 3455 1609 3488 ἄν
1624 3453 1700 3490 ποτ’
1721 3455 1797 3488 οὔτε
1813 3452 2027 3500 παγκλήρους
2045 3453 2165 3498 δόμους

1373 3505 1442 3540 οὔτ’
1462 3505 1565 3550 ὄνομα
1581 3509 1716 3552 πατρός.
1751 3509 1823 3542 πῶς
1839 3506 1915 3552 γὰρ,
1935 3504 1974 3539 οὗ
1990 3503 2026 3551 γ’
2045 3504 2111 3551 ἐγὼ
2129 3506 2255 3553 γάμους

1371 3558 1535 3601 ἔκρυπτον
1552 3558 1632 3603 αὐτὴ
1652 3558 1706 3593 καί
1724 3556 1759 3594 σ’
1779 3557 1969 3594 ἀπέκτεινον
1985 3555 2118 3602 λάθρα,·

2231 3364 2310 3396 ¹540
