<?xml version="1.0" encoding="UTF-8"?>
<!DOCTYPE html PUBLIC "-//W3C//DTD XHTML 1.0 Transitional//EN"
    "http://www.w3.org/TR/xhtml1/DTD/xhtml1-transitional.dtd">
<html xmlns="http://www.w3.org/1999/xhtml" xml:lang="en" lang="en">
 <head>
  <title>
</title>
<meta http-equiv="Content-Type" content="text/html;charset=utf-8" />
  <meta name='ocr-system' content='tesseract 3.04.00' />
  <meta name='ocr-capabilities' content='ocr_page ocr_carea ocr_par ocr_line ocrx_word'/>
</head>
<body>
  <div class='ocr_page' id='page_1' title='image "./poetarumscenicor00dinduoft_0503.png"; bbox 0 0 2488 3860; ppageno 0'>
   <div class='ocr_carea' id='block_1_1' title="bbox 187 469 252 503">
    <p class='ocr_par' dir='ltr' id='par_1_1' title="bbox 187 469 252 503">
     <span class='ocr_line' id='line_1_1' title="bbox 187 469 252 503; baseline -0.015 0"><span class='ocrx_word' id='word_1_1' title='bbox 187 469 252 503; x_wconf 82' lang='grc' dir='ltr'><strong><em>ΤΡ.</em></strong></span> 
     </span>
    </p>
   </div>
   <div class='ocr_carea' id='block_1_2' title="bbox 185 576 252 608">
    <p class='ocr_par' dir='ltr' id='par_1_2' title="bbox 185 576 252 608">
     <span class='ocr_line' id='line_1_2' title="bbox 185 576 252 608; baseline -0.015 0"><span class='ocrx_word' id='word_1_2' title='bbox 185 576 252 608; x_wconf 84' lang='grc' dir='ltr'><strong><em>ΕΡ.</em></strong></span> 
     </span>
    </p>
   </div>
   <div class='ocr_carea' id='block_1_3' title="bbox 181 890 249 977">
    <p class='ocr_par' dir='ltr' id='par_1_3' title="bbox 181 890 249 977">
     <span class='ocr_line' id='line_1_3' title="bbox 181 890 249 922; baseline 0.029 -3"><span class='ocrx_word' id='word_1_3' title='bbox 181 890 249 922; x_wconf 86' lang='grc' dir='ltr'><strong><em>ΕΡ.</em></strong></span> 
     </span>
     <span class='ocr_line' id='line_1_4' title="bbox 182 942 248 977; baseline 0 -5"><span class='ocrx_word' id='word_1_4' title='bbox 182 942 248 977; x_wconf 74' lang='grc' dir='ltr'><strong><em>ΤΡ,</em></strong></span> 
     </span>
    </p>
   </div>
   <div class='ocr_carea' id='block_1_4' title="bbox 178 1203 254 1237">
    <p class='ocr_par' dir='ltr' id='par_1_4' title="bbox 178 1203 254 1237">
     <span class='ocr_line' id='line_1_5' title="bbox 178 1203 254 1237; baseline 0.026 -2"><span class='ocrx_word' id='word_1_5' title='bbox 178 1203 254 1237; x_wconf 78' lang='lat' dir='ltr'><strong><em>XO.</em></strong></span> 
     </span>
    </p>
   </div>
   <div class='ocr_carea' id='block_1_5' title="bbox 177 1415 242 1447">
    <p class='ocr_par' dir='ltr' id='par_1_5' title="bbox 177 1415 242 1447">
     <span class='ocr_line' id='line_1_6' title="bbox 177 1415 242 1447; baseline 0.031 -3"><span class='ocrx_word' id='word_1_6' title='bbox 177 1415 242 1447; x_wconf 88' lang='grc' dir='ltr'><strong><em>ΤΡ.</em></strong></span> 
     </span>
    </p>
   </div>
   <div class='ocr_carea' id='block_1_6' title="bbox 175 1624 242 1655">
    <p class='ocr_par' dir='ltr' id='par_1_6' title="bbox 175 1624 242 1655">
     <span class='ocr_line' id='line_1_7' title="bbox 175 1624 242 1655; baseline -0.015 0"><span class='ocrx_word' id='word_1_7' title='bbox 175 1624 242 1655; x_wconf 82' lang='grc' dir='ltr'><strong><em>ΕΡ.</em></strong></span> 
     </span>
    </p>
   </div>
   <div class='ocr_carea' id='block_1_7' title="bbox 175 1729 240 1760">
    <p class='ocr_par' dir='ltr' id='par_1_7' title="bbox 175 1729 240 1760">
     <span class='ocr_line' id='line_1_8' title="bbox 175 1729 240 1760; baseline 0 0"><span class='ocrx_word' id='word_1_8' title='bbox 175 1729 240 1760; x_wconf 88' lang='grc' dir='ltr'><strong><em>ΤΡ.</em></strong></span> 
     </span>
    </p>
   </div>
   <div class='ocr_carea' id='block_1_8' title="bbox 169 2562 239 2593">
    <p class='ocr_par' dir='ltr' id='par_1_8' title="bbox 169 2562 239 2593">
     <span class='ocr_line' id='line_1_9' title="bbox 169 2562 239 2593; baseline -0.029 0"><span class='ocrx_word' id='word_1_9' title='bbox 169 2562 239 2593; x_wconf 84' lang='lat' dir='ltr'><strong><em>XO.</em></strong></span> 
     </span>
    </p>
   </div>
   <div class='ocr_carea' id='block_1_9' title="bbox 175 3545 237 3577">
    <p class='ocr_par' dir='ltr' id='par_1_9' title="bbox 175 3545 237 3577">
     <span class='ocr_line' id='line_1_10' title="bbox 175 3545 237 3577; baseline 0.032 -2"><span class='ocrx_word' id='word_1_10' title='bbox 175 3545 237 3577; x_wconf 76' lang='lat' dir='ltr'><strong><em>EP.</em></strong></span> 
     </span>
    </p>
   </div>
   <div class='ocr_carea' id='block_1_10' title="bbox 1113 260 1354 303">
    <p class='ocr_par' dir='ltr' id='par_1_10' title="bbox 1113 260 1354 303">
     <span class='ocr_line' id='line_1_11' title="bbox 1113 260 1354 303; baseline -0.004 0"><span class='ocrx_word' id='word_1_11' title='bbox 1113 260 1354 303; x_wconf 84' lang='lat' dir='ltr'><strong>EIPHNH.</strong></span> 
     </span>
    </p>
   </div>
   <div class='ocr_carea' id='block_1_11' title="bbox 267 359 1218 2864">
    <p class='ocr_par' dir='ltr' id='par_1_11' title="bbox 293 359 930 409">
     <span class='ocr_line' id='line_1_12' title="bbox 293 359 930 409; baseline -0.003 -10"><span class='ocrx_word' id='word_1_12' title='bbox 293 360 348 399; x_wconf 70' lang='grc' dir='ltr'><strong><em>καὶ</em></strong></span> <span class='ocrx_word' id='word_1_13' title='bbox 363 362 467 403; x_wconf 80' lang='grc' dir='ltr'><strong><em>ταῦτα</em></strong></span> <span class='ocrx_word' id='word_1_14' title='bbox 482 359 662 409; x_wconf 81' lang='grc' dir='ltr'><strong><em>δαιμονίως</em></strong></span> <span class='ocrx_word' id='word_1_15' title='bbox 677 361 930 407; x_wconf 71' lang='grc' dir='ltr'><strong><em>ὑπωπιασμέναι</em></strong></span> 
     </span>
    </p>

    <p class='ocr_par' dir='ltr' id='par_1_12' title="bbox 290 413 1002 461">
     <span class='ocr_line' id='line_1_13' title="bbox 290 413 1002 461; baseline -0.004 -10"><span class='ocrx_word' id='word_1_16' title='bbox 290 414 510 460; x_wconf 70' lang='grc' dir='ltr'>ἁπαξάπασαι</span> <span class='ocrx_word' id='word_1_17' title='bbox 527 415 581 450; x_wconf 83' lang='grc' dir='ltr'><strong><em>καὶ</em></strong></span> <span class='ocrx_word' id='word_1_18' title='bbox 599 413 736 450; x_wconf 79' lang='grc' dir='ltr'>κυάθοις</span> <span class='ocrx_word' id='word_1_19' title='bbox 751 413 1002 461; x_wconf 89' lang='grc' dir='ltr'><strong><em>προσκείμεναι.</em></strong></span> 
     </span>
    </p>

    <p class='ocr_par' dir='ltr' id='par_1_13' title="bbox 289 466 1006 512">
     <span class='ocr_line' id='line_1_14' title="bbox 289 466 1006 512; baseline -0.004 -9"><span class='ocrx_word' id='word_1_20' title='bbox 289 466 344 502; x_wconf 75' lang='grc' dir='ltr'><strong><em>καὶ</em></strong></span> <span class='ocrx_word' id='word_1_21' title='bbox 361 467 465 503; x_wconf 79' lang='grc' dir='ltr'><strong><em>τῶνδε</em></strong></span> <span class='ocrx_word' id='word_1_22' title='bbox 481 467 593 507; x_wconf 82' lang='grc' dir='ltr'><strong><em>τοίνυν</em></strong></span> <span class='ocrx_word' id='word_1_23' title='bbox 609 469 679 502; x_wconf 80' lang='grc' dir='ltr'><strong><em>τῶν</em></strong></span> <span class='ocrx_word' id='word_1_24' title='bbox 696 466 868 512; x_wconf 80' lang='grc' dir='ltr'><strong><em>θεωμένων</em></strong></span> <span class='ocrx_word' id='word_1_25' title='bbox 885 466 1006 501; x_wconf 82' lang='grc' dir='ltr'><strong><em>σκόπει</em></strong></span> 
     </span>
    </p>

    <p class='ocr_par' dir='ltr' id='par_1_14' title="bbox 289 517 922 568">
     <span class='ocr_line' id='line_1_15' title="bbox 289 517 922 568; baseline 0.002 -14"><span class='ocrx_word' id='word_1_26' title='bbox 289 519 332 554; x_wconf 81' lang='grc' dir='ltr'><strong><em>τὰ</em></strong></span> <span class='ocrx_word' id='word_1_27' title='bbox 347 518 521 566; x_wconf 81' lang='grc' dir='ltr'><strong><em>πρόσωφ’,</em></strong></span> <span class='ocrx_word' id='word_1_28' title='bbox 538 517 593 555; x_wconf 79' lang='grc' dir='ltr'><strong><em>ἵνα</em></strong></span> <span class='ocrx_word' id='word_1_29' title='bbox 608 519 699 568; x_wconf 72' lang='grc' dir='ltr'><strong><em>γνῷς</em></strong></span> <span class='ocrx_word' id='word_1_30' title='bbox 715 518 775 555; x_wconf 80' lang='grc' dir='ltr'><strong><em>τὰς</em></strong></span> <span class='ocrx_word' id='word_1_31' title='bbox 791 518 922 565; x_wconf 80' lang='grc' dir='ltr'><strong><em>τέχνας.</em></strong></span> 
     </span>
    </p>

    <p class='ocr_par' dir='ltr' id='par_1_15' title="bbox 945 568 1171 612">
     <span class='ocr_line' id='line_1_16' title="bbox 945 568 1171 612; baseline 0.004 -7"><span class='ocrx_word' id='word_1_32' title='bbox 945 568 1041 612; x_wconf 68' lang='grc' dir='ltr'><strong><em>αιβῦῖ</em></strong></span> <span class='ocrx_word' id='word_1_33' title='bbox 1055 569 1171 608; x_wconf 63' lang='grc' dir='ltr'><strong><em>Τάλας»</em></strong></span> 
     </span>
    </p>

    <p class='ocr_par' dir='ltr' id='par_1_16' title="bbox 285 623 1122 776">
     <span class='ocr_line' id='line_1_17' title="bbox 287 623 992 671; baseline 0 -13"><span class='ocrx_word' id='word_1_34' title='bbox 287 623 423 659; x_wconf 81' lang='grc' dir='ltr'><strong><em>ἐκεινονὶ</em></strong></span> <span class='ocrx_word' id='word_1_35' title='bbox 439 626 523 671; x_wconf 82' lang='grc' dir='ltr'><strong><em>γοῦν</em></strong></span> <span class='ocrx_word' id='word_1_36' title='bbox 540 625 599 659; x_wconf 90' lang='grc' dir='ltr'><strong><em>τὸν</em></strong></span> <span class='ocrx_word' id='word_1_37' title='bbox 615 623 810 670; x_wconf 83' lang='grc' dir='ltr'><strong><em>λοφοποιὸν</em></strong></span> <span class='ocrx_word' id='word_1_38' title='bbox 826 623 891 669; x_wconf 81' lang='grc' dir='ltr'><strong><em>οὐχ</em></strong></span> <span class='ocrx_word' id='word_1_39' title='bbox 910 624 992 670; x_wconf 80' lang='grc' dir='ltr'><strong><em>ὅρᾷς</em></strong></span> 
     </span>
     <span class='ocr_line' id='line_1_18' title="bbox 285 673 1122 722; baseline -0.005 -10"><span class='ocrx_word' id='word_1_40' title='bbox 285 675 442 712; x_wconf 76' lang='grc' dir='ltr'><strong><em>τίλλονθ’</em></strong></span> <span class='ocrx_word' id='word_1_41' title='bbox 462 677 602 717; x_wconf 86' lang='grc' dir='ltr'><strong><em>ἐαυτόν;</em></strong></span> <span class='ocrx_word' id='word_1_42' title='bbox 631 678 650 712; x_wconf 86' lang='grc' dir='ltr'>ὅ</span> <span class='ocrx_word' id='word_1_43' title='bbox 671 676 709 711; x_wconf 86' lang='grc' dir='ltr'><strong><em>δέ</em></strong></span> <span class='ocrx_word' id='word_1_44' title='bbox 725 691 765 722; x_wconf 90' lang='grc' dir='ltr'><strong><em>γε</em></strong></span> <span class='ocrx_word' id='word_1_45' title='bbox 782 676 841 712; x_wconf 86' lang='grc' dir='ltr'><strong><em>τὰς</em></strong></span> <span class='ocrx_word' id='word_1_46' title='bbox 859 673 1000 720; x_wconf 82' lang='grc' dir='ltr'><strong><em>σμινύας</em></strong></span> <span class='ocrx_word' id='word_1_47' title='bbox 1016 676 1122 710; x_wconf 79' lang='grc' dir='ltr'><strong><em>ποιῶν</em></strong></span> 
     </span>
     <span class='ocr_line' id='line_1_19' title="bbox 287 725 1031 776; baseline -0.003 -14"><span class='ocrx_word' id='word_1_48' title='bbox 287 729 489 775; x_wconf 80' lang='grc' dir='ltr'><strong><em>κατέπαρδεν</em></strong></span> <span class='ocrx_word' id='word_1_49' title='bbox 505 728 580 775; x_wconf 77' lang='grc' dir='ltr'><strong><em>άρτι</em></strong></span> <span class='ocrx_word' id='word_1_50' title='bbox 598 731 661 764; x_wconf 86' lang='grc' dir='ltr'><strong><em>τοῦ</em></strong></span> <span class='ocrx_word' id='word_1_51' title='bbox 679 728 869 776; x_wconf 79' lang='grc' dir='ltr'><strong><em>ξιφουργοῦ</em></strong></span> <span class='ocrx_word' id='word_1_52' title='bbox 886 725 1031 762; x_wconf 90' lang='grc' dir='ltr'><strong><em>’κεινουί.</em></strong></span> 
     </span>
    </p>

    <p class='ocr_par' dir='ltr' id='par_1_17' title="bbox 286 779 998 828">
     <span class='ocr_line' id='line_1_20' title="bbox 286 779 998 828; baseline -0.004 -12"><span class='ocrx_word' id='word_1_53' title='bbox 286 783 306 816; x_wconf 88' lang='grc' dir='ltr'><strong><em>ὁ</em></strong></span> <span class='ocrx_word' id='word_1_54' title='bbox 324 781 360 816; x_wconf 79' lang='grc' dir='ltr'><strong><em>δὲ</em></strong></span> <span class='ocrx_word' id='word_1_55' title='bbox 379 781 625 828; x_wconf 77' lang='grc' dir='ltr'><strong><em>δρεπανουργὸς</em></strong></span> <span class='ocrx_word' id='word_1_56' title='bbox 642 780 710 827; x_wconf 76' lang='grc' dir='ltr'><strong><em>οὐχ</em></strong></span> <span class='ocrx_word' id='word_1_57' title='bbox 728 783 807 826; x_wconf 78' lang='grc' dir='ltr'><strong><em>ὁρᾷς</em></strong></span> <span class='ocrx_word' id='word_1_58' title='bbox 824 780 869 816; x_wconf 84' lang='grc' dir='ltr'><strong><em>ὦς</em></strong></span> <span class='ocrx_word' id='word_1_59' title='bbox 885 779 998 824; x_wconf 84' lang='grc' dir='ltr'><strong><em>ἥδεται</em></strong></span> 
     </span>
    </p>

    <p class='ocr_par' dir='ltr' id='par_1_18' title="bbox 287 830 929 881">
     <span class='ocr_line' id='line_1_21' title="bbox 287 830 929 881; baseline -0.003 -13"><span class='ocrx_word' id='word_1_60' title='bbox 287 833 341 868; x_wconf 76' lang='grc' dir='ltr'><strong><em>καὶ</em></strong></span> <span class='ocrx_word' id='word_1_61' title='bbox 357 833 417 868; x_wconf 85' lang='grc' dir='ltr'><strong><em>τὸν</em></strong></span> <span class='ocrx_word' id='word_1_62' title='bbox 434 833 576 881; x_wconf 82' lang='grc' dir='ltr'><strong><em>δορυξὸν</em></strong></span> <span class='ocrx_word' id='word_1_63' title='bbox 593 830 665 869; x_wconf 79' lang='grc' dir='ltr'><strong><em>οἷον</em></strong></span> <span class='ocrx_word' id='word_1_64' title='bbox 682 833 906 878; x_wconf 72' lang='grc' dir='ltr'><strong><em>ἐσκιμάλισεν</em></strong></span> <span class='ocrx_word' id='word_1_65' title='bbox 920 844 929 872; x_wconf 72' lang='lat'>3</span> 
     </span>
    </p>

    <p class='ocr_par' dir='ltr' id='par_1_19' title="bbox 286 883 995 986">
     <span class='ocr_line' id='line_1_22' title="bbox 286 883 995 933; baseline -0.004 -13"><span class='ocrx_word' id='word_1_66' title='bbox 286 884 334 920; x_wconf 77' lang='grc' dir='ltr'><strong><em>’ίθι</em></strong></span> <span class='ocrx_word' id='word_1_67' title='bbox 351 900 421 926; x_wconf 91' lang='grc' dir='ltr'><strong><em>νυν,</em></strong></span> <span class='ocrx_word' id='word_1_68' title='bbox 440 885 553 921; x_wconf 82' lang='grc' dir='ltr'><strong><em>ἅνειπε</em></strong></span> <span class='ocrx_word' id='word_1_69' title='bbox 569 885 648 922; x_wconf 77' lang='grc' dir='ltr'><strong><em>τοὺς</em></strong></span> <span class='ocrx_word' id='word_1_70' title='bbox 663 884 837 933; x_wconf 81' lang='grc' dir='ltr'><strong><em>γεωργοὺς</em></strong></span> <span class='ocrx_word' id='word_1_71' title='bbox 853 883 995 919; x_wconf 80' lang='grc' dir='ltr'><strong><em>ἀπιέναι.</em></strong></span> 
     </span>
     <span class='ocr_line' id='line_1_23' title="bbox 286 936 963 986; baseline -0.001 -13"><span class='ocrx_word' id='word_1_72' title='bbox 286 936 423 973; x_wconf 86' lang='grc' dir='ltr'><strong><em>ἀκούετε</em></strong></span> <span class='ocrx_word' id='word_1_73' title='bbox 438 938 520 986; x_wconf 75' lang='grc' dir='ltr'><strong><em>λεῴ·</em></strong></span> <span class='ocrx_word' id='word_1_74' title='bbox 549 938 627 975; x_wconf 82' lang='grc' dir='ltr'><strong><em>τοὺς</em></strong></span> <span class='ocrx_word' id='word_1_75' title='bbox 643 937 816 986; x_wconf 84' lang='grc' dir='ltr'><strong><em>γεωργοὺς</em></strong></span> <span class='ocrx_word' id='word_1_76' title='bbox 834 936 963 972; x_wconf 76' lang='grc' dir='ltr'><strong><em>ἀπιέναι</em></strong></span> 
     </span>
    </p>

    <p class='ocr_par' dir='ltr' id='par_1_20' title="bbox 282 989 999 1037">
     <span class='ocr_line' id='line_1_24' title="bbox 282 989 999 1037; baseline -0.001 -12"><span class='ocrx_word' id='word_1_77' title='bbox 282 991 325 1025; x_wconf 83' lang='grc' dir='ltr'><strong><em>τὰ</em></strong></span> <span class='ocrx_word' id='word_1_78' title='bbox 340 991 506 1037; x_wconf 86' lang='grc' dir='ltr'><strong><em>γεωργικὰ</em></strong></span> <span class='ocrx_word' id='word_1_79' title='bbox 524 990 626 1035; x_wconf 86' lang='grc' dir='ltr'><strong><em>σκεύη</em></strong></span> <span class='ocrx_word' id='word_1_80' title='bbox 643 992 815 1027; x_wconf 77' lang='grc' dir='ltr'><strong><em>λαβόντας</em></strong></span> <span class='ocrx_word' id='word_1_81' title='bbox 832 989 879 1026; x_wconf 85' lang='grc' dir='ltr'><strong><em>εἷς</em></strong></span> <span class='ocrx_word' id='word_1_82' title='bbox 895 989 999 1037; x_wconf 80' lang='grc' dir='ltr'><strong><em>ἀγρὸν</em></strong></span> 
     </span>
    </p>

    <p class='ocr_par' dir='ltr' id='par_1_21' title="bbox 279 1039 1218 1613">
     <span class='ocr_line' id='line_1_25' title="bbox 282 1039 1164 1091; baseline -0.003 -13"><span class='ocrx_word' id='word_1_83' title='bbox 282 1043 328 1079; x_wconf 80' lang='grc' dir='ltr'><strong><em>ὣς</em></strong></span> <span class='ocrx_word' id='word_1_84' title='bbox 344 1043 477 1089; x_wconf 84' lang='grc' dir='ltr'><strong><em>τάχιστ’</em></strong></span> <span class='ocrx_word' id='word_1_85' title='bbox 496 1043 573 1078; x_wconf 75' lang='grc' dir='ltr'><strong><em>ἄνευ</em></strong></span> <span class='ocrx_word' id='word_1_86' title='bbox 591 1042 751 1091; x_wconf 80' lang='grc' dir='ltr'><strong><em>δορατίου</em></strong></span> <span class='ocrx_word' id='word_1_87' title='bbox 767 1044 822 1079; x_wconf 86' lang='grc' dir='ltr'><strong><em>καὶ</em></strong></span> <span class='ocrx_word' id='word_1_88' title='bbox 838 1042 963 1088; x_wconf 82' lang='grc' dir='ltr'><strong><em>ξίφους</em></strong></span> <span class='ocrx_word' id='word_1_89' title='bbox 980 1039 1164 1077; x_wconf 83' lang='grc' dir='ltr'><strong><em>κάκοντίου·</em></strong></span> 
     </span>
     <span class='ocr_line' id='line_1_26' title="bbox 282 1092 1214 1141; baseline -0.003 -11"><span class='ocrx_word' id='word_1_90' title='bbox 282 1096 327 1132; x_wconf 81' lang='grc' dir='ltr'><strong><em>ὣς</em></strong></span> <span class='ocrx_word' id='word_1_91' title='bbox 344 1095 460 1131; x_wconf 79' lang='grc' dir='ltr'><strong><em>ἅπαντ’</em></strong></span> <span class='ocrx_word' id='word_1_92' title='bbox 478 1097 540 1140; x_wconf 82' lang='grc' dir='ltr'><strong><em>ἤδη</em></strong></span> <span class='ocrx_word' id='word_1_93' title='bbox 557 1095 629 1131; x_wconf 80' lang='grc' dir='ltr'><strong><em>’στὶ</em></strong></span> <span class='ocrx_word' id='word_1_94' title='bbox 644 1095 756 1140; x_wconf 76' lang='grc' dir='ltr'><strong><em>μεστὰ</em></strong></span> <span class='ocrx_word' id='word_1_95' title='bbox 773 1094 906 1130; x_wconf 75' lang='grc' dir='ltr'><strong><em>τάνθάδ’</em></strong></span> <span class='ocrx_word' id='word_1_96' title='bbox 924 1092 1053 1141; x_wconf 73' lang='grc' dir='ltr'><strong><em>εἰρήνης</em></strong></span> <span class='ocrx_word' id='word_1_97' title='bbox 1071 1093 1214 1139; x_wconf 80' lang='grc' dir='ltr'><strong><em>σαπρᾶς.</em></strong></span> 
     </span>
     <span class='ocr_line' id='line_1_27' title="bbox 282 1145 1191 1195; baseline -0.002 -13"><span class='ocrx_word' id='word_1_98' title='bbox 282 1148 374 1187; x_wconf 85' lang='grc' dir='ltr'><strong><em>ἀλλὰ</em></strong></span> <span class='ocrx_word' id='word_1_99' title='bbox 390 1150 456 1185; x_wconf 87' lang='grc' dir='ltr'><strong><em>πᾶς</em></strong></span> <span class='ocrx_word' id='word_1_100' title='bbox 471 1149 575 1195; x_wconf 87' lang='grc' dir='ltr'><strong><em>χώρει</em></strong></span> <span class='ocrx_word' id='word_1_101' title='bbox 592 1162 680 1195; x_wconf 91' lang='grc' dir='ltr'><strong><em>προς</em></strong></span> <span class='ocrx_word' id='word_1_102' title='bbox 696 1148 795 1195; x_wconf 81' lang='grc' dir='ltr'><strong><em>ἔργον</em></strong></span> <span class='ocrx_word' id='word_1_103' title='bbox 812 1147 859 1184; x_wconf 86' lang='grc' dir='ltr'><strong><em>εἶς</em></strong></span> <span class='ocrx_word' id='word_1_104' title='bbox 876 1147 980 1194; x_wconf 83' lang='grc' dir='ltr'><strong><em>ἀγρὸν</em></strong></span> <span class='ocrx_word' id='word_1_105' title='bbox 995 1145 1191 1182; x_wconf 85' lang='grc' dir='ltr'><strong><em>παιωνίσας.</em></strong></span> 
     </span>
     <span class='ocr_line' id='line_1_28' title="bbox 282 1197 1218 1247; baseline -0.002 -12"><span class='ocrx_word' id='word_1_106' title='bbox 282 1199 309 1235; x_wconf 79' lang='grc' dir='ltr'><em>ὦ</em></span> <span class='ocrx_word' id='word_1_107' title='bbox 325 1199 461 1246; x_wconf 85' lang='grc' dir='ltr'><strong><em>ποθεινὴ</em></strong></span> <span class='ocrx_word' id='word_1_108' title='bbox 480 1202 550 1237; x_wconf 89' lang='grc' dir='ltr'><strong><em>τοῖς</em></strong></span> <span class='ocrx_word' id='word_1_109' title='bbox 566 1199 707 1236; x_wconf 85' lang='grc' dir='ltr'><strong><em>δικαίοις</em></strong></span> <span class='ocrx_word' id='word_1_110' title='bbox 724 1200 776 1234; x_wconf 71' lang='grc' dir='ltr'><strong><em>καὶ</em></strong></span> <span class='ocrx_word' id='word_1_111' title='bbox 793 1201 955 1247; x_wconf 77' lang='grc' dir='ltr'><strong><em>γεωργοῖς</em></strong></span> <span class='ocrx_word' id='word_1_112' title='bbox 971 1197 1087 1245; x_wconf 79' lang='grc' dir='ltr'><strong><em>ἡμέρα,</em></strong></span> <span class='ocrx_word' id='word_1_113' title='bbox 1155 1209 1172 1242; x_wconf 85' lang='lat'><strong>5</strong></span> <span class='ocrx_word' id='word_1_114' title='bbox 1176 1200 1218 1242; x_wconf 83' lang='lat'><strong><em>56</em></strong></span> 
     </span>
     <span class='ocr_line' id='line_1_29' title="bbox 281 1250 1214 1300; baseline -0.001 -12"><span class='ocrx_word' id='word_1_115' title='bbox 281 1252 426 1298; x_wconf 71' lang='grc' dir='ltr'><strong><em>ἄσμενός</em></strong></span> <span class='ocrx_word' id='word_1_116' title='bbox 437 1253 470 1288; x_wconf 93' lang='grc' dir='ltr'><strong><em>σ’</em></strong></span> <span class='ocrx_word' id='word_1_117' title='bbox 483 1253 561 1288; x_wconf 80' lang='grc' dir='ltr'><strong><em>ἰδὼν</em></strong></span> <span class='ocrx_word' id='word_1_118' title='bbox 570 1253 771 1300; x_wconf 87' lang='grc' dir='ltr'><strong><em>προσειπεῖν</em></strong></span> <span class='ocrx_word' id='word_1_119' title='bbox 780 1251 948 1298; x_wconf 88' lang='grc' dir='ltr'><strong><em>βούλομαι</em></strong></span> <span class='ocrx_word' id='word_1_120' title='bbox 958 1251 1018 1287; x_wconf 80' lang='grc' dir='ltr'><strong><em>τὰς</em></strong></span> <span class='ocrx_word' id='word_1_121' title='bbox 1027 1250 1214 1296; x_wconf 85' lang='grc' dir='ltr'><strong><em>ἀμπέλους·</em></strong></span> 
     </span>
     <span class='ocr_line' id='line_1_30' title="bbox 280 1302 1098 1352; baseline -0.001 -12"><span class='ocrx_word' id='word_1_122' title='bbox 280 1306 340 1341; x_wconf 91' lang='grc' dir='ltr'><strong><em>τάς</em></strong></span> <span class='ocrx_word' id='word_1_123' title='bbox 356 1320 394 1340; x_wconf 88' lang='grc' dir='ltr'><strong><em>τε</em></strong></span> <span class='ocrx_word' id='word_1_124' title='bbox 412 1308 528 1346; x_wconf 84' lang='grc' dir='ltr'><strong><em>συκᾶς,</em></strong></span> <span class='ocrx_word' id='word_1_125' title='bbox 547 1305 587 1342; x_wconf 79' lang='grc' dir='ltr'><strong><em>ἃς</em></strong></span> <span class='ocrx_word' id='word_1_126' title='bbox 605 1305 671 1352; x_wconf 81' lang='grc' dir='ltr'><strong><em>ἐγὼ</em></strong></span> <span class='ocrx_word' id='word_1_127' title='bbox 688 1302 848 1350; x_wconf 84' lang='grc' dir='ltr'><strong><em>’φύτευον</em></strong></span> <span class='ocrx_word' id='word_1_128' title='bbox 865 1303 911 1339; x_wconf 81' lang='grc' dir='ltr'><strong><em>ὣν</em></strong></span> <span class='ocrx_word' id='word_1_129' title='bbox 928 1304 1098 1350; x_wconf 88' lang='grc' dir='ltr'><strong><em>νεώτερος,</em></strong></span> 
     </span>
     <span class='ocr_line' id='line_1_31' title="bbox 280 1356 1160 1404; baseline -0.002 -12"><span class='ocrx_word' id='word_1_130' title='bbox 280 1357 506 1397; x_wconf 85' lang='grc' dir='ltr'><strong><em>ἀσπάσασθαι</em></strong></span> <span class='ocrx_word' id='word_1_131' title='bbox 523 1357 626 1403; x_wconf 89' lang='grc' dir='ltr'><strong><em>θυμὸς</em></strong></span> <span class='ocrx_word' id='word_1_132' title='bbox 642 1357 722 1402; x_wconf 84' lang='grc' dir='ltr'><strong><em>ἡμῖν</em></strong></span> <span class='ocrx_word' id='word_1_133' title='bbox 739 1357 814 1391; x_wconf 90' lang='grc' dir='ltr'><strong><em>ἐστι</em></strong></span> <span class='ocrx_word' id='word_1_134' title='bbox 831 1356 1019 1404; x_wconf 73' lang='grc' dir='ltr'><strong><em>πολλοστῷ</em></strong></span> <span class='ocrx_word' id='word_1_135' title='bbox 1035 1357 1160 1402; x_wconf 81' lang='grc' dir='ltr'><strong><em>χρόνῳ.</em></strong></span> 
     </span>
     <span class='ocr_line' id='line_1_32' title="bbox 280 1406 1213 1457; baseline -0.004 -11"><span class='ocrx_word' id='word_1_136' title='bbox 280 1412 338 1446; x_wconf 84' lang='grc' dir='ltr'><strong><em>νῦν</em></strong></span> <span class='ocrx_word' id='word_1_137' title='bbox 349 1410 411 1456; x_wconf 76' lang='grc' dir='ltr'><strong><em>μὲν</em></strong></span> <span class='ocrx_word' id='word_1_138' title='bbox 420 1409 490 1451; x_wconf 73' lang='grc' dir='ltr'><strong><em>οὖν,</em></strong></span> <span class='ocrx_word' id='word_1_139' title='bbox 497 1410 630 1457; x_wconf 82' lang='grc' dir='ltr'><strong><em>ὧνδρες,</em></strong></span> <span class='ocrx_word' id='word_1_140' title='bbox 642 1408 933 1456; x_wconf 81' lang='grc' dir='ltr'><strong><em>προσευξώμεσθα</em></strong></span> <span class='ocrx_word' id='word_1_141' title='bbox 943 1410 1076 1455; x_wconf 80' lang='grc' dir='ltr'><strong><em>πρῶτον</em></strong></span> <span class='ocrx_word' id='word_1_142' title='bbox 1085 1410 1125 1452; x_wconf 81' lang='grc' dir='ltr'><strong><em>τῇ</em></strong></span> <span class='ocrx_word' id='word_1_143' title='bbox 1137 1406 1213 1456; x_wconf 76' lang='grc' dir='ltr'><strong><em>θεῷ,</em></strong></span> 
     </span>
     <span class='ocr_line' id='line_1_33' title="bbox 279 1461 1199 1509; baseline -0.002 -11"><span class='ocrx_word' id='word_1_144' title='bbox 279 1462 365 1509; x_wconf 84' lang='grc' dir='ltr'><strong><em>ἥπερ</em></strong></span> <span class='ocrx_word' id='word_1_145' title='bbox 382 1462 474 1508; x_wconf 83' lang='grc' dir='ltr'><strong><em>ἡμῶν</em></strong></span> <span class='ocrx_word' id='word_1_146' title='bbox 490 1462 568 1498; x_wconf 77' lang='grc' dir='ltr'><strong><em>τοὺς</em></strong></span> <span class='ocrx_word' id='word_1_147' title='bbox 584 1463 718 1508; x_wconf 89' lang='grc' dir='ltr'><strong><em>λόφους</em></strong></span> <span class='ocrx_word' id='word_1_148' title='bbox 730 1461 855 1506; x_wconf 84' lang='grc' dir='ltr'><strong><em>ἀφεῖλε</em></strong></span> <span class='ocrx_word' id='word_1_149' title='bbox 873 1461 926 1495; x_wconf 83' lang='grc' dir='ltr'><strong><em>καὶ</em></strong></span> <span class='ocrx_word' id='word_1_150' title='bbox 943 1461 1003 1496; x_wconf 89' lang='grc' dir='ltr'><strong><em>τὰς</em></strong></span> <span class='ocrx_word' id='word_1_151' title='bbox 1020 1462 1199 1508; x_wconf 78' lang='grc' dir='ltr'><strong><em>Γοργόνας·</em></strong></span> 
     </span>
     <span class='ocr_line' id='line_1_34' title="bbox 280 1511 1212 1562; baseline -0.002 -12"><span class='ocrx_word' id='word_1_152' title='bbox 280 1512 345 1550; x_wconf 80' lang='grc' dir='ltr'><strong><em>εἶθ’</em></strong></span> <span class='ocrx_word' id='word_1_153' title='bbox 364 1514 454 1552; x_wconf 86' lang='grc' dir='ltr'><strong><em>ὅπως</em></strong></span> <span class='ocrx_word' id='word_1_154' title='bbox 469 1517 706 1562; x_wconf 88' lang='grc' dir='ltr'><strong><em>λιταργιοῦμεν</em></strong></span> <span class='ocrx_word' id='word_1_155' title='bbox 722 1511 826 1548; x_wconf 75' lang='grc' dir='ltr'><strong><em>οἴκαδ’</em></strong></span> <span class='ocrx_word' id='word_1_156' title='bbox 845 1512 893 1549; x_wconf 85' lang='grc' dir='ltr'><strong><em>εἷς</em></strong></span> <span class='ocrx_word' id='word_1_157' title='bbox 909 1513 951 1547; x_wconf 83' lang='grc' dir='ltr'><strong><em>τὰ</em></strong></span> <span class='ocrx_word' id='word_1_158' title='bbox 966 1512 1087 1559; x_wconf 88' lang='grc' dir='ltr'><strong><em>χωρία,</em></strong></span> <span class='ocrx_word' id='word_1_159' title='bbox 1151 1515 1212 1557; x_wconf 82' lang='lat'><strong><em>562</em></strong></span> 
     </span>
     <span class='ocr_line' id='line_1_35' title="bbox 281 1565 1118 1613; baseline -0.005 -10"><span class='ocrx_word' id='word_1_160' title='bbox 281 1566 535 1612; x_wconf 81' lang='grc' dir='ltr'><strong><em>ἐμπολήσαντές</em></strong></span> <span class='ocrx_word' id='word_1_161' title='bbox 551 1581 584 1601; x_wconf 87' lang='grc' dir='ltr'><strong><em>τι</em></strong></span> <span class='ocrx_word' id='word_1_162' title='bbox 600 1566 754 1613; x_wconf 82' lang='grc' dir='ltr'><strong><em>χρηστὸν</em></strong></span> <span class='ocrx_word' id='word_1_163' title='bbox 771 1565 818 1601; x_wconf 86' lang='grc' dir='ltr'><strong><em>εἷς</em></strong></span> <span class='ocrx_word' id='word_1_164' title='bbox 834 1565 938 1613; x_wconf 87' lang='grc' dir='ltr'><strong><em>ἀγρὸν</em></strong></span> <span class='ocrx_word' id='word_1_165' title='bbox 954 1565 1118 1613; x_wconf 86' lang='grc' dir='ltr'><strong><em>ταρίχιον.</em></strong></span> 
     </span>
    </p>

    <p class='ocr_par' dir='ltr' id='par_1_22' title="bbox 276 1617 1210 1875">
     <span class='ocr_line' id='line_1_36' title="bbox 281 1617 1186 1664; baseline -0.003 -9"><span class='ocrx_word' id='word_1_166' title='bbox 281 1619 307 1654; x_wconf 80' lang='grc' dir='ltr'><strong>ὦ</strong></span> <span class='ocrx_word' id='word_1_167' title='bbox 323 1621 505 1660; x_wconf 85' lang='grc' dir='ltr'><strong><em>Πόσειδον,</em></strong></span> <span class='ocrx_word' id='word_1_168' title='bbox 525 1620 570 1655; x_wconf 86' lang='grc' dir='ltr'><strong><em>ὦς</em></strong></span> <span class='ocrx_word' id='word_1_169' title='bbox 587 1620 692 1654; x_wconf 86' lang='grc' dir='ltr'><strong><em>καλὸν</em></strong></span> <span class='ocrx_word' id='word_1_170' title='bbox 707 1619 747 1653; x_wconf 86' lang='grc' dir='ltr'><strong><em>τὸ</em></strong></span> <span class='ocrx_word' id='word_1_171' title='bbox 766 1618 892 1663; x_wconf 80' lang='grc' dir='ltr'><strong><em>στῖφος</em></strong></span> <span class='ocrx_word' id='word_1_172' title='bbox 908 1617 1016 1652; x_wconf 84' lang='grc' dir='ltr'><strong><em>αύτῶν</em></strong></span> <span class='ocrx_word' id='word_1_173' title='bbox 1032 1618 1186 1664; x_wconf 83' lang='grc' dir='ltr'><strong><em>φαίνεται</em></strong></span> 
     </span>
     <span class='ocr_line' id='line_1_37' title="bbox 281 1670 1208 1718; baseline -0.002 -12"><span class='ocrx_word' id='word_1_174' title='bbox 281 1672 335 1707; x_wconf 79' lang='grc' dir='ltr'><strong><em>καὶ</em></strong></span> <span class='ocrx_word' id='word_1_175' title='bbox 352 1674 476 1708; x_wconf 86' lang='grc' dir='ltr'><strong><em>πυκνὸν</em></strong></span> <span class='ocrx_word' id='word_1_176' title='bbox 493 1672 547 1707; x_wconf 77' lang='grc' dir='ltr'><strong><em>καὶ</em></strong></span> <span class='ocrx_word' id='word_1_177' title='bbox 562 1671 689 1718; x_wconf 86' lang='grc' dir='ltr'><strong><em>γοργὸν</em></strong></span> <span class='ocrx_word' id='word_1_178' title='bbox 706 1671 822 1716; x_wconf 80' lang='grc' dir='ltr'><strong><em>ὥσπερ</em></strong></span> <span class='ocrx_word' id='word_1_179' title='bbox 839 1671 926 1714; x_wconf 78' lang='grc' dir='ltr'><strong><em>μᾶζα</em></strong></span> <span class='ocrx_word' id='word_1_180' title='bbox 944 1670 997 1704; x_wconf 81' lang='grc' dir='ltr'><strong><em>καὶ</em></strong></span> <span class='ocrx_word' id='word_1_181' title='bbox 1015 1670 1208 1705; x_wconf 84' lang='grc' dir='ltr'><strong><em>πανδαισία.</em></strong></span> 
     </span>
     <span class='ocr_line' id='line_1_38' title="bbox 281 1721 1210 1772; baseline -0.004 -12"><span class='ocrx_word' id='word_1_182' title='bbox 281 1725 320 1770; x_wconf 84' lang='grc' dir='ltr'><strong><em>νὴ</em></strong></span> <span class='ocrx_word' id='word_1_183' title='bbox 338 1725 394 1764; x_wconf 84' lang='grc' dir='ltr'><strong><em>Δί’</em></strong></span> <span class='ocrx_word' id='word_1_184' title='bbox 412 1724 432 1770; x_wconf 85' lang='grc' dir='ltr'><em>ἡ</em></span> <span class='ocrx_word' id='word_1_185' title='bbox 445 1725 512 1772; x_wconf 79' lang='grc' dir='ltr'><strong><em>γὰρ</em></strong></span> <span class='ocrx_word' id='word_1_186' title='bbox 530 1725 648 1770; x_wconf 85' lang='grc' dir='ltr'><strong><em>σφῦρα</em></strong></span> <span class='ocrx_word' id='word_1_187' title='bbox 664 1723 820 1770; x_wconf 90' lang='grc' dir='ltr'><strong><em>λαμπρὸν</em></strong></span> <span class='ocrx_word' id='word_1_188' title='bbox 836 1721 876 1767; x_wconf 84' lang='grc' dir='ltr'><strong><em>ἦν</em></strong></span> <span class='ocrx_word' id='word_1_189' title='bbox 892 1721 944 1769; x_wconf 74' lang='grc' dir='ltr'><strong><em>ἄρ’</em></strong></span> <span class='ocrx_word' id='word_1_190' title='bbox 963 1722 1210 1768; x_wconf 81' lang='grc' dir='ltr'><strong><em>ἐξωπλισμένη,</em></strong></span> 
     </span>
     <span class='ocr_line' id='line_1_39' title="bbox 277 1774 1209 1825; baseline -0.001 -13"><span class='ocrx_word' id='word_1_191' title='bbox 277 1774 366 1812; x_wconf 83' lang='grc' dir='ltr'><strong><em>αἵτε</em></strong></span> <span class='ocrx_word' id='word_1_192' title='bbox 383 1777 533 1825; x_wconf 85' lang='grc' dir='ltr'><strong><em>θρίνακες</em></strong></span> <span class='ocrx_word' id='word_1_193' title='bbox 550 1774 793 1818; x_wconf 83' lang='grc' dir='ltr'><strong><em>διαστίλβουσι</em></strong></span> <span class='ocrx_word' id='word_1_194' title='bbox 809 1776 894 1820; x_wconf 88' lang='grc' dir='ltr'><strong><em>πρὸς</em></strong></span> <span class='ocrx_word' id='word_1_195' title='bbox 910 1775 968 1809; x_wconf 87' lang='grc' dir='ltr'><strong><em>τὸν</em></strong></span> <span class='ocrx_word' id='word_1_196' title='bbox 985 1774 1098 1820; x_wconf 83' lang='grc' dir='ltr'><strong><em>ἥλων.</em></strong></span> <span class='ocrx_word' id='word_1_197' title='bbox 1131 1816 1138 1822; x_wconf 44' lang='grc'><em>“</em></span> <span class='ocrx_word' id='word_1_198' title='bbox 1149 1779 1209 1820; x_wconf 77' lang='lat'><strong><em>567</em></strong></span> 
     </span>
     <span class='ocr_line' id='line_1_40' title="bbox 276 1827 1055 1875; baseline -0.004 -11"><span class='ocrx_word' id='word_1_199' title='bbox 276 1828 297 1875; x_wconf 86' lang='grc' dir='ltr'><strong><em>ἦ</em></strong></span> <span class='ocrx_word' id='word_1_200' title='bbox 316 1832 426 1866; x_wconf 83' lang='grc' dir='ltr'><strong><em>καλῶς</em></strong></span> <span class='ocrx_word' id='word_1_201' title='bbox 442 1829 550 1865; x_wconf 76' lang='grc' dir='ltr'><strong><em>αὐτῶν</em></strong></span> <span class='ocrx_word' id='word_1_202' title='bbox 566 1827 792 1872; x_wconf 81' lang='grc' dir='ltr'><strong><em>ἀπαλλάξειεν</em></strong></span> <span class='ocrx_word' id='word_1_203' title='bbox 809 1827 849 1862; x_wconf 82' lang='grc' dir='ltr'><strong><em>ἂν</em></strong></span> <span class='ocrx_word' id='word_1_204' title='bbox 863 1828 1055 1875; x_wconf 85' lang='grc' dir='ltr'><strong><em>μετόρχιον.</em></strong></span> 
     </span>
    </p>

    <p class='ocr_par' dir='ltr' id='par_1_23' title="bbox 267 1879 1198 2343">
     <span class='ocr_line' id='line_1_41' title="bbox 278 1879 1169 1929; baseline -0.001 -13"><span class='ocrx_word' id='word_1_205' title='bbox 278 1881 360 1917; x_wconf 80' lang='grc' dir='ltr'><strong><em>ὥστ’</em></strong></span> <span class='ocrx_word' id='word_1_206' title='bbox 378 1881 476 1929; x_wconf 83' lang='grc' dir='ltr'><strong><em>ἔγωγ’</em></strong></span> <span class='ocrx_word' id='word_1_207' title='bbox 495 1881 557 1927; x_wconf 81' lang='grc' dir='ltr'><strong><em>ἤδη</em></strong></span> <span class='ocrx_word' id='word_1_208' title='bbox 573 1879 717 1925; x_wconf 84' lang='grc' dir='ltr'><strong><em>’πιθυμῶ</em></strong></span> <span class='ocrx_word' id='word_1_209' title='bbox 735 1879 852 1915; x_wconf 81' lang='grc' dir='ltr'><strong><em>καύτὸς</em></strong></span> <span class='ocrx_word' id='word_1_210' title='bbox 870 1879 983 1914; x_wconf 84' lang='grc' dir='ltr'><strong><em>ἐλθεῖν</em></strong></span> <span class='ocrx_word' id='word_1_211' title='bbox 1000 1879 1047 1916; x_wconf 82' lang='grc' dir='ltr'><strong><em>εἷς</em></strong></span> <span class='ocrx_word' id='word_1_212' title='bbox 1064 1879 1169 1927; x_wconf 85' lang='grc' dir='ltr'><strong><em>ἀγρὸν</em></strong></span> 
     </span>
     <span class='ocr_line' id='line_1_42' title="bbox 277 1931 1150 1980; baseline -0.001 -11"><span class='ocrx_word' id='word_1_213' title='bbox 277 1934 331 1969; x_wconf 82' lang='grc' dir='ltr'><strong><em>καὶ</em></strong></span> <span class='ocrx_word' id='word_1_214' title='bbox 348 1936 515 1977; x_wconf 84' lang='grc' dir='ltr'><strong><em>τριαινοῦν</em></strong></span> <span class='ocrx_word' id='word_1_215' title='bbox 531 1935 572 1978; x_wconf 82' lang='grc' dir='ltr'><strong><em>τῇ</em></strong></span> <span class='ocrx_word' id='word_1_216' title='bbox 590 1932 733 1977; x_wconf 83' lang='grc' dir='ltr'><strong><em>δικέλλῃ</em></strong></span> <span class='ocrx_word' id='word_1_217' title='bbox 752 1931 807 1967; x_wconf 84' lang='grc' dir='ltr'><strong><em>διὰ</em></strong></span> <span class='ocrx_word' id='word_1_218' title='bbox 823 1933 948 1980; x_wconf 87' lang='grc' dir='ltr'><strong><em>χρόνου</em></strong></span> <span class='ocrx_word' id='word_1_219' title='bbox 965 1933 1004 1966; x_wconf 89' lang='grc' dir='ltr'><strong><em>τὸ</em></strong></span> <span class='ocrx_word' id='word_1_220' title='bbox 1019 1931 1150 1978; x_wconf 86' lang='grc' dir='ltr'><strong><em>γήδιον.</em></strong></span> 
     </span>
     <span class='ocr_line' id='line_1_43' title="bbox 269 1982 1198 2031; baseline 0.005 -14"><span class='ocrx_word' id='word_1_221' title='bbox 269 1982 350 2018; x_wconf 78' lang='grc' dir='ltr'><strong><em>ἀλλ’</em></strong></span> <span class='ocrx_word' id='word_1_222' title='bbox 369 1983 644 2028; x_wconf 82' lang='grc' dir='ltr'><strong><em>ἀναμνησθέντες,</em></strong></span> <span class='ocrx_word' id='word_1_223' title='bbox 665 1982 799 2031; x_wconf 78' lang='grc' dir='ltr'><strong><em>ὦνδρες,</em></strong></span> <span class='ocrx_word' id='word_1_224' title='bbox 1140 1996 1198 2031; x_wconf 83' lang='lat'><strong><em>571</em></strong></span> 
     </span>
     <span class='ocr_line' id='line_1_44' title="bbox 269 2035 719 2081; baseline 0 -9"><span class='ocrx_word' id='word_1_225' title='bbox 269 2037 329 2081; x_wconf 83' lang='grc' dir='ltr'><strong><em>τῆς</em></strong></span> <span class='ocrx_word' id='word_1_226' title='bbox 346 2035 471 2079; x_wconf 83' lang='grc' dir='ltr'><strong><em>διαίτης</em></strong></span> <span class='ocrx_word' id='word_1_227' title='bbox 487 2036 546 2080; x_wconf 81' lang='grc' dir='ltr'><strong><em>τῆς</em></strong></span> <span class='ocrx_word' id='word_1_228' title='bbox 562 2037 719 2075; x_wconf 83' lang='grc' dir='ltr'><strong><em>παλαιᾶς,</em></strong></span> 
     </span>
     <span class='ocr_line' id='line_1_45' title="bbox 267 2086 764 2134; baseline -0.002 -11"><span class='ocrx_word' id='word_1_229' title='bbox 267 2086 309 2133; x_wconf 82' lang='grc' dir='ltr'><strong><em>ἣν</em></strong></span> <span class='ocrx_word' id='word_1_230' title='bbox 324 2087 456 2134; x_wconf 84' lang='grc' dir='ltr'><strong><em>παρεῖχ’</em></strong></span> <span class='ocrx_word' id='word_1_231' title='bbox 475 2086 556 2131; x_wconf 81' lang='grc' dir='ltr'><strong><em>αὕτη</em></strong></span> <span class='ocrx_word' id='word_1_232' title='bbox 573 2087 656 2122; x_wconf 84' lang='grc' dir='ltr'><strong><em>ποθ’</em></strong></span> <span class='ocrx_word' id='word_1_233' title='bbox 675 2087 764 2132; x_wconf 82' lang='grc' dir='ltr'><strong><em>ἡμῖν,</em></strong></span> 
     </span>
     <span class='ocr_line' id='line_1_46' title="bbox 268 2139 739 2179; baseline 0 -5"><span class='ocrx_word' id='word_1_234' title='bbox 268 2143 335 2174; x_wconf 84' lang='grc' dir='ltr'><strong><em>τῶν</em></strong></span> <span class='ocrx_word' id='word_1_235' title='bbox 350 2154 388 2174; x_wconf 88' lang='grc' dir='ltr'><strong><em>τε</em></strong></span> <span class='ocrx_word' id='word_1_236' title='bbox 403 2139 580 2175; x_wconf 82' lang='grc' dir='ltr'><strong><em>παλασίων</em></strong></span> <span class='ocrx_word' id='word_1_237' title='bbox 598 2139 739 2179; x_wconf 83' lang='grc' dir='ltr'><strong><em>ἐκείνων,</em></strong></span> 
     </span>
     <span class='ocr_line' id='line_1_47' title="bbox 267 2190 826 2238; baseline 0 -12"><span class='ocrx_word' id='word_1_238' title='bbox 267 2195 334 2227; x_wconf 83' lang='grc' dir='ltr'><strong><em>τῶν</em></strong></span> <span class='ocrx_word' id='word_1_239' title='bbox 349 2206 387 2226; x_wconf 94' lang='grc' dir='ltr'><strong><em>τε</em></strong></span> <span class='ocrx_word' id='word_1_240' title='bbox 405 2190 529 2235; x_wconf 86' lang='grc' dir='ltr'><strong><em>σύκων,</em></strong></span> <span class='ocrx_word' id='word_1_241' title='bbox 548 2195 614 2226; x_wconf 85' lang='grc' dir='ltr'><strong><em>τῶν</em></strong></span> <span class='ocrx_word' id='word_1_242' title='bbox 629 2206 667 2226; x_wconf 87' lang='grc' dir='ltr'><strong><em>τε</em></strong></span> <span class='ocrx_word' id='word_1_243' title='bbox 683 2190 826 2238; x_wconf 90' lang='grc' dir='ltr'><strong><em>μύρτων,</em></strong></span> 
     </span>
     <span class='ocr_line' id='line_1_48' title="bbox 268 2243 780 2292; baseline 0 -12"><span class='ocrx_word' id='word_1_244' title='bbox 268 2245 327 2289; x_wconf 83' lang='grc' dir='ltr'><strong><em>τῆς</em></strong></span> <span class='ocrx_word' id='word_1_245' title='bbox 343 2246 464 2291; x_wconf 88' lang='grc' dir='ltr'><strong><em>τρυγός</em></strong></span> <span class='ocrx_word' id='word_1_246' title='bbox 481 2258 518 2279; x_wconf 88' lang='grc' dir='ltr'><strong><em>τε</em></strong></span> <span class='ocrx_word' id='word_1_247' title='bbox 534 2245 594 2288; x_wconf 85' lang='grc' dir='ltr'><strong><em>τῆς</em></strong></span> <span class='ocrx_word' id='word_1_248' title='bbox 610 2243 780 2292; x_wconf 88' lang='grc' dir='ltr'><strong><em>γλυκείας.</em></strong></span> 
     </span>
     <span class='ocr_line' id='line_1_49' title="bbox 268 2295 686 2343; baseline 0 -11"><span class='ocrx_word' id='word_1_249' title='bbox 268 2297 328 2341; x_wconf 82' lang='grc' dir='ltr'><strong><em>τῆς</em></strong></span> <span class='ocrx_word' id='word_1_250' title='bbox 345 2295 455 2333; x_wconf 83' lang='grc' dir='ltr'><strong><em>ῖωνιᾶς</em></strong></span> <span class='ocrx_word' id='word_1_251' title='bbox 471 2311 509 2331; x_wconf 91' lang='grc' dir='ltr'><strong><em>τε</em></strong></span> <span class='ocrx_word' id='word_1_252' title='bbox 526 2298 584 2341; x_wconf 89' lang='grc' dir='ltr'><strong><em>τῆς</em></strong></span> <span class='ocrx_word' id='word_1_253' title='bbox 601 2297 686 2343; x_wconf 89' lang='grc' dir='ltr'><strong><em>πρὸς</em></strong></span> 
     </span>
    </p>

    <p class='ocr_par' dir='ltr' id='par_1_24' title="bbox 268 2347 735 2398">
     <span class='ocr_line' id='line_1_50' title="bbox 268 2347 735 2398; baseline 0 -15"><span class='ocrx_word' id='word_1_254' title='bbox 268 2351 316 2398; x_wconf 76' lang='grc' dir='ltr'><strong><em>τῷ</em></strong></span> <span class='ocrx_word' id='word_1_255' title='bbox 333 2349 466 2395; x_wconf 87' lang='grc' dir='ltr'><strong><em>φρέατι,</em></strong></span> <span class='ocrx_word' id='word_1_256' title='bbox 485 2353 551 2385; x_wconf 81' lang='grc' dir='ltr'><strong><em>τῶν</em></strong></span> <span class='ocrx_word' id='word_1_257' title='bbox 567 2347 595 2383; x_wconf 80' lang='grc' dir='ltr'><strong><em>τ’</em></strong></span> <span class='ocrx_word' id='word_1_258' title='bbox 615 2349 735 2388; x_wconf 83' lang='grc' dir='ltr'><strong><em>ἐλαῶν,</em></strong></span> 
     </span>
    </p>

    <p class='ocr_par' dir='ltr' id='par_1_25' title="bbox 270 2400 510 2446">
     <span class='ocr_line' id='line_1_51' title="bbox 270 2400 510 2446; baseline 0 -11"><span class='ocrx_word' id='word_1_259' title='bbox 270 2400 315 2436; x_wconf 73' lang='grc' dir='ltr'><strong><em>ὧν</em></strong></span> <span class='ocrx_word' id='word_1_260' title='bbox 330 2400 510 2446; x_wconf 86' lang='grc' dir='ltr'><strong><em>ποθοῦμεν,</em></strong></span> 
     </span>
    </p>

    <p class='ocr_par' dir='ltr' id='par_1_26' title="bbox 269 2452 688 2499">
     <span class='ocr_line' id='line_1_52' title="bbox 269 2452 688 2499; baseline 0 -12"><span class='ocrx_word' id='word_1_261' title='bbox 269 2453 342 2488; x_wconf 80' lang='grc' dir='ltr'><strong><em>ἀντὶ</em></strong></span> <span class='ocrx_word' id='word_1_262' title='bbox 358 2452 486 2489; x_wconf 83' lang='grc' dir='ltr'><strong><em>τούτων</em></strong></span> <span class='ocrx_word' id='word_1_263' title='bbox 502 2452 599 2499; x_wconf 80' lang='grc' dir='ltr'><strong><em>τήνδε</em></strong></span> <span class='ocrx_word' id='word_1_264' title='bbox 617 2452 688 2489; x_wconf 79' lang='grc' dir='ltr'><strong><em>νυνὶ</em></strong></span> 
     </span>
    </p>

    <p class='ocr_par' dir='ltr' id='par_1_27' title="bbox 267 2505 1173 2657">
     <span class='ocr_line' id='line_1_53' title="bbox 269 2505 658 2552; baseline -0.003 -12"><span class='ocrx_word' id='word_1_265' title='bbox 269 2505 328 2549; x_wconf 79' lang='grc' dir='ltr'><strong><em>τὴν</em></strong></span> <span class='ocrx_word' id='word_1_266' title='bbox 345 2505 422 2541; x_wconf 86' lang='grc' dir='ltr'><strong><em>θεὸν</em></strong></span> <span class='ocrx_word' id='word_1_267' title='bbox 437 2506 658 2552; x_wconf 89' lang='grc' dir='ltr'><strong><em>προσείπατε.</em></strong></span> 
     </span>
     <span class='ocr_line' id='line_1_54' title="bbox 267 2556 1173 2605; baseline 0.002 -13"><span class='ocrx_word' id='word_1_268' title='bbox 267 2560 365 2604; x_wconf 90' lang='grc' dir='ltr'><strong><em>χαῖρε</em></strong></span> <span class='ocrx_word' id='word_1_269' title='bbox 380 2557 483 2604; x_wconf 84' lang='grc' dir='ltr'><strong><em>χαῖρ’,</em></strong></span> <span class='ocrx_word' id='word_1_270' title='bbox 502 2559 547 2594; x_wconf 85' lang='grc' dir='ltr'><strong><em>ὡς</em></strong></span> <span class='ocrx_word' id='word_1_271' title='bbox 563 2556 666 2602; x_wconf 83' lang='grc' dir='ltr'><strong><em>ἦλθες</em></strong></span> <span class='ocrx_word' id='word_1_272' title='bbox 683 2556 760 2603; x_wconf 86' lang='grc' dir='ltr'><strong><em>ἡμῖν</em></strong></span> <span class='ocrx_word' id='word_1_273' title='bbox 777 2556 947 2602; x_wconf 86' lang='grc' dir='ltr'><strong><em>ἀσμένοις,</em></strong></span> <span class='ocrx_word' id='word_1_274' title='bbox 967 2556 993 2592; x_wconf 80' lang='grc' dir='ltr'><strong><em>ὦ</em></strong></span> <span class='ocrx_word' id='word_1_275' title='bbox 1011 2558 1173 2605; x_wconf 85' lang='grc' dir='ltr'><strong><em>φιλτάτη.</em></strong></span> 
     </span>
     <span class='ocr_line' id='line_1_55' title="bbox 271 2609 669 2657; baseline 0 -13"><span class='ocrx_word' id='word_1_276' title='bbox 271 2612 323 2657; x_wconf 77' lang='grc' dir='ltr'><strong><em>σῷ</em></strong></span> <span class='ocrx_word' id='word_1_277' title='bbox 340 2610 406 2656; x_wconf 85' lang='grc' dir='ltr'><strong><em>γὰρ</em></strong></span> <span class='ocrx_word' id='word_1_278' title='bbox 424 2610 547 2655; x_wconf 81' lang='grc' dir='ltr'><strong><em>ἐδάμην</em></strong></span> <span class='ocrx_word' id='word_1_279' title='bbox 562 2609 669 2656; x_wconf 79' lang='grc' dir='ltr'><strong><em>πόθῳ,</em></strong></span> 
     </span>
    </p>

    <p class='ocr_par' dir='ltr' id='par_1_28' title="bbox 271 2662 644 2707">
     <span class='ocr_line' id='line_1_56' title="bbox 271 2662 644 2707; baseline 0.005 -11"><span class='ocrx_word' id='word_1_280' title='bbox 271 2662 421 2707; x_wconf 85' lang='grc' dir='ltr'><strong><em>δαιμόνια</em></strong></span> <span class='ocrx_word' id='word_1_281' title='bbox 436 2663 644 2707; x_wconf 88' lang='grc' dir='ltr'><strong><em>βουλόμενος</em></strong></span> 
     </span>
    </p>

    <p class='ocr_par' dir='ltr' id='par_1_29' title="bbox 270 2712 650 2760">
     <span class='ocr_line' id='line_1_57' title="bbox 270 2712 650 2760; baseline 0.003 -13"><span class='ocrx_word' id='word_1_282' title='bbox 270 2713 317 2749; x_wconf 87' lang='grc' dir='ltr'><strong><em>εἷς</em></strong></span> <span class='ocrx_word' id='word_1_283' title='bbox 334 2713 437 2760; x_wconf 87' lang='grc' dir='ltr'><strong><em>ἀγρὸν</em></strong></span> <span class='ocrx_word' id='word_1_284' title='bbox 453 2712 650 2760; x_wconf 80' lang='grc' dir='ltr'><strong><em>ἀνερπύσαι.</em></strong></span> 
     </span>
    </p>

    <p class='ocr_par' dir='ltr' id='par_1_30' title="bbox 269 2763 1121 2864">
     <span class='ocr_line' id='line_1_58' title="bbox 269 2763 1121 2812; baseline 0 -12"><span class='ocrx_word' id='word_1_285' title='bbox 269 2764 360 2809; x_wconf 84' lang='grc' dir='ltr'><strong><em>ἦσθα</em></strong></span> <span class='ocrx_word' id='word_1_286' title='bbox 375 2766 442 2812; x_wconf 83' lang='grc' dir='ltr'><strong><em>γὰρ</em></strong></span> <span class='ocrx_word' id='word_1_287' title='bbox 458 2766 620 2812; x_wconf 86' lang='grc' dir='ltr'><strong><em>μέγιστον</em></strong></span> <span class='ocrx_word' id='word_1_288' title='bbox 637 2764 715 2810; x_wconf 85' lang='grc' dir='ltr'><strong><em>ἡμῖν</em></strong></span> <span class='ocrx_word' id='word_1_289' title='bbox 732 2764 858 2811; x_wconf 78' lang='grc' dir='ltr'><strong><em>κέρδος,</em></strong></span> <span class='ocrx_word' id='word_1_290' title='bbox 879 2763 906 2799; x_wconf 75' lang='grc' dir='ltr'><strong><em>ὦ</em></strong></span> <span class='ocrx_word' id='word_1_291' title='bbox 921 2765 1121 2812; x_wconf 84' lang='grc' dir='ltr'><strong><em>ποθουμένη,</em></strong></span> 
     </span>
     <span class='ocr_line' id='line_1_59' title="bbox 273 2815 1039 2864; baseline -0.001 -20"><span class='ocrx_word' id='word_1_292' title='bbox 273 2823 293 2844; x_wconf 70' lang='grc' dir='ltr'><strong><em>ο</em></strong></span> <span class='ocrx_word' id='word_1_293' title='bbox 313 2823 585 2844; x_wconf 60' lang='lat' dir='ltr'><strong><em>totototo</em></strong></span> <span class='ocrx_word' id='word_1_294' title='bbox 606 2815 1039 2864; x_wconf 54' lang='grc' dir='ltr'><strong><em>μόμηγὰρῆμᾶςῶφξλεις</em></strong></span> 
     </span>
    </p>
   </div>
   <div class='ocr_carea' id='block_1_12' title="bbox 1156 893 1220 927">
    <p class='ocr_par' dir='ltr' id='par_1_31' title="bbox 1156 893 1220 927">
     <span class='ocr_line' id='line_1_60' title="bbox 1156 893 1220 927; baseline 0 0"><span class='ocrx_word' id='word_1_295' title='bbox 1156 893 1220 927; x_wconf 84' lang='grc'><strong><em>550</em></strong></span> 
     </span>
    </p>
   </div>
   <div class='ocr_carea' id='block_1_13' title="bbox 1140 2205 1199 2238">
    <p class='ocr_par' dir='ltr' id='par_1_32' title="bbox 1140 2205 1199 2238">
     <span class='ocr_line' id='line_1_61' title="bbox 1140 2205 1199 2238; baseline 0 0"><span class='ocrx_word' id='word_1_296' title='bbox 1140 2205 1199 2238; x_wconf 85' lang='grc'><strong><em>575</em></strong></span> 
     </span>
    </p>
   </div>
   <div class='ocr_carea' id='block_1_14' title="bbox 1140 2459 1200 2499">
    <p class='ocr_par' dir='ltr' id='par_1_33' title="bbox 1140 2459 1200 2499">
     <span class='ocr_line' id='line_1_62' title="bbox 1140 2459 1200 2499; baseline 0 -9"><span class='ocrx_word' id='word_1_297' title='bbox 1140 2459 1200 2499; x_wconf 86' lang='lat'><strong><em>580</em></strong></span> 
     </span>
    </p>
   </div>
   <div class='ocr_carea' id='block_1_15' title="bbox 1139 2668 1198 2708">
    <p class='ocr_par' dir='ltr' id='par_1_34' title="bbox 1139 2668 1198 2708">
     <span class='ocr_line' id='line_1_63' title="bbox 1139 2668 1198 2708; baseline 0 0"><span class='ocrx_word' id='word_1_298' title='bbox 1139 2668 1198 2708; x_wconf 87' lang='lat'><strong><em>585</em></strong></span> 
     </span>
    </p>
   </div>
   <div class='ocr_carea' id='block_1_16' title="bbox 270 2874 1200 3432">
    <p class='ocr_par' dir='ltr' id='par_1_35' title="bbox 270 2874 741 3172">
     <span class='ocr_line' id='line_1_64' title="bbox 272 2874 590 2895; baseline 0.003 -1"><span class='ocrx_word' id='word_1_299' title='bbox 272 2874 590 2895; x_wconf 59' lang='lat' dir='ltr'><strong><em>nonnoso·-</em></strong></span> 
     </span>
     <span class='ocr_line' id='line_1_65' title="bbox 270 2917 711 2961; baseline 0 -7"><span class='ocrx_word' id='word_1_300' title='bbox 270 2919 376 2954; x_wconf 88' lang='grc' dir='ltr'><strong><em>πᾶσιν</em></strong></span> <span class='ocrx_word' id='word_1_301' title='bbox 393 2919 517 2953; x_wconf 89' lang='grc' dir='ltr'><strong><em>ὁπόσοι</em></strong></span> <span class='ocrx_word' id='word_1_302' title='bbox 532 2917 611 2961; x_wconf 89' lang='grc' dir='ltr'><strong><em>βίον</em></strong></span> <span class='ocrx_word' id='word_1_303' title='bbox 628 2918 662 2953; x_wconf 81' lang='grc' dir='ltr'><strong><em>ἐ·</em></strong></span> <span class='ocrx_word' id='word_1_304' title='bbox 707 2936 711 2939; x_wconf 95' lang='grc'><em>·</em></span> 
     </span>
     <span class='ocr_line' id='line_1_66' title="bbox 271 2971 642 3017; baseline -0.003 -12"><span class='ocrx_word' id='word_1_305' title='bbox 271 2971 432 3017; x_wconf 90' lang='grc' dir='ltr'><strong><em>τρίβομεν</em></strong></span> <span class='ocrx_word' id='word_1_306' title='bbox 446 2972 642 3017; x_wconf 88' lang='grc' dir='ltr'><strong><em>γεωργικόν.</em></strong></span> 
     </span>
     <span class='ocr_line' id='line_1_67' title="bbox 270 3022 680 3069; baseline -0.002 -11"><span class='ocrx_word' id='word_1_307' title='bbox 270 3022 386 3058; x_wconf 81' lang='grc' dir='ltr'><strong><em>πολλὰ</em></strong></span> <span class='ocrx_word' id='word_1_308' title='bbox 401 3022 467 3069; x_wconf 80' lang='grc' dir='ltr'><strong><em>γὰρ</em></strong></span> <span class='ocrx_word' id='word_1_309' title='bbox 485 3022 680 3068; x_wconf 76' lang='grc' dir='ltr'><strong><em>ἐπάσχομεν</em></strong></span> 
     </span>
     <span class='ocr_line' id='line_1_68' title="bbox 271 3074 741 3122; baseline 0 -13"><span class='ocrx_word' id='word_1_310' title='bbox 271 3075 351 3121; x_wconf 90' lang='grc' dir='ltr'><strong><em>πρίν</em></strong></span> <span class='ocrx_word' id='word_1_311' title='bbox 367 3074 442 3110; x_wconf 90' lang='grc' dir='ltr'><strong><em>ποτ’</em></strong></span> <span class='ocrx_word' id='word_1_312' title='bbox 461 3075 516 3110; x_wconf 86' lang='grc' dir='ltr'><strong><em>ε’πὶ</em></strong></span> <span class='ocrx_word' id='word_1_313' title='bbox 534 3077 599 3109; x_wconf 85' lang='grc' dir='ltr'><strong><em>σοῦ</em></strong></span> <span class='ocrx_word' id='word_1_314' title='bbox 615 3074 741 3122; x_wconf 85' lang='grc' dir='ltr'><strong><em>γλυκέα</em></strong></span> 
     </span>
     <span class='ocr_line' id='line_1_69' title="bbox 272 3125 628 3172; baseline 0.003 -12"><span class='ocrx_word' id='word_1_315' title='bbox 272 3126 441 3162; x_wconf 87' lang='grc' dir='ltr'><strong><em>κάδάπανα</em></strong></span> <span class='ocrx_word' id='word_1_316' title='bbox 458 3125 512 3160; x_wconf 73' lang='grc' dir='ltr'><strong><em>καὶ</em></strong></span> <span class='ocrx_word' id='word_1_317' title='bbox 529 3127 628 3172; x_wconf 90' lang='grc' dir='ltr'><strong><em>φίλα.</em></strong></span> 
     </span>
    </p>

    <p class='ocr_par' dir='ltr' id='par_1_36' title="bbox 271 3176 1200 3274">
     <span class='ocr_line' id='line_1_70' title="bbox 271 3176 1200 3227; baseline 0.003 -14"><span class='ocrx_word' id='word_1_318' title='bbox 271 3180 342 3214; x_wconf 89' lang='grc' dir='ltr'><strong><em>τοῖς</em></strong></span> <span class='ocrx_word' id='word_1_319' title='bbox 358 3178 567 3225; x_wconf 87' lang='grc' dir='ltr'><strong><em>ἀγροίκοισιν</em></strong></span> <span class='ocrx_word' id='word_1_320' title='bbox 582 3179 648 3224; x_wconf 86' lang='grc' dir='ltr'><strong><em>γὰρ</em></strong></span> <span class='ocrx_word' id='word_1_321' title='bbox 665 3176 755 3222; x_wconf 82' lang='grc' dir='ltr'><strong><em>ἦσθα</em></strong></span> <span class='ocrx_word' id='word_1_322' title='bbox 771 3178 872 3225; x_wconf 88' lang='grc' dir='ltr'><strong><em>χῖδρα</em></strong></span> <span class='ocrx_word' id='word_1_323' title='bbox 890 3178 943 3214; x_wconf 75' lang='grc' dir='ltr'><strong><em>καὶ</em></strong></span> <span class='ocrx_word' id='word_1_324' title='bbox 961 3180 1119 3227; x_wconf 89' lang='grc' dir='ltr'><strong><em>σωτηρία.</em></strong></span> <span class='ocrx_word' id='word_1_325' title='bbox 1140 3194 1200 3226; x_wconf 84' lang='lat'><strong><em>595</em></strong></span> 
     </span>
     <span class='ocr_line' id='line_1_71' title="bbox 272 3229 690 3274; baseline -0.002 -9"><span class='ocrx_word' id='word_1_326' title='bbox 272 3230 363 3265; x_wconf 78' lang='grc' dir='ltr'><strong><em>ὥστε</em></strong></span> <span class='ocrx_word' id='word_1_327' title='bbox 380 3230 422 3264; x_wconf 79' lang='grc' dir='ltr'><strong><em>σὲ</em></strong></span> <span class='ocrx_word' id='word_1_328' title='bbox 439 3231 481 3264; x_wconf 87' lang='grc' dir='ltr'><strong><em>τά</em></strong></span> <span class='ocrx_word' id='word_1_329' title='bbox 497 3229 525 3264; x_wconf 87' lang='grc' dir='ltr'><strong><em>τ’</em></strong></span> <span class='ocrx_word' id='word_1_330' title='bbox 543 3230 690 3274; x_wconf 86' lang='grc' dir='ltr'><strong><em>ἀμπέλια</em></strong></span> 
     </span>
    </p>

    <p class='ocr_par' dir='ltr' id='par_1_37' title="bbox 272 3281 609 3316">
     <span class='ocr_line' id='line_1_72' title="bbox 272 3281 609 3316; baseline 0 0"><span class='ocrx_word' id='word_1_331' title='bbox 272 3282 326 3316; x_wconf 76' lang='grc' dir='ltr'><strong><em>καὶ</em></strong></span> <span class='ocrx_word' id='word_1_332' title='bbox 343 3282 385 3316; x_wconf 83' lang='grc' dir='ltr'><strong><em>τὰ</em></strong></span> <span class='ocrx_word' id='word_1_333' title='bbox 402 3282 459 3316; x_wconf 87' lang='grc' dir='ltr'><strong><em>νέα</em></strong></span> <span class='ocrx_word' id='word_1_334' title='bbox 477 3281 609 3316; x_wconf 83' lang='grc' dir='ltr'><strong><em>συκίδια</em></strong></span> 
     </span>
    </p>

    <p class='ocr_par' dir='ltr' id='par_1_38' title="bbox 271 3332 859 3432">
     <span class='ocr_line' id='line_1_73' title="bbox 273 3332 758 3380; baseline 0.002 -12"><span class='ocrx_word' id='word_1_335' title='bbox 273 3334 384 3368; x_wconf 78' lang='grc' dir='ltr'><strong><em>τᾶλλα</em></strong></span> <span class='ocrx_word' id='word_1_336' title='bbox 401 3333 435 3368; x_wconf 88' lang='grc' dir='ltr'><strong><em>θ’</em></strong></span> <span class='ocrx_word' id='word_1_337' title='bbox 454 3332 553 3369; x_wconf 86' lang='grc' dir='ltr'><strong><em>ὁπόσ’</em></strong></span> <span class='ocrx_word' id='word_1_338' title='bbox 571 3334 647 3369; x_wconf 81' lang='grc' dir='ltr'><strong><em>ἐστὶ</em></strong></span> <span class='ocrx_word' id='word_1_339' title='bbox 664 3335 758 3380; x_wconf 85' lang='grc' dir='ltr'><strong><em>φυτὰ</em></strong></span> 
     </span>
     <span class='ocr_line' id='line_1_74' title="bbox 271 3385 859 3432; baseline 0.003 -12"><span class='ocrx_word' id='word_1_340' title='bbox 271 3386 547 3432; x_wconf 84' lang='grc' dir='ltr'><strong><em>προσγελάσεται</em></strong></span> <span class='ocrx_word' id='word_1_341' title='bbox 563 3385 700 3428; x_wconf 79' lang='grc' dir='ltr'><strong><em>λαβόντ’</em></strong></span> <span class='ocrx_word' id='word_1_342' title='bbox 719 3386 859 3432; x_wconf 74' lang='grc' dir='ltr'><strong><em>ἄσμενα.</em></strong></span> 
     </span>
    </p>
   </div>
   <div class='ocr_carea' id='block_1_17' title="bbox 1139 2986 1203 3018">
    <p class='ocr_par' dir='ltr' id='par_1_39' title="bbox 1139 2986 1203 3018">
     <span class='ocr_line' id='line_1_75' title="bbox 1139 2986 1203 3018; baseline 0 0"><span class='ocrx_word' id='word_1_343' title='bbox 1139 2986 1203 3018; x_wconf 84' lang='grc'><strong><em>590</em></strong></span> 
     </span>
    </p>
   </div>
   <div class='ocr_carea' id='block_1_18' title="bbox 1143 3393 1205 3427">
    <p class='ocr_par' dir='ltr' id='par_1_40' title="bbox 1143 3393 1205 3427">
     <span class='ocr_line' id='line_1_76' title="bbox 1143 3393 1205 3427; baseline 0 0"><span class='ocrx_word' id='word_1_344' title='bbox 1143 3393 1205 3427; x_wconf 91' lang='grc' dir='ltr'><strong><em>6οο</em></strong></span> 
     </span>
    </p>
   </div>
   <div class='ocr_carea' id='block_1_19' title="bbox 1163 631 1223 666">
    <p class='ocr_par' dir='ltr' id='par_1_41' title="bbox 1163 631 1223 666">
     <span class='ocr_line' id='line_1_77' title="bbox 1163 631 1223 666; baseline 0 0"><span class='ocrx_word' id='word_1_345' title='bbox 1163 631 1223 666; x_wconf 83' lang='grc'><strong><em>545</em></strong></span> 
     </span>
    </p>
   </div>
   <div class='ocr_carea' id='block_1_20' title="bbox 1264 991 1326 1022">
    <p class='ocr_par' dir='ltr' id='par_1_42' title="bbox 1264 991 1326 1022">
     <span class='ocr_line' id='line_1_78' title="bbox 1264 991 1326 1022; baseline -0.016 0"><span class='ocrx_word' id='word_1_346' title='bbox 1264 991 1326 1022; x_wconf 88' lang='grc' dir='ltr'><strong><em>ΤΡ.</em></strong></span> 
     </span>
    </p>
   </div>
   <div class='ocr_carea' id='block_1_21' title="bbox 1263 1096 1335 1126">
    <p class='ocr_par' dir='ltr' id='par_1_43' title="bbox 1263 1096 1335 1126">
     <span class='ocr_line' id='line_1_79' title="bbox 1263 1096 1335 1126; baseline 0 0"><span class='ocrx_word' id='word_1_347' title='bbox 1263 1096 1335 1126; x_wconf 89' lang='lat' dir='ltr'><strong><em>XO.</em></strong></span> 
     </span>
    </p>
   </div>
   <div class='ocr_carea' id='block_1_22' title="bbox 1263 1202 1328 1232">
    <p class='ocr_par' dir='ltr' id='par_1_44' title="bbox 1263 1202 1328 1232">
     <span class='ocr_line' id='line_1_80' title="bbox 1263 1202 1328 1232; baseline 0.015 -1"><span class='ocrx_word' id='word_1_348' title='bbox 1263 1202 1328 1232; x_wconf 89' lang='lat' dir='ltr'><strong><em>EP.</em></strong></span> 
     </span>
    </p>
   </div>
   <div class='ocr_carea' id='block_1_23' title="bbox 1259 1726 1323 1756">
    <p class='ocr_par' dir='ltr' id='par_1_45' title="bbox 1259 1726 1323 1756">
     <span class='ocr_line' id='line_1_81' title="bbox 1259 1726 1323 1756; baseline -0.031 0"><span class='ocrx_word' id='word_1_349' title='bbox 1259 1726 1323 1756; x_wconf 88' lang='grc' dir='ltr'><strong><em>ΤΡ.</em></strong></span> 
     </span>
    </p>
   </div>
   <div class='ocr_carea' id='block_1_24' title="bbox 1258 1832 1333 1863">
    <p class='ocr_par' dir='ltr' id='par_1_46' title="bbox 1258 1832 1333 1863">
     <span class='ocr_line' id='line_1_82' title="bbox 1258 1832 1333 1863; baseline 0.013 -1"><span class='ocrx_word' id='word_1_350' title='bbox 1258 1832 1333 1863; x_wconf 81' lang='lat' dir='ltr'><strong><em>XO.</em></strong></span> 
     </span>
    </p>
   </div>
   <div class='ocr_carea' id='block_1_25' title="bbox 1259 1937 1323 1968">
    <p class='ocr_par' dir='ltr' id='par_1_47' title="bbox 1259 1937 1323 1968">
     <span class='ocr_line' id='line_1_83' title="bbox 1259 1937 1323 1968; baseline 0.016 -1"><span class='ocrx_word' id='word_1_351' title='bbox 1259 1937 1323 1968; x_wconf 88' lang='lat' dir='ltr'><strong><em>EP.</em></strong></span> 
     </span>
    </p>
   </div>
   <div class='ocr_carea' id='block_1_26' title="bbox 1244 2823 1308 2854">
    <p class='ocr_par' dir='ltr' id='par_1_48' title="bbox 1244 2823 1308 2854">
     <span class='ocr_line' id='line_1_84' title="bbox 1244 2823 1308 2854; baseline -0.047 0"><span class='ocrx_word' id='word_1_352' title='bbox 1244 2823 1308 2854; x_wconf 87' lang='lat' dir='ltr'><strong><em>TP.</em></strong></span> 
     </span>
    </p>
   </div>
   <div class='ocr_carea' id='block_1_27' title="bbox 1239 3343 1305 3373">
    <p class='ocr_par' dir='ltr' id='par_1_49' title="bbox 1239 3343 1305 3373">
     <span class='ocr_line' id='line_1_85' title="bbox 1239 3343 1305 3373; baseline -0.015 0"><span class='ocrx_word' id='word_1_353' title='bbox 1239 3343 1305 3373; x_wconf 85' lang='grc' dir='ltr'><strong><em>ΕΡ.</em></strong></span> 
     </span>
    </p>
   </div>
   <div class='ocr_carea' id='block_1_28' title="bbox 273 3436 1302 3490">
    <p class='ocr_par' dir='ltr' id='par_1_50' title="bbox 273 3436 1302 3490">
     <span class='ocr_line' id='line_1_86' title="bbox 273 3436 1302 3490; baseline 0.01 -19"><span class='ocrx_word' id='word_1_354' title='bbox 273 3437 364 3472; x_wconf 80' lang='grc' dir='ltr'><strong><em>ἀλλὰ</em></strong></span> <span class='ocrx_word' id='word_1_355' title='bbox 376 3440 443 3472; x_wconf 86' lang='grc' dir='ltr'><strong><em>ποῦ</em></strong></span> <span class='ocrx_word' id='word_1_356' title='bbox 452 3437 527 3473; x_wconf 80' lang='grc' dir='ltr'><strong><em>ποτ’</em></strong></span> <span class='ocrx_word' id='word_1_357' title='bbox 538 3436 579 3482; x_wconf 82' lang='grc' dir='ltr'><strong><em>ἦν</em></strong></span> <span class='ocrx_word' id='word_1_358' title='bbox 588 3437 648 3483; x_wconf 81' lang='grc' dir='ltr'><strong><em>ἀφ’</em></strong></span> <span class='ocrx_word' id='word_1_359' title='bbox 660 3438 751 3483; x_wconf 83' lang='grc' dir='ltr'><strong><em>ἡμῶν</em></strong></span> <span class='ocrx_word' id='word_1_360' title='bbox 763 3441 822 3474; x_wconf 86' lang='grc' dir='ltr'><strong><em>τὸν</em></strong></span> <span class='ocrx_word' id='word_1_361' title='bbox 831 3439 939 3475; x_wconf 76' lang='grc' dir='ltr'><strong><em>πολὺν</em></strong></span> <span class='ocrx_word' id='word_1_362' title='bbox 951 3443 1070 3478; x_wconf 87' lang='grc' dir='ltr'><strong><em>τοῦτον</em></strong></span> <span class='ocrx_word' id='word_1_363' title='bbox 1081 3445 1206 3490; x_wconf 87' lang='grc' dir='ltr'><strong><em>χρόνον</em></strong></span> <span class='ocrx_word' id='word_1_364' title='bbox 1238 3447 1302 3476; x_wconf 84' lang='grc' dir='ltr'><strong><em>ΤΡ-</em></strong></span> 
     </span>
    </p>
   </div>
   <div class='ocr_carea' id='block_1_29' title="bbox 273 3489 1085 3590">
    <p class='ocr_par' dir='ltr' id='par_1_51' title="bbox 273 3489 1085 3590">
     <span class='ocr_line' id='line_1_87' title="bbox 273 3489 1085 3534; baseline 0.007 -10"><span class='ocrx_word' id='word_1_365' title='bbox 273 3489 331 3533; x_wconf 87' lang='grc' dir='ltr'><strong><em>ἤδε</em></strong></span> <span class='ocrx_word' id='word_1_366' title='bbox 348 3489 444 3524; x_wconf 87' lang='grc' dir='ltr'><strong><em>τοῦθ’</em></strong></span> <span class='ocrx_word' id='word_1_367' title='bbox 462 3489 547 3534; x_wconf 87' lang='grc' dir='ltr'><strong><em>ἡμᾶς</em></strong></span> <span class='ocrx_word' id='word_1_368' title='bbox 563 3489 710 3534; x_wconf 82' lang='grc' dir='ltr'><strong><em>δίδαξον,</em></strong></span> <span class='ocrx_word' id='word_1_369' title='bbox 728 3489 755 3525; x_wconf 75' lang='grc' dir='ltr'><strong><em>ὦ</em></strong></span> <span class='ocrx_word' id='word_1_370' title='bbox 773 3491 857 3525; x_wconf 84' lang='grc' dir='ltr'><strong><em>θεῶν</em></strong></span> <span class='ocrx_word' id='word_1_371' title='bbox 873 3490 1085 3530; x_wconf 73' lang='grc' dir='ltr'><strong><em>εὐνούστατε.</em></strong></span> 
     </span>
     <span class='ocr_line' id='line_1_88' title="bbox 274 3540 995 3590; baseline 0.007 -14"><span class='ocrx_word' id='word_1_372' title='bbox 274 3540 300 3576; x_wconf 82' lang='grc' dir='ltr'><strong><em>ὦ</em></strong></span> <span class='ocrx_word' id='word_1_373' title='bbox 318 3542 514 3588; x_wconf 85' lang='grc' dir='ltr'><strong><em>σοφώτατοι</em></strong></span> <span class='ocrx_word' id='word_1_374' title='bbox 529 3543 686 3590; x_wconf 87' lang='grc' dir='ltr'><strong><em>γεωργοὶ,</em></strong></span> <span class='ocrx_word' id='word_1_375' title='bbox 704 3543 791 3589; x_wconf 88' lang='grc' dir='ltr'><strong><em>τάμὰ</em></strong></span> <span class='ocrx_word' id='word_1_376' title='bbox 808 3543 849 3589; x_wconf 82' lang='grc' dir='ltr'><strong><em>δὴ</em></strong></span> <span class='ocrx_word' id='word_1_377' title='bbox 867 3543 995 3590; x_wconf 80' lang='grc' dir='ltr'><strong><em>ξυνίετε</em></strong></span> 
     </span>
    </p>
   </div>
   <div class='ocr_carea' id='block_1_30' title="bbox 1239 3499 1302 3529">
    <p class='ocr_par' dir='ltr' id='par_1_52' title="bbox 1239 3499 1302 3529">
     <span class='ocr_line' id='line_1_89' title="bbox 1239 3499 1302 3529; baseline -0.016 0"><span class='ocrx_word' id='word_1_378' title='bbox 1239 3499 1302 3529; x_wconf 89' lang='grc' dir='ltr'><strong><em>ΕΡ.</em></strong></span> 
     </span>
    </p>
   </div>
   <div class='ocr_carea' id='block_1_31' title="bbox 2218 251 2296 301">
    <p class='ocr_par' dir='ltr' id='par_1_53' title="bbox 2218 251 2296 301">
     <span class='ocr_line' id='line_1_90' title="bbox 2218 251 2296 301; baseline -0.013 0"><span class='ocrx_word' id='word_1_379' title='bbox 2218 251 2296 301; x_wconf 74' lang='lat'><strong><em>49³</em></strong></span> 
     </span>
    </p>
   </div>
   <div class='ocr_carea' id='block_1_32' title="bbox 1339 355 2352 3595">
    <p class='ocr_par' dir='ltr' id='par_1_54' title="bbox 1339 355 2352 3595">
     <span class='ocr_line' id='line_1_91' title="bbox 1364 355 2290 407; baseline 0.001 -13"><span class='ocrx_word' id='word_1_380' title='bbox 1364 355 1548 407; x_wconf 64' lang='grc' dir='ltr'><strong><em>ῥήματ’,ἐί</em></strong></span> <span class='ocrx_word' id='word_1_381' title='bbox 1561 359 1730 402; x_wconf 80' lang='grc' dir='ltr'><strong><em>βούλεσθ’</em></strong></span> <span class='ocrx_word' id='word_1_382' title='bbox 1748 360 1890 397; x_wconf 76' lang='grc' dir='ltr'><strong><em>ἀκοῦσαι</em></strong></span> <span class='ocrx_word' id='word_1_383' title='bbox 1907 357 1996 406; x_wconf 77' lang='grc' dir='ltr'><strong><em>τήνδ’</em></strong></span> <span class='ocrx_word' id='word_1_384' title='bbox 2014 358 2106 397; x_wconf 73' lang='grc' dir='ltr'><strong><em>ὅπως</em></strong></span> <span class='ocrx_word' id='word_1_385' title='bbox 2122 357 2290 396; x_wconf 74' lang='grc' dir='ltr'><strong><em>ἀπώλετο.</em></strong></span> 
     </span>
     <span class='ocr_line' id='line_1_92' title="bbox 1365 410 2302 461; baseline 0.002 -14"><span class='ocrx_word' id='word_1_386' title='bbox 1365 414 1483 457; x_wconf 81' lang='grc' dir='ltr'><strong><em>πρῶτα</em></strong></span> <span class='ocrx_word' id='word_1_387' title='bbox 1491 415 1553 458; x_wconf 66' lang='grc' dir='ltr'><strong><em>μὲν</em></strong></span> <span class='ocrx_word' id='word_1_388' title='bbox 1561 412 1628 461; x_wconf 80' lang='grc' dir='ltr'><strong><em>γὰρ</em></strong></span> <span class='ocrx_word' id='word_1_389' title='bbox 1637 410 1738 459; x_wconf 69' lang='grc' dir='ltr'><strong><em>ἧρξεν</em></strong></span> <span class='ocrx_word' id='word_1_390' title='bbox 1747 413 1963 458; x_wconf 79' lang='grc' dir='ltr'><strong><em>ὄτηςΦειδίας</em></strong></span> <span class='ocrx_word' id='word_1_391' title='bbox 1971 412 2103 460; x_wconf 77' lang='grc' dir='ltr'><strong><em>πράξας</em></strong></span> <span class='ocrx_word' id='word_1_392' title='bbox 2112 415 2228 449; x_wconf 80' lang='grc' dir='ltr'><strong><em>κακῶς·</em></strong></span> <span class='ocrx_word' id='word_1_393' title='bbox 2239 415 2302 459; x_wconf 76' lang='grc'><strong><em>605</em></strong></span> 
     </span>
     <span class='ocr_line' id='line_1_93' title="bbox 1368 460 2304 511; baseline 0.001 -13"><span class='ocrx_word' id='word_1_394' title='bbox 1368 460 1440 499; x_wconf 77' lang='grc' dir='ltr'><strong><em>εἶτα</em></strong></span> <span class='ocrx_word' id='word_1_395' title='bbox 1456 464 1641 511; x_wconf 81' lang='grc' dir='ltr'><strong><em>Περικλέης</em></strong></span> <span class='ocrx_word' id='word_1_396' title='bbox 1657 465 1823 510; x_wconf 80' lang='grc' dir='ltr'><strong><em>φοβηθεὶς</em></strong></span> <span class='ocrx_word' id='word_1_397' title='bbox 1839 465 1884 511; x_wconf 82' lang='grc' dir='ltr'><strong><em>μὴ</em></strong></span> <span class='ocrx_word' id='word_1_398' title='bbox 1900 467 2068 511; x_wconf 81' lang='grc' dir='ltr'><strong><em>μετάσχοι</em></strong></span> <span class='ocrx_word' id='word_1_399' title='bbox 2083 467 2144 510; x_wconf 80' lang='grc' dir='ltr'><strong><em>τῆς</em></strong></span> <span class='ocrx_word' id='word_1_400' title='bbox 2159 463 2275 511; x_wconf 87' lang='grc' dir='ltr'><strong><em>τύχης,</em></strong></span> <span class='ocrx_word' id='word_1_401' title='bbox 2297 491 2304 499; x_wconf 92' lang='grc'><strong><em>.</em></strong></span> 
     </span>
     <span class='ocr_line' id='line_1_94' title="bbox 1365 514 2301 565; baseline 0.002 -14"><span class='ocrx_word' id='word_1_402' title='bbox 1365 516 1426 552; x_wconf 84' lang='grc' dir='ltr'><strong><em>τὰς</em></strong></span> <span class='ocrx_word' id='word_1_403' title='bbox 1442 514 1566 563; x_wconf 88' lang='grc' dir='ltr'><strong><em>φύσεις</em></strong></span> <span class='ocrx_word' id='word_1_404' title='bbox 1578 516 1671 561; x_wconf 77' lang='grc' dir='ltr'><strong><em>ὑμῶν</em></strong></span> <span class='ocrx_word' id='word_1_405' title='bbox 1687 517 1842 554; x_wconf 81' lang='grc' dir='ltr'><strong><em>δεδοικὼς</em></strong></span> <span class='ocrx_word' id='word_1_406' title='bbox 1859 519 1912 553; x_wconf 78' lang='grc' dir='ltr'><strong><em>καὶ</em></strong></span> <span class='ocrx_word' id='word_1_407' title='bbox 1928 519 1988 553; x_wconf 87' lang='grc' dir='ltr'><strong><em>τὸν</em></strong></span> <span class='ocrx_word' id='word_1_408' title='bbox 2003 517 2149 562; x_wconf 77' lang='grc' dir='ltr'><strong><em>αὐτοδὰξ</em></strong></span> <span class='ocrx_word' id='word_1_409' title='bbox 2165 519 2301 565; x_wconf 86' lang='grc' dir='ltr'><strong><em>τρόπον,</em></strong></span> 
     </span>
     <span class='ocr_line' id='line_1_95' title="bbox 1365 568 2270 616; baseline 0.002 -13"><span class='ocrx_word' id='word_1_410' title='bbox 1365 569 1445 615; x_wconf 83' lang='grc' dir='ltr'><strong><em>πρὶν</em></strong></span> <span class='ocrx_word' id='word_1_411' title='bbox 1460 568 1580 604; x_wconf 83' lang='grc' dir='ltr'><strong><em>παθεῖν</em></strong></span> <span class='ocrx_word' id='word_1_412' title='bbox 1595 583 1628 603; x_wconf 91' lang='grc' dir='ltr'><strong><em>τι</em></strong></span> <span class='ocrx_word' id='word_1_413' title='bbox 1645 569 1764 610; x_wconf 82' lang='grc' dir='ltr'><strong><em>δεινὸν,</em></strong></span> <span class='ocrx_word' id='word_1_414' title='bbox 1783 569 1882 605; x_wconf 76' lang='grc' dir='ltr'><strong><em>αὐτὸς</em></strong></span> <span class='ocrx_word' id='word_1_415' title='bbox 1899 570 2065 616; x_wconf 73' lang='grc' dir='ltr'><strong><em>ἐξέφλεξε</em></strong></span> <span class='ocrx_word' id='word_1_416' title='bbox 2082 570 2142 615; x_wconf 81' lang='grc' dir='ltr'><strong><em>τὴν</em></strong></span> <span class='ocrx_word' id='word_1_417' title='bbox 2157 571 2270 610; x_wconf 86' lang='grc' dir='ltr'><strong><em>πόλιν,</em></strong></span> 
     </span>
     <span class='ocr_line' id='line_1_96' title="bbox 1367 620 2300 670; baseline 0.003 -15"><span class='ocrx_word' id='word_1_418' title='bbox 1367 620 1526 665; x_wconf 76' lang='grc' dir='ltr'><strong><em>ἐμβαλὸν</em></strong></span> <span class='ocrx_word' id='word_1_419' title='bbox 1544 620 1710 667; x_wconf 81' lang='grc' dir='ltr'><strong><em>σπινθῆρα</em></strong></span> <span class='ocrx_word' id='word_1_420' title='bbox 1722 622 1840 668; x_wconf 86' lang='grc' dir='ltr'><strong><em>μικρὸν</em></strong></span> <span class='ocrx_word' id='word_1_421' title='bbox 1853 624 2044 669; x_wconf 85' lang='grc' dir='ltr'><strong><em>Μεγαρικοῦ</em></strong></span> <span class='ocrx_word' id='word_1_422' title='bbox 2060 622 2300 670; x_wconf 79' lang='grc' dir='ltr'><strong><em>ψηφίσματος,</em></strong></span> 
     </span>
     <span class='ocr_line' id='line_1_97' title="bbox 1366 671 2303 723; baseline 0.002 -16"><span class='ocrx_word' id='word_1_423' title='bbox 1366 671 1607 718; x_wconf 84' lang='grc' dir='ltr'><strong><em>κάξεφύσησεν</em></strong></span> <span class='ocrx_word' id='word_1_424' title='bbox 1619 675 1785 709; x_wconf 88' lang='grc' dir='ltr'><strong><em>τοσοῦτον</em></strong></span> <span class='ocrx_word' id='word_1_425' title='bbox 1794 675 1944 719; x_wconf 88' lang='grc' dir='ltr'><strong><em>πόλεμον</em></strong></span> <span class='ocrx_word' id='word_1_426' title='bbox 1956 674 2046 709; x_wconf 77' lang='grc' dir='ltr'><strong><em>ὥστε</em></strong></span> <span class='ocrx_word' id='word_1_427' title='bbox 2058 676 2105 723; x_wconf 69' lang='grc' dir='ltr'><strong><em>τῷ</em></strong></span> <span class='ocrx_word' id='word_1_428' title='bbox 2115 678 2227 723; x_wconf 76' lang='grc' dir='ltr'><strong><em>καπνῷ</em></strong></span> <span class='ocrx_word' id='word_1_429' title='bbox 2240 677 2303 711; x_wconf 87' lang='lat'><strong><em>610</em></strong></span> 
     </span>
     <span class='ocr_line' id='line_1_98' title="bbox 1365 724 2301 772; baseline 0.004 -12"><span class='ocrx_word' id='word_1_430' title='bbox 1365 725 1491 761; x_wconf 88' lang='grc' dir='ltr'><strong><em>πάντας</em></strong></span> <span class='ocrx_word' id='word_1_431' title='bbox 1510 724 1682 770; x_wconf 85' lang='grc' dir='ltr'><strong><em>Ἕλληνας</em></strong></span> <span class='ocrx_word' id='word_1_432' title='bbox 1707 726 1883 772; x_wconf 83' lang='grc' dir='ltr'><strong><em>δακρῦσαι,</em></strong></span> <span class='ocrx_word' id='word_1_433' title='bbox 1907 725 1986 762; x_wconf 86' lang='grc' dir='ltr'><strong><em>τούς</em></strong></span> <span class='ocrx_word' id='word_1_434' title='bbox 2010 726 2039 761; x_wconf 83' lang='grc' dir='ltr'><strong><em>τ’</em></strong></span> <span class='ocrx_word' id='word_1_435' title='bbox 2069 727 2138 763; x_wconf 84' lang='grc' dir='ltr'><strong><em>ε’κεῖ</em></strong></span> <span class='ocrx_word' id='word_1_436' title='bbox 2164 725 2242 764; x_wconf 88' lang='grc' dir='ltr'><strong><em>τούς</em></strong></span> <span class='ocrx_word' id='word_1_437' title='bbox 2271 728 2301 763; x_wconf 81' lang='grc' dir='ltr'><strong><em>τ’</em></strong></span> 
     </span>
     <span class='ocr_line' id='line_1_99' title="bbox 1419 777 1546 814; baseline 0.016 -2"><span class='ocrx_word' id='word_1_438' title='bbox 1419 777 1546 814; x_wconf 87' lang='grc' dir='ltr'><strong><em>ἐνθάδε.</em></strong></span> 
     </span>
     <span class='ocr_line' id='line_1_100' title="bbox 1367 825 2275 878; baseline 0.006 -14"><span class='ocrx_word' id='word_1_439' title='bbox 1367 829 1412 866; x_wconf 84' lang='grc' dir='ltr'><strong><em>ὧς</em></strong></span> <span class='ocrx_word' id='word_1_440' title='bbox 1428 825 1458 864; x_wconf 86' lang='grc' dir='ltr'><strong><em>δ’</em></strong></span> <span class='ocrx_word' id='word_1_441' title='bbox 1477 830 1567 875; x_wconf 82' lang='grc' dir='ltr'><strong><em>ἅπαξ</em></strong></span> <span class='ocrx_word' id='word_1_442' title='bbox 1584 831 1624 865; x_wconf 84' lang='grc' dir='ltr'><strong><em>τὸ</em></strong></span> <span class='ocrx_word' id='word_1_443' title='bbox 1640 833 1775 878; x_wconf 80' lang='grc' dir='ltr'><strong><em>πρῶτον</em></strong></span> <span class='ocrx_word' id='word_1_444' title='bbox 1790 830 1907 866; x_wconf 77' lang='grc' dir='ltr'><strong><em>ὅκουσ’</em></strong></span> <span class='ocrx_word' id='word_1_445' title='bbox 1926 831 2109 878; x_wconf 76' lang='grc' dir='ltr'><strong><em>ἐψόφησεν</em></strong></span> <span class='ocrx_word' id='word_1_446' title='bbox 2125 831 2275 877; x_wconf 75' lang='grc' dir='ltr'><strong><em>ἄμπελος</em></strong></span> 
     </span>
     <span class='ocr_line' id='line_1_101' title="bbox 1366 882 2255 933; baseline 0.003 -17"><span class='ocrx_word' id='word_1_447' title='bbox 1366 882 1420 918; x_wconf 83' lang='grc' dir='ltr'><strong><em>καὶ</em></strong></span> <span class='ocrx_word' id='word_1_448' title='bbox 1436 882 1535 919; x_wconf 90' lang='grc' dir='ltr'><strong><em>πίθος</em></strong></span> <span class='ocrx_word' id='word_1_449' title='bbox 1551 884 1693 930; x_wconf 88' lang='grc' dir='ltr'><strong><em>πληγεὶς</em></strong></span> <span class='ocrx_word' id='word_1_450' title='bbox 1709 882 1765 918; x_wconf 83' lang='grc' dir='ltr'><strong><em>ὑπ’</em></strong></span> <span class='ocrx_word' id='word_1_451' title='bbox 1783 884 1886 930; x_wconf 87' lang='grc' dir='ltr'><strong><em>ὀργῆς</em></strong></span> <span class='ocrx_word' id='word_1_452' title='bbox 1903 884 2140 919; x_wconf 85' lang='grc' dir='ltr'><strong><em>ἀντελάκτισεν</em></strong></span> <span class='ocrx_word' id='word_1_453' title='bbox 2155 884 2255 933; x_wconf 78' lang='grc' dir='ltr'><strong><em>πίθῳ,</em></strong></span> 
     </span>
     <span class='ocr_line' id='line_1_102' title="bbox 1366 933 2197 982; baseline 0.004 -14"><span class='ocrx_word' id='word_1_454' title='bbox 1366 933 1472 969; x_wconf 78' lang='grc' dir='ltr'><strong><em>οὐκέτ’</em></strong></span> <span class='ocrx_word' id='word_1_455' title='bbox 1489 933 1530 979; x_wconf 84' lang='grc' dir='ltr'><strong><em>ἦν</em></strong></span> <span class='ocrx_word' id='word_1_456' title='bbox 1547 935 1655 972; x_wconf 78' lang='grc' dir='ltr'><strong><em>οὐδεὶς</em></strong></span> <span class='ocrx_word' id='word_1_457' title='bbox 1673 938 1692 970; x_wconf 89' lang='grc' dir='ltr'><strong><em>ὁ</em></strong></span> <span class='ocrx_word' id='word_1_458' title='bbox 1708 934 1861 976; x_wconf 78' lang='grc' dir='ltr'><strong><em>παύσων,</em></strong></span> <span class='ocrx_word' id='word_1_459' title='bbox 1880 936 1939 981; x_wconf 78' lang='grc' dir='ltr'><strong><em>ἥδε</em></strong></span> <span class='ocrx_word' id='word_1_460' title='bbox 1956 935 1985 971; x_wconf 84' lang='grc' dir='ltr'><strong><em>δ’</em></strong></span> <span class='ocrx_word' id='word_1_461' title='bbox 2003 934 2197 982; x_wconf 78' lang='grc' dir='ltr'><strong><em>ἢφανίζετσ.</em></strong></span> 
     </span>
     <span class='ocr_line' id='line_1_103' title="bbox 1364 987 2302 1035; baseline 0.004 -14"><span class='ocrx_word' id='word_1_462' title='bbox 1364 989 1467 1021; x_wconf 89' lang='grc' dir='ltr'><strong><em>ταῦτα</em></strong></span> <span class='ocrx_word' id='word_1_463' title='bbox 1477 987 1594 1023; x_wconf 88' lang='grc' dir='ltr'><strong><em>ποίνυν</em></strong></span> <span class='ocrx_word' id='word_1_464' title='bbox 1603 988 1650 1033; x_wconf 83' lang='grc' dir='ltr'><strong><em>μὰ</em></strong></span> <span class='ocrx_word' id='word_1_465' title='bbox 1660 989 1719 1023; x_wconf 86' lang='grc' dir='ltr'><strong><em>τὸν</em></strong></span> <span class='ocrx_word' id='word_1_466' title='bbox 1727 987 1888 1023; x_wconf 91' lang='grc' dir='ltr'><strong><em>Ἀπόλλω</em></strong></span> <span class='ocrx_word' id='word_1_467' title='bbox 1898 988 1958 1035; x_wconf 77' lang='grc' dir='ltr'><strong><em>’γὸ</em></strong></span> <span class='ocrx_word' id='word_1_468' title='bbox 1968 987 2147 1034; x_wconf 90' lang='grc' dir='ltr'><strong><em>πεπύσμην</em></strong></span> <span class='ocrx_word' id='word_1_469' title='bbox 2157 990 2302 1033; x_wconf 78' lang='grc' dir='ltr'><strong><em>οὐδενὸς,</em></strong></span> 
     </span>
     <span class='ocr_line' id='line_1_104' title="bbox 1365 1037 2301 1087; baseline 0.004 -13"><span class='ocrx_word' id='word_1_470' title='bbox 1365 1037 1436 1074; x_wconf 78' lang='grc' dir='ltr'><strong><em>οὐδ’</em></strong></span> <span class='ocrx_word' id='word_1_471' title='bbox 1455 1038 1546 1076; x_wconf 81' lang='grc' dir='ltr'><strong><em>ὅπως</em></strong></span> <span class='ocrx_word' id='word_1_472' title='bbox 1561 1040 1644 1085; x_wconf 72' lang='grc' dir='ltr'><strong><em>αὐτῇ</em></strong></span> <span class='ocrx_word' id='word_1_473' title='bbox 1661 1039 1829 1087; x_wconf 80' lang='grc' dir='ltr'><strong><em>προσήκοι</em></strong></span> <span class='ocrx_word' id='word_1_474' title='bbox 1847 1041 1978 1078; x_wconf 81' lang='grc' dir='ltr'><strong><em>Φειδίας</em></strong></span> <span class='ocrx_word' id='word_1_475' title='bbox 1995 1040 2128 1086; x_wconf 81' lang='grc' dir='ltr'><strong><em>ἠκηκόη.</em></strong></span> <span class='ocrx_word' id='word_1_476' title='bbox 2238 1045 2301 1078; x_wconf 83' lang='grc' dir='ltr'><strong><em>6ι6</em></strong></span> 
     </span>
     <span class='ocr_line' id='line_1_105' title="bbox 1363 1091 2300 1141; baseline 0.005 -15"><span class='ocrx_word' id='word_1_477' title='bbox 1363 1091 1433 1127; x_wconf 81' lang='grc' dir='ltr'><strong><em>οὐδ’</em></strong></span> <span class='ocrx_word' id='word_1_478' title='bbox 1452 1092 1570 1140; x_wconf 73' lang='grc' dir='ltr'><strong><em>ἔγωγε,</em></strong></span> <span class='ocrx_word' id='word_1_479' title='bbox 1584 1091 1674 1137; x_wconf 83' lang='grc' dir='ltr'><strong><em>πλήν</em></strong></span> <span class='ocrx_word' id='word_1_480' title='bbox 1689 1108 1730 1140; x_wconf 91' lang='grc' dir='ltr'><strong><em>γε</em></strong></span> <span class='ocrx_word' id='word_1_481' title='bbox 1743 1093 1826 1129; x_wconf 86' lang='grc' dir='ltr'><strong><em>νυνί.</em></strong></span> <span class='ocrx_word' id='word_1_482' title='bbox 1845 1093 1935 1128; x_wconf 83' lang='grc' dir='ltr'><strong><em>ταῦτ’</em></strong></span> <span class='ocrx_word' id='word_1_483' title='bbox 1951 1093 2002 1139; x_wconf 74' lang='grc' dir='ltr'><strong><em>ἄρ’</em></strong></span> <span class='ocrx_word' id='word_1_484' title='bbox 2016 1094 2236 1141; x_wconf 74' lang='grc' dir='ltr'><strong><em>εὐπρόσωπος</em></strong></span> <span class='ocrx_word' id='word_1_485' title='bbox 2248 1093 2300 1139; x_wconf 79' lang='grc' dir='ltr'><strong><em>ἦν,</em></strong></span> 
     </span>
     <span class='ocr_line' id='line_1_106' title="bbox 1365 1142 2268 1192; baseline 0.004 -13"><span class='ocrx_word' id='word_1_486' title='bbox 1365 1142 1454 1180; x_wconf 75' lang='grc' dir='ltr'><strong><em>οὖσα</em></strong></span> <span class='ocrx_word' id='word_1_487' title='bbox 1471 1145 1636 1192; x_wconf 84' lang='grc' dir='ltr'><strong><em>συγγενὴς</em></strong></span> <span class='ocrx_word' id='word_1_488' title='bbox 1653 1145 1791 1181; x_wconf 87' lang='grc' dir='ltr'><strong><em>ἐκείνου.</em></strong></span> <span class='ocrx_word' id='word_1_489' title='bbox 1818 1146 1934 1181; x_wconf 89' lang='grc' dir='ltr'><strong><em>πολλά</em></strong></span> <span class='ocrx_word' id='word_1_490' title='bbox 1950 1146 1982 1192; x_wconf 82' lang='grc' dir='ltr'><strong><em>γ’</em></strong></span> <span class='ocrx_word' id='word_1_491' title='bbox 2001 1146 2086 1191; x_wconf 82' lang='grc' dir='ltr'><strong><em>ἡμᾶς</em></strong></span> <span class='ocrx_word' id='word_1_492' title='bbox 2100 1147 2268 1186; x_wconf 80' lang='grc' dir='ltr'><strong><em>λανθάνει.</em></strong></span> 
     </span>
     <span class='ocr_line' id='line_1_107' title="bbox 1364 1193 2213 1247; baseline 0.005 -16"><span class='ocrx_word' id='word_1_493' title='bbox 1364 1193 1433 1242; x_wconf 79' lang='grc' dir='ltr'><strong><em>κᾷτ’</em></strong></span> <span class='ocrx_word' id='word_1_494' title='bbox 1452 1197 1565 1242; x_wconf 84' lang='grc' dir='ltr'><strong><em>ἐπειδὴ</em></strong></span> <span class='ocrx_word' id='word_1_495' title='bbox 1582 1199 1727 1245; x_wconf 88' lang='grc' dir='ltr'><strong><em>’γνωσαν</em></strong></span> <span class='ocrx_word' id='word_1_496' title='bbox 1743 1199 1828 1244; x_wconf 81' lang='grc' dir='ltr'><strong><em>ὑμᾶς</em></strong></span> <span class='ocrx_word' id='word_1_497' title='bbox 1844 1199 1879 1233; x_wconf 74' lang='grc' dir='ltr'><strong><em>αἱ</em></strong></span> <span class='ocrx_word' id='word_1_498' title='bbox 1895 1201 2013 1235; x_wconf 80' lang='grc' dir='ltr'><strong><em>πόλεις</em></strong></span> <span class='ocrx_word' id='word_1_499' title='bbox 2030 1199 2076 1234; x_wconf 71' lang='grc' dir='ltr'><strong><em>ὧν</em></strong></span> <span class='ocrx_word' id='word_1_500' title='bbox 2092 1201 2213 1247; x_wconf 71' lang='grc' dir='ltr'><strong><em>ἤρχετε</em></strong></span> 
     </span>
     <span class='ocr_line' id='line_1_108' title="bbox 1363 1247 2302 1298; baseline 0.004 -14"><span class='ocrx_word' id='word_1_501' title='bbox 1363 1247 1587 1296; x_wconf 80' lang='grc' dir='ltr'><strong><em>ἠγριωμένους</em></strong></span> <span class='ocrx_word' id='word_1_502' title='bbox 1604 1247 1656 1286; x_wconf 77' lang='grc' dir='ltr'><strong><em>ἐπ’</em></strong></span> <span class='ocrx_word' id='word_1_503' title='bbox 1675 1250 1862 1296; x_wconf 86' lang='grc' dir='ltr'><strong><em>ἀλλήλοισι</em></strong></span> <span class='ocrx_word' id='word_1_504' title='bbox 1879 1252 1933 1286; x_wconf 75' lang='grc' dir='ltr'><strong><em>καὶ</em></strong></span> <span class='ocrx_word' id='word_1_505' title='bbox 1950 1254 2150 1298; x_wconf 83' lang='grc' dir='ltr'><strong><em>σεσηρότας,</em></strong></span> <span class='ocrx_word' id='word_1_506' title='bbox 2240 1255 2302 1288; x_wconf 83' lang='lat'><strong><em>620</em></strong></span> 
     </span>
     <span class='ocr_line' id='line_1_109' title="bbox 1366 1301 2300 1351; baseline 0.003 -15"><span class='ocrx_word' id='word_1_507' title='bbox 1366 1301 1462 1337; x_wconf 79' lang='grc' dir='ltr'><strong><em>πάντ’</em></strong></span> <span class='ocrx_word' id='word_1_508' title='bbox 1473 1302 1674 1348; x_wconf 77' lang='grc' dir='ltr'><strong><em>ἐμηχανῶντ’</em></strong></span> <span class='ocrx_word' id='word_1_509' title='bbox 1685 1302 1741 1349; x_wconf 76' lang='grc' dir='ltr'><strong><em>ἐφ’</em></strong></span> <span class='ocrx_word' id='word_1_510' title='bbox 1751 1303 1840 1349; x_wconf 80' lang='grc' dir='ltr'><strong><em>ὑμῖν,</em></strong></span> <span class='ocrx_word' id='word_1_511' title='bbox 1852 1303 1930 1340; x_wconf 78' lang='grc' dir='ltr'><strong><em>τοὺς</em></strong></span> <span class='ocrx_word' id='word_1_512' title='bbox 1940 1304 2069 1351; x_wconf 90' lang='grc' dir='ltr'><strong><em>φόρους</em></strong></span> <span class='ocrx_word' id='word_1_513' title='bbox 2079 1303 2300 1350; x_wconf 79' lang='grc' dir='ltr'><strong><em>φοβούμεναι,</em></strong></span> 
     </span>
     <span class='ocr_line' id='line_1_110' title="bbox 1366 1354 2299 1404; baseline 0.006 -17"><span class='ocrx_word' id='word_1_514' title='bbox 1366 1354 1559 1390; x_wconf 87' lang='grc' dir='ltr'><strong><em>κάνέπειθον</em></strong></span> <span class='ocrx_word' id='word_1_515' title='bbox 1574 1358 1641 1390; x_wconf 78' lang='grc' dir='ltr'><strong><em>τῶν</em></strong></span> <span class='ocrx_word' id='word_1_516' title='bbox 1654 1356 1816 1391; x_wconf 82' lang='grc' dir='ltr'><strong><em>Λακώνων</em></strong></span> <span class='ocrx_word' id='word_1_517' title='bbox 1833 1355 1911 1392; x_wconf 75' lang='grc' dir='ltr'><strong><em>τοὺς</em></strong></span> <span class='ocrx_word' id='word_1_518' title='bbox 1922 1357 2105 1404; x_wconf 84' lang='grc' dir='ltr'><strong><em>μεγίστους</em></strong></span> <span class='ocrx_word' id='word_1_519' title='bbox 2117 1356 2299 1403; x_wconf 84' lang='grc' dir='ltr'><strong><em>χρήμασιν.</em></strong></span> 
     </span>
     <span class='ocr_line' id='line_1_111' title="bbox 1365 1404 2220 1456; baseline 0.006 -16"><span class='ocrx_word' id='word_1_520' title='bbox 1365 1407 1398 1440; x_wconf 82' lang='grc' dir='ltr'><strong><em>οἱ</em></strong></span> <span class='ocrx_word' id='word_1_521' title='bbox 1416 1406 1445 1441; x_wconf 83' lang='grc' dir='ltr'><strong><em>δ’</em></strong></span> <span class='ocrx_word' id='word_1_522' title='bbox 1463 1404 1514 1442; x_wconf 78' lang='grc' dir='ltr'><strong><em>ἅτ’</em></strong></span> <span class='ocrx_word' id='word_1_523' title='bbox 1531 1405 1624 1444; x_wconf 78' lang='grc' dir='ltr'><strong><em>ὄντες</em></strong></span> <span class='ocrx_word' id='word_1_524' title='bbox 1640 1407 1893 1455; x_wconf 72' lang='grc' dir='ltr'><strong><em>αἰσχροκερδεῖς</em></strong></span> <span class='ocrx_word' id='word_1_525' title='bbox 1910 1409 1964 1443; x_wconf 75' lang='grc' dir='ltr'><strong><em>καὶ</em></strong></span> <span class='ocrx_word' id='word_1_526' title='bbox 1981 1409 2220 1456; x_wconf 84' lang='grc' dir='ltr'><strong><em>διειρωνόξενοι</em></strong></span> 
     </span>
     <span class='ocr_line' id='line_1_112' title="bbox 1364 1457 2299 1509; baseline 0.005 -16"><span class='ocrx_word' id='word_1_527' title='bbox 1364 1457 1454 1503; x_wconf 83' lang='grc' dir='ltr'><strong><em>τήνδ’</em></strong></span> <span class='ocrx_word' id='word_1_528' title='bbox 1484 1459 1735 1507; x_wconf 73' lang='grc' dir='ltr'><strong><em>ἀπορρίψαντες</em></strong></span> <span class='ocrx_word' id='word_1_529' title='bbox 1765 1460 1917 1508; x_wconf 75' lang='grc' dir='ltr'><strong><em>αἰσχρῶς</em></strong></span> <span class='ocrx_word' id='word_1_530' title='bbox 1941 1461 2001 1497; x_wconf 81' lang='grc' dir='ltr'><strong><em>τὸν</em></strong></span> <span class='ocrx_word' id='word_1_531' title='bbox 2025 1463 2175 1508; x_wconf 88' lang='grc' dir='ltr'><strong><em>πόλεμον</em></strong></span> <span class='ocrx_word' id='word_1_532' title='bbox 2200 1461 2299 1509; x_wconf 88' lang='grc' dir='ltr'><strong><em>ἀνήρ-</em></strong></span> 
     </span>
     <span class='ocr_line' id='line_1_113' title="bbox 1417 1519 1544 1547; baseline 0 0"><span class='ocrx_word' id='word_1_533' title='bbox 1417 1519 1544 1547; x_wconf 80' lang='grc' dir='ltr'><strong><em>πασαν·</em></strong></span> 
     </span>
     <span class='ocr_line' id='line_1_114' title="bbox 1365 1560 2298 1615; baseline 0.005 -16"><span class='ocrx_word' id='word_1_534' title='bbox 1365 1560 1447 1611; x_wconf 75' lang='grc' dir='ltr'><strong><em>κᾷτα</em></strong></span> <span class='ocrx_word' id='word_1_535' title='bbox 1463 1564 1620 1600; x_wconf 88' lang='grc' dir='ltr'><strong><em>τάκείνων</em></strong></span> <span class='ocrx_word' id='word_1_536' title='bbox 1635 1579 1676 1613; x_wconf 90' lang='grc' dir='ltr'><strong><em>γε</em></strong></span> <span class='ocrx_word' id='word_1_537' title='bbox 1693 1565 1791 1612; x_wconf 85' lang='grc' dir='ltr'><strong><em>κέρδη</em></strong></span> <span class='ocrx_word' id='word_1_538' title='bbox 1809 1567 1880 1602; x_wconf 88' lang='grc' dir='ltr'><strong><em>τοῖς</em></strong></span> <span class='ocrx_word' id='word_1_539' title='bbox 1895 1569 2058 1615; x_wconf 85' lang='grc' dir='ltr'><strong><em>γεωργοῖς</em></strong></span> <span class='ocrx_word' id='word_1_540' title='bbox 2074 1566 2115 1611; x_wconf 82' lang='grc' dir='ltr'><strong><em>ἦν</em></strong></span> <span class='ocrx_word' id='word_1_541' title='bbox 2132 1569 2225 1603; x_wconf 80' lang='grc' dir='ltr'><strong><em>κακά’</em></strong></span> <span class='ocrx_word' id='word_1_542' title='bbox 2239 1571 2298 1613; x_wconf 83' lang='lat'><strong><em>625</em></strong></span> 
     </span>
     <span class='ocr_line' id='line_1_115' title="bbox 1363 1616 2169 1667; baseline 0.004 -16"><span class='ocrx_word' id='word_1_543' title='bbox 1363 1618 1398 1651; x_wconf 80' lang='grc' dir='ltr'><strong><em>αἱ</em></strong></span> <span class='ocrx_word' id='word_1_544' title='bbox 1414 1617 1480 1664; x_wconf 85' lang='grc' dir='ltr'><strong><em>γὰρ</em></strong></span> <span class='ocrx_word' id='word_1_545' title='bbox 1498 1616 1621 1652; x_wconf 77' lang='grc' dir='ltr'><strong><em>ἐνθένδ’</em></strong></span> <span class='ocrx_word' id='word_1_546' title='bbox 1637 1616 1680 1653; x_wconf 75' lang='grc' dir='ltr'><strong><em>αὖ</em></strong></span> <span class='ocrx_word' id='word_1_547' title='bbox 1696 1617 1841 1665; x_wconf 83' lang='grc' dir='ltr'><strong><em>τριήρεις</em></strong></span> <span class='ocrx_word' id='word_1_548' title='bbox 1857 1618 2169 1667; x_wconf 86' lang='grc' dir='ltr'><strong><em>ἀντιτιμωρούμεναι</em></strong></span> 
     </span>
     <span class='ocr_line' id='line_1_116' title="bbox 1364 1668 2220 1718; baseline 0.007 -15"><span class='ocrx_word' id='word_1_549' title='bbox 1364 1669 1462 1704; x_wconf 79' lang='grc' dir='ltr'><strong><em>οὐδὲν</em></strong></span> <span class='ocrx_word' id='word_1_550' title='bbox 1479 1668 1592 1704; x_wconf 80' lang='grc' dir='ltr'><strong><em>αἰτίων</em></strong></span> <span class='ocrx_word' id='word_1_551' title='bbox 1609 1670 1650 1705; x_wconf 78' lang='grc' dir='ltr'><strong><em>ἂν</em></strong></span> <span class='ocrx_word' id='word_1_552' title='bbox 1666 1670 1794 1717; x_wconf 82' lang='grc' dir='ltr'><strong><em>ἀνδρῶν</em></strong></span> <span class='ocrx_word' id='word_1_553' title='bbox 1810 1671 1871 1707; x_wconf 79' lang='grc' dir='ltr'><strong><em>τὰς</em></strong></span> <span class='ocrx_word' id='word_1_554' title='bbox 1888 1672 2010 1718; x_wconf 89' lang='grc' dir='ltr'><strong><em>κράδας</em></strong></span> <span class='ocrx_word' id='word_1_555' title='bbox 2027 1671 2220 1717; x_wconf 89' lang='grc' dir='ltr'><strong><em>κατήσθιον.</em></strong></span> 
     </span>
     <span class='ocr_line' id='line_1_117' title="bbox 1365 1721 2212 1771; baseline 0.004 -14"><span class='ocrx_word' id='word_1_556' title='bbox 1365 1722 1401 1757; x_wconf 84' lang='grc' dir='ltr'><strong><em>ἐν</em></strong></span> <span class='ocrx_word' id='word_1_557' title='bbox 1418 1722 1491 1766; x_wconf 90' lang='grc' dir='ltr'><strong><em>δίκῃ</em></strong></span> <span class='ocrx_word' id='word_1_558' title='bbox 1508 1723 1569 1767; x_wconf 78' lang='grc' dir='ltr'><strong><em>μὲν</em></strong></span> <span class='ocrx_word' id='word_1_559' title='bbox 1586 1721 1655 1763; x_wconf 78' lang='grc' dir='ltr'><strong><em>οὖν,</em></strong></span> <span class='ocrx_word' id='word_1_560' title='bbox 1676 1723 1750 1758; x_wconf 88' lang='grc' dir='ltr'><strong><em>ε’πεί</em></strong></span> <span class='ocrx_word' id='word_1_561' title='bbox 1764 1737 1816 1758; x_wconf 92' lang='grc' dir='ltr'><strong><em>τοι</em></strong></span> <span class='ocrx_word' id='word_1_562' title='bbox 1834 1724 1888 1759; x_wconf 83' lang='grc' dir='ltr'><strong><em>καὶ</em></strong></span> <span class='ocrx_word' id='word_1_563' title='bbox 1905 1725 2074 1770; x_wconf 84' lang='grc' dir='ltr'><strong><em>κορώνεών</em></strong></span> <span class='ocrx_word' id='word_1_564' title='bbox 2089 1724 2130 1771; x_wconf 85' lang='grc' dir='ltr'><strong><em>γε’</em></strong></span> <span class='ocrx_word' id='word_1_565' title='bbox 2146 1740 2212 1770; x_wconf 91' lang='grc' dir='ltr'><strong><em>μου</em></strong></span> 
     </span>
     <span class='ocr_line' id='line_1_118' title="bbox 1364 1773 2157 1823; baseline 0.004 -14"><span class='ocrx_word' id='word_1_566' title='bbox 1364 1774 1545 1820; x_wconf 75' lang='grc' dir='ltr'><strong><em>ἐξέκοψαν,</em></strong></span> <span class='ocrx_word' id='word_1_567' title='bbox 1565 1773 1605 1820; x_wconf 85' lang='grc' dir='ltr'><strong><em>ἣν</em></strong></span> <span class='ocrx_word' id='word_1_568' title='bbox 1622 1775 1687 1822; x_wconf 87' lang='grc' dir='ltr'><strong><em>ε’γὼ</em></strong></span> <span class='ocrx_word' id='word_1_569' title='bbox 1704 1774 1870 1820; x_wconf 81' lang='grc' dir='ltr'><strong><em>’φύτευσα</em></strong></span> <span class='ocrx_word' id='word_1_570' title='bbox 1887 1777 2157 1823; x_wconf 83' lang='grc' dir='ltr'><strong><em>κάξεθρεψάμην.</em></strong></span> 
     </span>
     <span class='ocr_line' id='line_1_119' title="bbox 1361 1826 2276 1875; baseline 0.004 -13"><span class='ocrx_word' id='word_1_571' title='bbox 1361 1827 1399 1871; x_wconf 83' lang='grc' dir='ltr'><strong><em>νὴ</em></strong></span> <span class='ocrx_word' id='word_1_572' title='bbox 1417 1826 1487 1866; x_wconf 85' lang='grc' dir='ltr'><strong><em>Δί’,</em></strong></span> <span class='ocrx_word' id='word_1_573' title='bbox 1507 1826 1533 1861; x_wconf 76' lang='grc' dir='ltr'><strong><em>ὦ</em></strong></span> <span class='ocrx_word' id='word_1_574' title='bbox 1549 1827 1637 1872; x_wconf 78' lang='grc' dir='ltr'><strong><em>μέλ’,</em></strong></span> <span class='ocrx_word' id='word_1_575' title='bbox 1657 1827 1790 1864; x_wconf 85' lang='grc' dir='ltr'><strong><em>ἐνδίκως</em></strong></span> <span class='ocrx_word' id='word_1_576' title='bbox 1805 1843 1846 1875; x_wconf 91' lang='grc' dir='ltr'><strong><em>γε</em></strong></span> <span class='ocrx_word' id='word_1_577' title='bbox 1864 1828 1947 1873; x_wconf 81' lang='grc' dir='ltr'><strong><em>δῆτ’,</em></strong></span> <span class='ocrx_word' id='word_1_578' title='bbox 1966 1829 2038 1864; x_wconf 83' lang='grc' dir='ltr'><strong><em>ἐπεὶ</em></strong></span> <span class='ocrx_word' id='word_1_579' title='bbox 2055 1830 2161 1874; x_wconf 83' lang='grc' dir='ltr'><strong><em>κάμοῦ</em></strong></span> <span class='ocrx_word' id='word_1_580' title='bbox 2178 1830 2276 1866; x_wconf 89' lang='grc' dir='ltr'><strong><em>λίθον</em></strong></span> 
     </span>
     <span class='ocr_line' id='line_1_120' title="bbox 1362 1880 2296 1927; baseline 0.004 -13"><span class='ocrx_word' id='word_1_581' title='bbox 1362 1880 1568 1924; x_wconf 85' lang='grc' dir='ltr'><strong><em>ἐμβαλόντες</em></strong></span> <span class='ocrx_word' id='word_1_582' title='bbox 1585 1880 1779 1925; x_wconf 82' lang='grc' dir='ltr'><strong><em>ἑξμέδιμνον</em></strong></span> <span class='ocrx_word' id='word_1_583' title='bbox 1796 1880 1950 1927; x_wconf 78' lang='grc' dir='ltr'><strong><em>κυψέλην</em></strong></span> <span class='ocrx_word' id='word_1_584' title='bbox 1967 1881 2160 1919; x_wconf 89' lang='grc' dir='ltr'><strong><em>ἀπώλεσαν.</em></strong></span> <span class='ocrx_word' id='word_1_585' title='bbox 2238 1886 2296 1927; x_wconf 82' lang='grc' dir='ltr'><strong><em>63ι</em></strong></span> 
     </span>
     <span class='ocr_line' id='line_1_121' title="bbox 1359 1929 2289 1979; baseline 0.003 -12"><span class='ocrx_word' id='word_1_586' title='bbox 1359 1929 1441 1978; x_wconf 80' lang='grc' dir='ltr'><strong><em>κᾷτα</em></strong></span> <span class='ocrx_word' id='word_1_587' title='bbox 1458 1931 1486 1966; x_wconf 79' lang='grc' dir='ltr'><strong><em>δ’</em></strong></span> <span class='ocrx_word' id='word_1_588' title='bbox 1506 1932 1550 1968; x_wconf 87' lang='grc' dir='ltr'><strong><em>ώς</em></strong></span> <span class='ocrx_word' id='word_1_589' title='bbox 1567 1931 1604 1966; x_wconf 90' lang='grc' dir='ltr'><strong><em>ἐκ</em></strong></span> <span class='ocrx_word' id='word_1_590' title='bbox 1621 1935 1687 1967; x_wconf 83' lang='grc' dir='ltr'><strong><em>τῶν</em></strong></span> <span class='ocrx_word' id='word_1_591' title='bbox 1704 1933 1815 1978; x_wconf 80' lang='grc' dir='ltr'><strong><em>ἀγρῶν</em></strong></span> <span class='ocrx_word' id='word_1_592' title='bbox 1831 1933 1994 1978; x_wconf 84' lang='grc' dir='ltr'><strong><em>ξυνῆλθεν</em></strong></span> <span class='ocrx_word' id='word_1_593' title='bbox 2011 1933 2175 1979; x_wconf 80' lang='grc' dir='ltr'><strong><em>οὑργάτης</em></strong></span> <span class='ocrx_word' id='word_1_594' title='bbox 2191 1936 2289 1976; x_wconf 83' lang='grc' dir='ltr'><strong><em>λεὼς,</em></strong></span> 
     </span>
     <span class='ocr_line' id='line_1_122' title="bbox 1360 1981 2266 2027; baseline 0.002 -11"><span class='ocrx_word' id='word_1_595' title='bbox 1360 1983 1420 2016; x_wconf 86' lang='grc' dir='ltr'><strong><em>τὸν</em></strong></span> <span class='ocrx_word' id='word_1_596' title='bbox 1435 1983 1561 2027; x_wconf 87' lang='grc' dir='ltr'><strong><em>τρόπον</em></strong></span> <span class='ocrx_word' id='word_1_597' title='bbox 1576 1981 1792 2025; x_wconf 77' lang='grc' dir='ltr'><strong><em>πωλούμενος</em></strong></span> <span class='ocrx_word' id='word_1_598' title='bbox 1808 1982 1866 2016; x_wconf 86' lang='grc' dir='ltr'><strong><em>τὸν</em></strong></span> <span class='ocrx_word' id='word_1_599' title='bbox 1883 1981 1983 2015; x_wconf 80' lang='grc' dir='ltr'><strong><em>αὐτὸν</em></strong></span> <span class='ocrx_word' id='word_1_600' title='bbox 1999 1981 2058 2016; x_wconf 78' lang='grc' dir='ltr'><strong><em>οὒκ</em></strong></span> <span class='ocrx_word' id='word_1_601' title='bbox 2077 1982 2266 2027; x_wconf 83' lang='grc' dir='ltr'><strong><em>ἐμάνθανεν,</em></strong></span> 
     </span>
     <span class='ocr_line' id='line_1_123' title="bbox 1359 2032 2290 2080; baseline 0.005 -13"><span class='ocrx_word' id='word_1_602' title='bbox 1359 2032 1438 2068; x_wconf 85' lang='grc' dir='ltr'><strong><em>ἀλλ’</em></strong></span> <span class='ocrx_word' id='word_1_603' title='bbox 1457 2033 1507 2068; x_wconf 85' lang='grc' dir='ltr'><strong><em>ἅτ’</em></strong></span> <span class='ocrx_word' id='word_1_604' title='bbox 1527 2033 1573 2068; x_wconf 81' lang='grc' dir='ltr'><strong><em>ὣν</em></strong></span> <span class='ocrx_word' id='word_1_605' title='bbox 1589 2033 1667 2068; x_wconf 77' lang='grc' dir='ltr'><strong><em>ἄνευ</em></strong></span> <span class='ocrx_word' id='word_1_606' title='bbox 1682 2034 1851 2080; x_wconf 88' lang='grc' dir='ltr'><strong><em>γιγάρτων</em></strong></span> <span class='ocrx_word' id='word_1_607' title='bbox 1868 2033 1921 2068; x_wconf 81' lang='grc' dir='ltr'><strong><em>καὶ</em></strong></span> <span class='ocrx_word' id='word_1_608' title='bbox 1939 2034 2053 2079; x_wconf 84' lang='grc' dir='ltr'><strong><em>φιλῶν</em></strong></span> <span class='ocrx_word' id='word_1_609' title='bbox 2069 2034 2128 2071; x_wconf 83' lang='grc' dir='ltr'><strong><em>τὰς</em></strong></span> <span class='ocrx_word' id='word_1_610' title='bbox 2146 2034 2290 2080; x_wconf 84' lang='grc' dir='ltr'><strong><em>ἶσχάδας</em></strong></span> 
     </span>
     <span class='ocr_line' id='line_1_124' title="bbox 1358 2085 2296 2133; baseline 0.004 -13"><span class='ocrx_word' id='word_1_611' title='bbox 1358 2086 1503 2127; x_wconf 74' lang='grc' dir='ltr'><strong><em>ἔβλεπεν</em></strong></span> <span class='ocrx_word' id='word_1_612' title='bbox 1519 2087 1604 2133; x_wconf 88' lang='grc' dir='ltr'><strong><em>πρὸς</em></strong></span> <span class='ocrx_word' id='word_1_613' title='bbox 1620 2085 1698 2121; x_wconf 82' lang='grc' dir='ltr'><strong><em>τοὺς</em></strong></span> <span class='ocrx_word' id='word_1_614' title='bbox 1709 2085 1882 2130; x_wconf 84' lang='grc' dir='ltr'><strong><em>λέγοντας”</em></strong></span> <span class='ocrx_word' id='word_1_615' title='bbox 1903 2086 1935 2120; x_wconf 77' lang='grc' dir='ltr'><strong><em>οἱ</em></strong></span> <span class='ocrx_word' id='word_1_616' title='bbox 1949 2086 1986 2120; x_wconf 81' lang='grc' dir='ltr'><strong><em>δὲ</em></strong></span> <span class='ocrx_word' id='word_1_617' title='bbox 2002 2087 2246 2132; x_wconf 87' lang='grc' dir='ltr'><strong><em>γιγνώσκοντες</em></strong></span> <span class='ocrx_word' id='word_1_618' title='bbox 2258 2087 2296 2124; x_wconf 80' lang='grc' dir='ltr'><strong><em>εὖ</em></strong></span> 
     </span>
     <span class='ocr_line' id='line_1_125' title="bbox 1358 2137 2275 2185; baseline 0.001 -12"><span class='ocrx_word' id='word_1_619' title='bbox 1358 2137 1436 2174; x_wconf 85' lang='grc' dir='ltr'><strong><em>τοὺς</em></strong></span> <span class='ocrx_word' id='word_1_620' title='bbox 1451 2138 1593 2183; x_wconf 89' lang='grc' dir='ltr'><strong><em>πένητας</em></strong></span> <span class='ocrx_word' id='word_1_621' title='bbox 1610 2137 1833 2173; x_wconf 89' lang='grc' dir='ltr'><strong><em>ἀσθενοῦντας</em></strong></span> <span class='ocrx_word' id='word_1_622' title='bbox 1850 2138 2076 2184; x_wconf 89' lang='grc' dir='ltr'><strong><em>κάποροῦντας</em></strong></span> <span class='ocrx_word' id='word_1_623' title='bbox 2093 2138 2275 2185; x_wconf 82' lang='grc' dir='ltr'><strong><em>ἀλφίτων,,</em></strong></span> 
     </span>
     <span class='ocr_line' id='line_1_126' title="bbox 1353 2189 2291 2238; baseline 0.003 -13"><span class='ocrx_word' id='word_1_624' title='bbox 1353 2189 1451 2235; x_wconf 87' lang='grc' dir='ltr'><strong><em>τήνδε</em></strong></span> <span class='ocrx_word' id='word_1_625' title='bbox 1463 2190 1528 2235; x_wconf 71' lang='grc' dir='ltr'><strong><em>μὲν</em></strong></span> <span class='ocrx_word' id='word_1_626' title='bbox 1537 2192 1661 2238; x_wconf 87' lang='grc' dir='ltr'><strong><em>δικροῖς</em></strong></span> <span class='ocrx_word' id='word_1_627' title='bbox 1674 2189 1799 2224; x_wconf 83' lang='grc' dir='ltr'><strong><em>ἐώθουν</em></strong></span> <span class='ocrx_word' id='word_1_628' title='bbox 1811 2189 1871 2234; x_wconf 86' lang='grc' dir='ltr'><strong><em>τὴν</em></strong></span> <span class='ocrx_word' id='word_1_629' title='bbox 1883 2189 1960 2224; x_wconf 86' lang='grc' dir='ltr'><strong><em>θεὸν</em></strong></span> <span class='ocrx_word' id='word_1_630' title='bbox 1973 2191 2208 2236; x_wconf 88' lang='grc' dir='ltr'><strong><em>κεκράγμασιν,</em></strong></span> <span class='ocrx_word' id='word_1_631' title='bbox 2229 2197 2291 2238; x_wconf 78' lang='lat'><strong><em>637</em></strong></span> 
     </span>
     <span class='ocr_line' id='line_1_127' title="bbox 1355 2233 2352 2293; baseline 0.003 -15"><span class='ocrx_word' id='word_1_632' title='bbox 1355 2243 1521 2279; x_wconf 80' lang='grc' dir='ltr'><strong><em>πολλάκις</em></strong></span> <span class='ocrx_word' id='word_1_633' title='bbox 1538 2244 1704 2289; x_wconf 90' lang='grc' dir='ltr'><strong><em>φανεῖσαν</em></strong></span> <span class='ocrx_word' id='word_1_634' title='bbox 1720 2241 1822 2286; x_wconf 80' lang='grc' dir='ltr'><strong><em>αὐτὴν</em></strong></span> <span class='ocrx_word' id='word_1_635' title='bbox 1838 2242 1943 2286; x_wconf 87' lang='grc' dir='ltr'><strong><em>τῆσδε</em></strong></span> <span class='ocrx_word' id='word_1_636' title='bbox 1960 2243 2018 2286; x_wconf 85' lang='grc' dir='ltr'><strong><em>τῆς</em></strong></span> <span class='ocrx_word' id='word_1_637' title='bbox 2033 2244 2148 2289; x_wconf 84' lang='grc' dir='ltr'><strong><em>χώρας</em></strong></span> <span class='ocrx_word' id='word_1_638' title='bbox 2163 2245 2270 2293; x_wconf 79' lang='grc' dir='ltr'><strong><em>πόθῳ,</em></strong></span> <span class='ocrx_word' id='word_1_639' title='bbox 2322 2233 2352 2273; x_wconf 73' lang='lat' dir='ltr'><em>s</em></span> 
     </span>
     <span class='ocr_line' id='line_1_128' title="bbox 1354 2293 2290 2340; baseline 0.005 -11"><span class='ocrx_word' id='word_1_640' title='bbox 1354 2298 1421 2329; x_wconf 81' lang='grc' dir='ltr'><strong><em>τῶν</em></strong></span> <span class='ocrx_word' id='word_1_641' title='bbox 1434 2295 1471 2330; x_wconf 81' lang='grc' dir='ltr'><strong><em>δὲ</em></strong></span> <span class='ocrx_word' id='word_1_642' title='bbox 1485 2296 1671 2340; x_wconf 88' lang='grc' dir='ltr'><strong><em>συμμάχων</em></strong></span> <span class='ocrx_word' id='word_1_643' title='bbox 1683 2295 1795 2329; x_wconf 81' lang='grc' dir='ltr'><strong><em>ἔσειον</em></strong></span> <span class='ocrx_word' id='word_1_644' title='bbox 1806 2293 1885 2330; x_wconf 83' lang='grc' dir='ltr'><strong><em>τοὺς</em></strong></span> <span class='ocrx_word' id='word_1_645' title='bbox 1897 2295 2016 2339; x_wconf 90' lang='grc' dir='ltr'><strong><em>παχεῖς</em></strong></span> <span class='ocrx_word' id='word_1_646' title='bbox 2029 2295 2082 2329; x_wconf 81' lang='grc' dir='ltr'><strong><em>καὶ</em></strong></span> <span class='ocrx_word' id='word_1_647' title='bbox 2092 2297 2290 2337; x_wconf 89' lang='grc' dir='ltr'><strong><em>πλουσίους,</em></strong></span> 
     </span>
     <span class='ocr_line' id='line_1_129' title="bbox 1355 2346 2290 2394; baseline 0.005 -12"><span class='ocrx_word' id='word_1_648' title='bbox 1355 2347 1462 2383; x_wconf 83' lang='grc' dir='ltr'><strong><em>αἶτίας</em></strong></span> <span class='ocrx_word' id='word_1_649' title='bbox 1474 2347 1514 2382; x_wconf 83' lang='grc' dir='ltr'><strong><em>ἂν</em></strong></span> <span class='ocrx_word' id='word_1_650' title='bbox 1526 2346 1774 2394; x_wconf 88' lang='grc' dir='ltr'><strong><em>προστιθέντες,</em></strong></span> <span class='ocrx_word' id='word_1_651' title='bbox 1787 2346 1832 2382; x_wconf 83' lang='grc' dir='ltr'><strong><em>ὧς</em></strong></span> <span class='ocrx_word' id='word_1_652' title='bbox 1845 2347 1969 2392; x_wconf 88' lang='grc' dir='ltr'><strong><em>φρονοῖ</em></strong></span> <span class='ocrx_word' id='word_1_653' title='bbox 1977 2347 2018 2380; x_wconf 88' lang='grc' dir='ltr'><strong><em>τὰ</em></strong></span> <span class='ocrx_word' id='word_1_654' title='bbox 2029 2348 2209 2393; x_wconf 90' lang='grc' dir='ltr'><strong><em>Βρασίδου.</em></strong></span> <span class='ocrx_word' id='word_1_655' title='bbox 2229 2354 2290 2394; x_wconf 85' lang='lat'><strong><em>640</em></strong></span> 
     </span>
     <span class='ocr_line' id='line_1_130' title="bbox 1357 2396 2236 2445; baseline 0.002 -11"><span class='ocrx_word' id='word_1_656' title='bbox 1357 2396 1414 2434; x_wconf 82' lang='grc' dir='ltr'><strong><em>εἶτ’</em></strong></span> <span class='ocrx_word' id='word_1_657' title='bbox 1433 2399 1474 2434; x_wconf 81' lang='grc' dir='ltr'><strong><em>ἂν</em></strong></span> <span class='ocrx_word' id='word_1_658' title='bbox 1490 2399 1582 2444; x_wconf 82' lang='grc' dir='ltr'><strong><em>ὑμεῖς</em></strong></span> <span class='ocrx_word' id='word_1_659' title='bbox 1598 2401 1717 2434; x_wconf 86' lang='grc' dir='ltr'><strong><em>τοῦτον</em></strong></span> <span class='ocrx_word' id='word_1_660' title='bbox 1734 2399 1850 2445; x_wconf 79' lang='grc' dir='ltr'><strong><em>ὥσπερ</em></strong></span> <span class='ocrx_word' id='word_1_661' title='bbox 1867 2397 1980 2433; x_wconf 86' lang='grc' dir='ltr'><strong><em>κυνίδι’</em></strong></span> <span class='ocrx_word' id='word_1_662' title='bbox 2000 2398 2236 2445; x_wconf 84' lang='grc' dir='ltr'><strong><em>ἐσπαράττετε·</em></strong></span> 
     </span>
     <span class='ocr_line' id='line_1_131' title="bbox 1352 2450 2130 2498; baseline -0.003 -11"><span class='ocrx_word' id='word_1_663' title='bbox 1352 2451 1373 2496; x_wconf 85' lang='grc' dir='ltr'><strong><em>ἦ</em></strong></span> <span class='ocrx_word' id='word_1_664' title='bbox 1391 2452 1492 2487; x_wconf 85' lang='grc' dir='ltr'><strong><em>πόλις</em></strong></span> <span class='ocrx_word' id='word_1_665' title='bbox 1507 2452 1574 2498; x_wconf 86' lang='grc' dir='ltr'><strong><em>γὰρ</em></strong></span> <span class='ocrx_word' id='word_1_666' title='bbox 1592 2451 1753 2497; x_wconf 82' lang='grc' dir='ltr'><strong><em>ὠχριῶσα</em></strong></span> <span class='ocrx_word' id='word_1_667' title='bbox 1769 2450 1830 2485; x_wconf 85' lang='grc' dir='ltr'><strong><em>κάν</em></strong></span> <span class='ocrx_word' id='word_1_668' title='bbox 1846 2451 1949 2498; x_wconf 78' lang='grc' dir='ltr'><strong><em>φόβῳ</em></strong></span> <span class='ocrx_word' id='word_1_669' title='bbox 1967 2450 2130 2497; x_wconf 87' lang='grc' dir='ltr'><strong><em>καθημένη</em></strong></span> 
     </span>
     <span class='ocr_line' id='line_1_132' title="bbox 1355 2502 2234 2550; baseline 0.005 -12"><span class='ocrx_word' id='word_1_670' title='bbox 1355 2504 1438 2538; x_wconf 80' lang='grc' dir='ltr'><strong><em>ἅττα</em></strong></span> <span class='ocrx_word' id='word_1_671' title='bbox 1455 2503 1613 2546; x_wconf 88' lang='grc' dir='ltr'><strong><em>διαβάλοι</em></strong></span> <span class='ocrx_word' id='word_1_672' title='bbox 1630 2518 1681 2539; x_wconf 89' lang='grc' dir='ltr'><strong><em>τις</em></strong></span> <span class='ocrx_word' id='word_1_673' title='bbox 1697 2503 1791 2547; x_wconf 79' lang='grc' dir='ltr'><strong><em>αὐτῇ,</em></strong></span> <span class='ocrx_word' id='word_1_674' title='bbox 1810 2502 1900 2536; x_wconf 82' lang='grc' dir='ltr'><strong><em>ταῦτ’</em></strong></span> <span class='ocrx_word' id='word_1_675' title='bbox 1920 2503 1960 2537; x_wconf 87' lang='grc' dir='ltr'><strong><em>ἂν</em></strong></span> <span class='ocrx_word' id='word_1_676' title='bbox 1977 2503 2086 2548; x_wconf 79' lang='grc' dir='ltr'><strong><em>ἥδιστ’</em></strong></span> <span class='ocrx_word' id='word_1_677' title='bbox 2104 2506 2234 2550; x_wconf 82' lang='grc' dir='ltr'><strong><em>ἤσθιεν.</em></strong></span> 
     </span>
     <span class='ocr_line' id='line_1_133' title="bbox 1354 2553 2245 2602; baseline 0.004 -12"><span class='ocrx_word' id='word_1_678' title='bbox 1354 2557 1387 2591; x_wconf 83' lang='grc' dir='ltr'><strong><em>οἶ</em></strong></span> <span class='ocrx_word' id='word_1_679' title='bbox 1405 2556 1442 2590; x_wconf 85' lang='grc' dir='ltr'><strong><em>δέ</em></strong></span> <span class='ocrx_word' id='word_1_680' title='bbox 1458 2556 1518 2591; x_wconf 86' lang='grc' dir='ltr'><strong><em>τὰς</em></strong></span> <span class='ocrx_word' id='word_1_681' title='bbox 1534 2555 1667 2602; x_wconf 85' lang='grc' dir='ltr'><strong><em>πληγὰς</em></strong></span> <span class='ocrx_word' id='word_1_682' title='bbox 1685 2557 1825 2601; x_wconf 81' lang='grc' dir='ltr'><strong><em>ὁρῶντες</em></strong></span> <span class='ocrx_word' id='word_1_683' title='bbox 1842 2553 1881 2590; x_wconf 77' lang='grc' dir='ltr'><strong><em>ἃς</em></strong></span> <span class='ocrx_word' id='word_1_684' title='bbox 1898 2553 2087 2596; x_wconf 83' lang='grc' dir='ltr'><strong><em>ἐτύπτονθ’,</em></strong></span> <span class='ocrx_word' id='word_1_685' title='bbox 2105 2559 2139 2592; x_wconf 82' lang='grc' dir='ltr'><strong><em>οἱ</em></strong></span> <span class='ocrx_word' id='word_1_686' title='bbox 2155 2558 2245 2602; x_wconf 83' lang='grc' dir='ltr'><strong><em>ξένοι</em></strong></span> 
     </span>
     <span class='ocr_line' id='line_1_134' title="bbox 1351 2605 2284 2656; baseline 0.005 -14"><span class='ocrx_word' id='word_1_687' title='bbox 1351 2607 1485 2655; x_wconf 80' lang='grc' dir='ltr'><strong><em>χρυσίῳ</em></strong></span> <span class='ocrx_word' id='word_1_688' title='bbox 1496 2611 1562 2642; x_wconf 83' lang='grc' dir='ltr'><strong><em>τῶν</em></strong></span> <span class='ocrx_word' id='word_1_689' title='bbox 1574 2610 1677 2642; x_wconf 87' lang='grc' dir='ltr'><strong><em>ταῦτα</em></strong></span> <span class='ocrx_word' id='word_1_690' title='bbox 1689 2605 1872 2642; x_wconf 87' lang='grc' dir='ltr'><strong><em>ποιούντων</em></strong></span> <span class='ocrx_word' id='word_1_691' title='bbox 1885 2606 2025 2649; x_wconf 86' lang='grc' dir='ltr'><strong><em>ἐβύνουν</em></strong></span> <span class='ocrx_word' id='word_1_692' title='bbox 2035 2609 2073 2642; x_wconf 88' lang='grc' dir='ltr'><strong><em>τὸ</em></strong></span> <span class='ocrx_word' id='word_1_693' title='bbox 2088 2612 2209 2655; x_wconf 82' lang='grc' dir='ltr'><strong><em>στόμα,</em></strong></span> <span class='ocrx_word' id='word_1_694' title='bbox 2224 2616 2264 2654; x_wconf 82' lang='lat'><strong><em>64</em></strong></span> <span class='ocrx_word' id='word_1_695' title='bbox 2267 2624 2284 2656; x_wconf 81' lang='lat'>5</span> 
     </span>
     <span class='ocr_line' id='line_1_135' title="bbox 1352 2659 2284 2704; baseline 0.004 -9"><span class='ocrx_word' id='word_1_696' title='bbox 1352 2659 1434 2695; x_wconf 81' lang='grc' dir='ltr'><strong><em>ὥστ’</em></strong></span> <span class='ocrx_word' id='word_1_697' title='bbox 1447 2660 1590 2696; x_wconf 90' lang='grc' dir='ltr'><strong><em>ἐκείνους</em></strong></span> <span class='ocrx_word' id='word_1_698' title='bbox 1599 2660 1660 2704; x_wconf 79' lang='grc' dir='ltr'><strong><em>μὲν</em></strong></span> <span class='ocrx_word' id='word_1_699' title='bbox 1669 2661 1809 2704; x_wconf 85' lang='grc' dir='ltr'><strong><em>ποιῆσαι</em></strong></span> <span class='ocrx_word' id='word_1_700' title='bbox 1820 2660 2019 2701; x_wconf 86' lang='grc' dir='ltr'><strong><em>πλουσίους,</em></strong></span> <span class='ocrx_word' id='word_1_701' title='bbox 2031 2659 2052 2704; x_wconf 81' lang='grc' dir='ltr'><em>ἡ</em></span> <span class='ocrx_word' id='word_1_702' title='bbox 2065 2661 2094 2697; x_wconf 90' lang='grc' dir='ltr'><strong><em>δ’</em></strong></span> <span class='ocrx_word' id='word_1_703' title='bbox 2105 2662 2231 2701; x_wconf 83' lang='grc' dir='ltr'><strong><em>Ἑλλὰς</em></strong></span> <span class='ocrx_word' id='word_1_704' title='bbox 2244 2665 2284 2699; x_wconf 85' lang='grc' dir='ltr'><strong><em>ἂν</em></strong></span> 
     </span>
     <span class='ocr_line' id='line_1_136' title="bbox 1351 2711 2259 2763; baseline 0.006 -16"><span class='ocrx_word' id='word_1_705' title='bbox 1351 2711 1587 2759; x_wconf 83' lang='grc' dir='ltr'><strong><em>ἐξερημωθεῖσ’</em></strong></span> <span class='ocrx_word' id='word_1_706' title='bbox 1606 2712 1646 2747; x_wconf 81' lang='grc' dir='ltr'><strong><em>ἂν</em></strong></span> <span class='ocrx_word' id='word_1_707' title='bbox 1662 2711 1747 2757; x_wconf 76' lang='grc' dir='ltr'><strong><em>ὑμᾶς</em></strong></span> <span class='ocrx_word' id='word_1_708' title='bbox 1763 2711 1881 2747; x_wconf 79' lang='grc' dir='ltr'><strong><em>ἔλαθε.</em></strong></span> <span class='ocrx_word' id='word_1_709' title='bbox 1909 2714 2013 2748; x_wconf 86' lang='grc' dir='ltr'><strong><em>ταῦτα</em></strong></span> <span class='ocrx_word' id='word_1_710' title='bbox 2030 2713 2058 2749; x_wconf 81' lang='grc' dir='ltr'><strong><em>δ’</em></strong></span> <span class='ocrx_word' id='word_1_711' title='bbox 2077 2713 2118 2759; x_wconf 84' lang='grc' dir='ltr'><strong><em>ἦν</em></strong></span> <span class='ocrx_word' id='word_1_712' title='bbox 2134 2717 2154 2751; x_wconf 86' lang='grc' dir='ltr'><strong><em>ὁ</em></strong></span> <span class='ocrx_word' id='word_1_713' title='bbox 2171 2716 2259 2763; x_wconf 84' lang='grc' dir='ltr'><strong><em>δρῶν</em></strong></span> 
     </span>
     <span class='ocr_line' id='line_1_137' title="bbox 1349 2765 1590 2812; baseline -0.004 -12"><span class='ocrx_word' id='word_1_714' title='bbox 1349 2765 1590 2812; x_wconf 88' lang='grc' dir='ltr'><strong><em>βυρσοπώλης.</em></strong></span> 
     </span>
     <span class='ocr_line' id='line_1_138' title="bbox 1567 2815 2280 2869; baseline 0.007 -18"><span class='ocrx_word' id='word_1_715' title='bbox 1567 2818 1654 2852; x_wconf 83' lang='grc' dir='ltr'><strong><em>παῦε</em></strong></span> <span class='ocrx_word' id='word_1_716' title='bbox 1669 2816 1764 2858; x_wconf 83' lang='grc' dir='ltr'><strong><em>παῦ’,</em></strong></span> <span class='ocrx_word' id='word_1_717' title='bbox 1783 2815 1811 2852; x_wconf 74' lang='grc' dir='ltr'><strong><em>ὦ</em></strong></span> <span class='ocrx_word' id='word_1_718' title='bbox 1827 2817 1971 2853; x_wconf 79' lang='grc' dir='ltr'><strong><em>δέσποθ’</em></strong></span> <span class='ocrx_word' id='word_1_719' title='bbox 1989 2817 2106 2865; x_wconf 82' lang='grc' dir='ltr'><strong><em>Ἑρμῆ,</em></strong></span> <span class='ocrx_word' id='word_1_720' title='bbox 2125 2820 2170 2865; x_wconf 82' lang='grc' dir='ltr'><strong><em>μὴ</em></strong></span> <span class='ocrx_word' id='word_1_721' title='bbox 2187 2820 2280 2869; x_wconf 88' lang='grc' dir='ltr'><strong><em>λέγε,</em></strong></span> 
     </span>
     <span class='ocr_line' id='line_1_139' title="bbox 1347 2868 2233 2917; baseline 0.003 -12"><span class='ocrx_word' id='word_1_722' title='bbox 1347 2868 1425 2905; x_wconf 79' lang='grc' dir='ltr'><strong><em>ἀλλ’</em></strong></span> <span class='ocrx_word' id='word_1_723' title='bbox 1444 2869 1483 2904; x_wconf 80' lang='grc' dir='ltr'><strong><em>ἔα</em></strong></span> <span class='ocrx_word' id='word_1_724' title='bbox 1498 2870 1558 2904; x_wconf 87' lang='grc' dir='ltr'><strong><em>τὸν</em></strong></span> <span class='ocrx_word' id='word_1_725' title='bbox 1574 2868 1663 2915; x_wconf 77' lang='grc' dir='ltr'><strong><em>ἄνδρ’</em></strong></span> <span class='ocrx_word' id='word_1_726' title='bbox 1683 2869 1806 2905; x_wconf 87' lang='grc' dir='ltr'><strong><em>ἐκεῖνον</em></strong></span> <span class='ocrx_word' id='word_1_727' title='bbox 1822 2868 1926 2917; x_wconf 85' lang='grc' dir='ltr'><strong><em>οὗπερ</em></strong></span> <span class='ocrx_word' id='word_1_728' title='bbox 1943 2870 2014 2905; x_wconf 78' lang='grc' dir='ltr'><strong><em>ἔστ’</em></strong></span> <span class='ocrx_word' id='word_1_729' title='bbox 2033 2868 2115 2907; x_wconf 86' lang='grc' dir='ltr'><strong><em>εἶναι</em></strong></span> <span class='ocrx_word' id='word_1_730' title='bbox 2132 2873 2233 2908; x_wconf 89' lang='grc' dir='ltr'><strong><em>κάτω.</em></strong></span> 
     </span>
     <span class='ocr_line' id='line_1_140' title="bbox 1347 2920 2248 2971; baseline 0.006 -16"><span class='ocrx_word' id='word_1_731' title='bbox 1347 2922 1387 2956; x_wconf 85' lang='grc' dir='ltr'><strong><em>οὐ</em></strong></span> <span class='ocrx_word' id='word_1_732' title='bbox 1402 2922 1468 2969; x_wconf 86' lang='grc' dir='ltr'><strong><em>γὰρ</em></strong></span> <span class='ocrx_word' id='word_1_733' title='bbox 1485 2920 1643 2967; x_wconf 86' lang='grc' dir='ltr'><strong><em>ἡμέτερος</em></strong></span> <span class='ocrx_word' id='word_1_734' title='bbox 1659 2920 1704 2956; x_wconf 79' lang='grc' dir='ltr'><strong><em>ἔτ’</em></strong></span> <span class='ocrx_word' id='word_1_735' title='bbox 1723 2921 1795 2956; x_wconf 68' lang='grc' dir='ltr'><strong><em>ἴστ’</em></strong></span> <span class='ocrx_word' id='word_1_736' title='bbox 1815 2922 1937 2961; x_wconf 84' lang='grc' dir='ltr'><strong><em>ἐκεῖνος</em></strong></span> <span class='ocrx_word' id='word_1_737' title='bbox 1953 2922 2046 2971; x_wconf 81' lang='grc' dir='ltr'><strong><em>ἁνὴρ,</em></strong></span> <span class='ocrx_word' id='word_1_738' title='bbox 2065 2924 2156 2960; x_wconf 87' lang='grc' dir='ltr'><strong><em>ἀλλὰ</em></strong></span> <span class='ocrx_word' id='word_1_739' title='bbox 2174 2927 2248 2961; x_wconf 84' lang='grc' dir='ltr'><strong><em>σός.</em></strong></span> 
     </span>
     <span class='ocr_line' id='line_1_141' title="bbox 1345 2971 2276 3022; baseline 0.006 -15"><span class='ocrx_word' id='word_1_740' title='bbox 1345 2971 1417 3008; x_wconf 80' lang='grc' dir='ltr'><strong><em>ἅττ’</em></strong></span> <span class='ocrx_word' id='word_1_741' title='bbox 1434 2973 1475 3007; x_wconf 80' lang='grc' dir='ltr'><strong><em>ἂν</em></strong></span> <span class='ocrx_word' id='word_1_742' title='bbox 1490 2972 1550 3008; x_wconf 74' lang='grc' dir='ltr'><strong><em>οὖν</em></strong></span> <span class='ocrx_word' id='word_1_743' title='bbox 1565 2973 1669 3020; x_wconf 72' lang='grc' dir='ltr'><strong><em>λέγῃς</em></strong></span> <span class='ocrx_word' id='word_1_744' title='bbox 1686 2974 1821 3015; x_wconf 87' lang='grc' dir='ltr'><strong><em>ἐκεῖνον,</em></strong></span> <span class='ocrx_word' id='word_1_745' title='bbox 2218 2981 2276 3022; x_wconf 81' lang='lat'><strong><em>651</em></strong></span> 
     </span>
     <span class='ocr_line' id='line_1_142' title="bbox 1344 3024 1818 3072; baseline 0.002 -12"><span class='ocrx_word' id='word_1_746' title='bbox 1344 3025 1395 3060; x_wconf 86' lang='grc' dir='ltr'><strong><em>κεῖ</em></strong></span> <span class='ocrx_word' id='word_1_747' title='bbox 1409 3027 1597 3072; x_wconf 89' lang='grc' dir='ltr'><strong><em>πανοῦργος</em></strong></span> <span class='ocrx_word' id='word_1_748' title='bbox 1612 3024 1664 3070; x_wconf 82' lang='grc' dir='ltr'><strong><em>ἤν,</em></strong></span> <span class='ocrx_word' id='word_1_749' title='bbox 1684 3025 1733 3061; x_wconf 79' lang='grc' dir='ltr'><strong><em>ὅτ’</em></strong></span> <span class='ocrx_word' id='word_1_750' title='bbox 1751 3027 1818 3071; x_wconf 73' lang='grc' dir='ltr'><strong><em>ἔζη,</em></strong></span> 
     </span>
     <span class='ocr_line' id='line_1_143' title="bbox 1344 3078 1826 3124; baseline 0.008 -13"><span class='ocrx_word' id='word_1_751' title='bbox 1344 3078 1398 3112; x_wconf 84' lang='grc' dir='ltr'><strong><em>καὶ</em></strong></span> <span class='ocrx_word' id='word_1_752' title='bbox 1415 3078 1523 3113; x_wconf 90' lang='grc' dir='ltr'><strong><em>λάλος</em></strong></span> <span class='ocrx_word' id='word_1_753' title='bbox 1540 3078 1594 3112; x_wconf 77' lang='grc' dir='ltr'><strong><em>καὶ</em></strong></span> <span class='ocrx_word' id='word_1_754' title='bbox 1612 3079 1826 3124; x_wconf 87' lang='grc' dir='ltr'><strong><em>συκοφάντης</em></strong></span> 
     </span>
     <span class='ocr_line' id='line_1_144' title="bbox 1344 3127 1856 3178; baseline 0.006 -15"><span class='ocrx_word' id='word_1_755' title='bbox 1344 3129 1397 3163; x_wconf 80' lang='grc' dir='ltr'><strong><em>καὶ</em></strong></span> <span class='ocrx_word' id='word_1_756' title='bbox 1414 3127 1576 3176; x_wconf 88' lang='grc' dir='ltr'><strong><em>κύκηθρον</em></strong></span> <span class='ocrx_word' id='word_1_757' title='bbox 1592 3131 1645 3165; x_wconf 85' lang='grc' dir='ltr'><strong><em>καὶ</em></strong></span> <span class='ocrx_word' id='word_1_758' title='bbox 1661 3131 1856 3178; x_wconf 83' lang='grc' dir='ltr'><strong><em>τάρακτρον,</em></strong></span> 
     </span>
     <span class='ocr_line' id='line_1_145' title="bbox 1342 3180 1762 3225; baseline 0.007 -10"><span class='ocrx_word' id='word_1_759' title='bbox 1342 3180 1439 3215; x_wconf 83' lang='grc' dir='ltr'><strong><em>ταῦθ’</em></strong></span> <span class='ocrx_word' id='word_1_760' title='bbox 1458 3182 1675 3225; x_wconf 79' lang='grc' dir='ltr'><strong><em>ἁπαξάπαντα</em></strong></span> <span class='ocrx_word' id='word_1_761' title='bbox 1691 3183 1762 3218; x_wconf 76' lang='grc' dir='ltr'><strong><em>νυνὶ</em></strong></span> 
     </span>
     <span class='ocr_line' id='line_1_146' title="bbox 1341 3233 1775 3281; baseline 0.007 -14"><span class='ocrx_word' id='word_1_762' title='bbox 1341 3233 1419 3269; x_wconf 84' lang='grc' dir='ltr'><strong><em>τοὺς</em></strong></span> <span class='ocrx_word' id='word_1_763' title='bbox 1437 3236 1580 3269; x_wconf 91' lang='grc' dir='ltr'><strong><em>σεαυτοῦ</em></strong></span> <span class='ocrx_word' id='word_1_764' title='bbox 1596 3235 1775 3281; x_wconf 89' lang='grc' dir='ltr'><strong><em>λοιδορεῖς.</em></strong></span> 
     </span>
     <span class='ocr_line' id='line_1_147' title="bbox 1341 3283 2094 3333; baseline 0.007 -14"><span class='ocrx_word' id='word_1_765' title='bbox 1341 3283 1418 3319; x_wconf 84' lang='grc' dir='ltr'><strong><em>ἀλλ’</em></strong></span> <span class='ocrx_word' id='word_1_766' title='bbox 1437 3284 1457 3319; x_wconf 82' lang='grc' dir='ltr'>ὅ</span> <span class='ocrx_word' id='word_1_767' title='bbox 1473 3299 1506 3320; x_wconf 90' lang='grc' dir='ltr'><strong><em>τι</em></strong></span> <span class='ocrx_word' id='word_1_768' title='bbox 1524 3289 1664 3332; x_wconf 77' lang='grc' dir='ltr'><strong><em>σιωπᾷς,</em></strong></span> <span class='ocrx_word' id='word_1_769' title='bbox 1684 3286 1710 3321; x_wconf 79' lang='grc' dir='ltr'><strong><em>ὦ</em></strong></span> <span class='ocrx_word' id='word_1_770' title='bbox 1727 3289 1856 3328; x_wconf 85' lang='grc' dir='ltr'><strong><em>πότνια,</em></strong></span> <span class='ocrx_word' id='word_1_771' title='bbox 1876 3288 2012 3324; x_wconf 83' lang='grc' dir='ltr'><strong><em>κάτειπέ</em></strong></span> <span class='ocrx_word' id='word_1_772' title='bbox 2024 3302 2094 3333; x_wconf 91' lang='grc' dir='ltr'><strong><em>μοι.</em></strong></span> 
     </span>
     <span class='ocr_line' id='line_1_148' title="bbox 1339 3335 2120 3386; baseline 0.009 -16"><span class='ocrx_word' id='word_1_773' title='bbox 1339 3335 1419 3371; x_wconf 85' lang='grc' dir='ltr'><strong><em>ἀλλ’</em></strong></span> <span class='ocrx_word' id='word_1_774' title='bbox 1438 3337 1497 3371; x_wconf 81' lang='grc' dir='ltr'><strong><em>οὐκ</em></strong></span> <span class='ocrx_word' id='word_1_775' title='bbox 1514 3337 1554 3372; x_wconf 84' lang='grc' dir='ltr'><strong><em>ἂν</em></strong></span> <span class='ocrx_word' id='word_1_776' title='bbox 1571 3336 1658 3373; x_wconf 79' lang='grc' dir='ltr'><strong><em>εἴποι</em></strong></span> <span class='ocrx_word' id='word_1_777' title='bbox 1674 3341 1759 3385; x_wconf 87' lang='grc' dir='ltr'><strong><em>πρός</em></strong></span> <span class='ocrx_word' id='word_1_778' title='bbox 1774 3354 1815 3386; x_wconf 93' lang='grc' dir='ltr'><strong><em>γε</em></strong></span> <span class='ocrx_word' id='word_1_779' title='bbox 1831 3339 1909 3376; x_wconf 74' lang='grc' dir='ltr'><strong><em>τοὺς</em></strong></span> <span class='ocrx_word' id='word_1_780' title='bbox 1926 3340 2120 3385; x_wconf 83' lang='grc' dir='ltr'><strong><em>θεωμένους·</em></strong></span> 
     </span>
     <span class='ocr_line' id='line_1_149' title="bbox 1341 3388 2088 3438; baseline 0.007 -15"><span class='ocrx_word' id='word_1_781' title='bbox 1341 3388 1446 3434; x_wconf 82' lang='grc' dir='ltr'><strong><em>ὀργὴν</em></strong></span> <span class='ocrx_word' id='word_1_782' title='bbox 1461 3390 1527 3436; x_wconf 84' lang='grc' dir='ltr'><strong><em>γὰρ</em></strong></span> <span class='ocrx_word' id='word_1_783' title='bbox 1544 3390 1655 3427; x_wconf 79' lang='grc' dir='ltr'><strong><em>αὐτοῖς</em></strong></span> <span class='ocrx_word' id='word_1_784' title='bbox 1673 3390 1718 3426; x_wconf 73' lang='grc' dir='ltr'><strong><em>ὧν</em></strong></span> <span class='ocrx_word' id='word_1_785' title='bbox 1734 3391 1837 3427; x_wconf 76' lang='grc' dir='ltr'><strong><em>ἔπαθε</em></strong></span> <span class='ocrx_word' id='word_1_786' title='bbox 1853 3392 1988 3436; x_wconf 78' lang='grc' dir='ltr'><strong><em>πολλὴν</em></strong></span> <span class='ocrx_word' id='word_1_787' title='bbox 2004 3393 2088 3438; x_wconf 76' lang='grc' dir='ltr'><strong><em>ἔχει.</em></strong></span> 
     </span>
     <span class='ocr_line' id='line_1_150' title="bbox 1339 3440 2084 3490; baseline 0.007 -15"><span class='ocrx_word' id='word_1_788' title='bbox 1339 3440 1359 3484; x_wconf 89' lang='grc' dir='ltr'>ἡ</span> <span class='ocrx_word' id='word_1_789' title='bbox 1378 3440 1407 3475; x_wconf 72' lang='grc' dir='ltr'><strong><em>δ’</em></strong></span> <span class='ocrx_word' id='word_1_790' title='bbox 1427 3441 1518 3476; x_wconf 85' lang='grc' dir='ltr'><strong><em>ἀλλὰ</em></strong></span> <span class='ocrx_word' id='word_1_791' title='bbox 1535 3443 1620 3488; x_wconf 88' lang='grc' dir='ltr'><strong><em>πρὸς</em></strong></span> <span class='ocrx_word' id='word_1_792' title='bbox 1638 3443 1680 3477; x_wconf 67' lang='grc' dir='ltr'><strong><em>σε’</em></strong></span> <span class='ocrx_word' id='word_1_793' title='bbox 1696 3445 1814 3490; x_wconf 85' lang='grc' dir='ltr'><strong><em>μικρὸν</em></strong></span> <span class='ocrx_word' id='word_1_794' title='bbox 1830 3443 1953 3479; x_wconf 72' lang='grc' dir='ltr'><strong><em>εἰπάτω</em></strong></span> <span class='ocrx_word' id='word_1_795' title='bbox 1970 3444 2084 3488; x_wconf 81' lang='grc' dir='ltr'><strong><em>μόνον.</em></strong></span> 
     </span>
     <span class='ocr_line' id='line_1_151' title="bbox 1339 3491 2156 3544; baseline 0.01 -18"><span class='ocrx_word' id='word_1_796' title='bbox 1339 3491 1409 3536; x_wconf 80' lang='grc' dir='ltr'><strong><em>εἴφ’</em></strong></span> <span class='ocrx_word' id='word_1_797' title='bbox 1427 3492 1447 3527; x_wconf 86' lang='grc' dir='ltr'><strong><em>ὅ</em></strong></span> <span class='ocrx_word' id='word_1_798' title='bbox 1463 3507 1496 3527; x_wconf 89' lang='grc' dir='ltr'><strong><em>τι</em></strong></span> <span class='ocrx_word' id='word_1_799' title='bbox 1513 3495 1599 3530; x_wconf 92' lang='grc' dir='ltr'><strong><em>νοεῖς</em></strong></span> <span class='ocrx_word' id='word_1_800' title='bbox 1615 3494 1748 3530; x_wconf 78' lang='grc' dir='ltr'><strong><em>αὐτοῖσι</em></strong></span> <span class='ocrx_word' id='word_1_801' title='bbox 1763 3496 1849 3542; x_wconf 85' lang='grc' dir='ltr'><strong><em>πρὸς</em></strong></span> <span class='ocrx_word' id='word_1_802' title='bbox 1865 3494 1931 3540; x_wconf 76' lang='grc' dir='ltr'><strong><em>ἔμ’,</em></strong></span> <span class='ocrx_word' id='word_1_803' title='bbox 1951 3495 1977 3530; x_wconf 75' lang='grc' dir='ltr'><strong><em>ὦ</em></strong></span> <span class='ocrx_word' id='word_1_804' title='bbox 1994 3497 2156 3544; x_wconf 84' lang='grc' dir='ltr'><strong><em>φιλτάτη.</em></strong></span> 
     </span>
     <span class='ocr_line' id='line_1_152' title="bbox 1339 3543 1975 3595; baseline 0.006 -14"><span class='ocrx_word' id='word_1_805' title='bbox 1339 3543 1388 3582; x_wconf 76' lang='grc' dir='ltr'><strong><em>ἴθ’</em></strong></span> <span class='ocrx_word' id='word_1_806' title='bbox 1407 3543 1434 3581; x_wconf 77' lang='grc' dir='ltr'><strong>ὃ</strong></span> <span class='ocrx_word' id='word_1_807' title='bbox 1449 3548 1612 3594; x_wconf 84' lang='grc' dir='ltr'><strong><em>γυναικῶν</em></strong></span> <span class='ocrx_word' id='word_1_808' title='bbox 1627 3548 1975 3595; x_wconf 84' lang='grc' dir='ltr'><strong><em>μισοπορπακιστάτη.</em></strong></span> 
     </span>
    </p>
   </div>
   <div class='ocr_carea' id='block_1_33' title="bbox 2216 3189 2275 3231">
    <p class='ocr_par' dir='ltr' id='par_1_55' title="bbox 2216 3189 2275 3231">
     <span class='ocr_line' id='line_1_153' title="bbox 2216 3189 2275 3231; baseline -0.017 0"><span class='ocrx_word' id='word_1_809' title='bbox 2216 3189 2275 3231; x_wconf 76' lang='lat'><strong><em>65⁵</em></strong></span> 
     </span>
    </p>
   </div>
   <div class='ocr_carea' id='block_1_34' title="bbox 2211 3448 2273 3485">
    <p class='ocr_par' dir='ltr' id='par_1_56' title="bbox 2211 3448 2273 3485">
     <span class='ocr_line' id='line_1_154' title="bbox 2211 3448 2273 3485; baseline 0.032 -2"><span class='ocrx_word' id='word_1_810' title='bbox 2211 3448 2273 3485; x_wconf 86' lang='lat'><strong><em>660</em></strong></span> 
     </span>
    </p>
   </div>
  </div>
 </body>
</html>
