2488 3860
248 273 303 315 90
1122 275 1525 316 ΣΟΦΟΚΛΕΟΥΣ

245 379 342 411 ΤΕΥ.
357 373 396 411 οὐ
413 374 479 423 γὰρ
496 375 672 418 βάναυσον
689 374 749 421 τὴν
766 375 886 422 τέχνην
904 375 1104 422 ἐκτησάμην.

247 434 325 464 ΜΕ.
350 428 424 476 μέγ’
444 429 484 464 ἄν
501 443 535 463 τι
552 429 771 474 κομπάσειας,
790 429 907 465 ἀσπίδ’
927 429 957 465 εἶ
974 430 1109 472 λάβοις.

246 487 342 517 ΤΕΥ.
357 481 417 516 κᾶν
433 481 543 528 ψιλὸς
560 481 738 528 ἀρκέσαιμι
757 482 816 517 σοί
831 481 864 530 γ’
885 482 1102 531 ὡπλισμένῳ.

247 540 325 570 ΜΕ.
352 533 372 579 ἡ
390 534 540 581 γλῶσσά
558 548 624 569 σου
642 535 701 570 τὸν
719 534 823 580 θυμὸν
841 535 886 572 ὡς
903 535 1012 570 δεινὸν
1029 535 1163 581 τρέφει.

244 592 341 623 ΤΕΥ.
354 586 415 631 ξὺν
431 589 479 635 τῷ
496 587 611 635 δικαίῳ
628 587 695 634 γὰρ
712 587 784 635 μέγ’
804 588 939 632 ἔξεστιν
956 589 1108 636 φρονεῖν.

244 645 322 675 ΜΕ.
350 640 460 675 δίκαια
475 639 542 686 γὰρ
560 639 648 675 τόνδ’
668 640 820 686 εὐτυχεῖν
838 641 1009 676 κτείναντά
1025 653 1088 686 με;

243 698 339 728 ΤΕΥ.
353 692 525 728 κτείναντα
539 705 548 733 ;
579 693 687 728 δεινόν
703 690 736 740 γ’
754 690 860 733 εἶπας,
880 693 909 728 εἶ
927 694 981 729 καὶ
1000 694 1057 739 ζῇς
1075 693 1192 730 θανών.

244 751 322 780 ΜΕ.
350 745 426 782 θεὸς
442 745 509 792 γὰρ
528 745 668 790 ἐκσώζει
685 761 738 791 με,
759 747 843 795 τῷδε
862 745 890 782 δ’
910 744 1058 792 οἴχομαι.

243 803 340 833 ΤΕΥ.
352 796 397 844 μή
416 812 474 833 νυν
491 797 593 843 ἀτίμα
611 797 707 835 θεοὺς
739 798 828 835 θεοῖς
847 799 1079 844 σεσωσμένος.

243 856 321 887 ΜΕ.
349 850 415 898 ἐγὼ
432 850 499 898 γὰρ
518 850 558 886 ἂν
575 850 719 897 ψέξαιμι
738 852 902 897 δαιμόνων
919 853 1039 897 νόμους
1055 865 1064 893 3

242 909 339 940 ΤΕΥ.
353 903 383 938 εἷ
400 903 479 940 τοὺς
497 903 658 940 θανόντας
675 904 735 938 οὐκ
754 905 809 950 ἐᾷς
827 905 964 940 θάπτειν
981 906 1109 952 παρών.

242 962 322 992 ΜΕ.
348 955 427 993 τούς
443 955 475 1003 γ’
495 956 595 992 αὐτὸς
612 956 716 992 αὑτοῦ
733 958 930 1003 πολεμίους.
959 958 999 992 οὐ
1015 958 1082 1005 γὰρ
1101 959 1204 994 καλόν

242 1007 371 1053 ΤΕΥ.ἧ
391 1009 448 1044 σοὶ
465 1009 532 1056 γὰρ
550 1007 632 1045 Αἴας
650 1009 814 1055 πολέμιος
830 1012 985 1057 προῦστη
1003 1011 1088 1046 ποτέ
1102 1023 1112 1051 ;

243 1068 322 1098 ΜΕ.
351 1061 505 1108 μισοῦντ’
525 1062 649 1107 ἐμίσει·
679 1063 733 1097 καὶ
752 1062 797 1098 σὺ
815 1062 904 1098 τοῦτ’
923 1061 1114 1109 ἠπίστασο.-

1211 598 1287 632 1125

1210 866 1287 896 1130

1434 373 1632 424 παρέστατ’,
1651 375 1731 412 ἀλλ’
1749 374 1895 424 ἀρήγετ’,
1915 377 1949 414 ἔς
1966 375 1994 413 τ’
2014 376 2080 425 ἐγὼ
2098 377 2194 422 μόλω

1435 431 1548 476 τάφου
1565 429 1722 475 μεληθεὶς
1739 430 1836 478 τῷδε,
1857 430 1917 465 κᾶν
1933 430 2047 476 μηδεὶς
2066 430 2113 477 ε’ᾷ.

1332 488 1404 518 XO.
1433 483 1484 519 τίς
1519 483 1584 530 ἄρα
1622 482 1738 519 νέατος
1778 483 1813 519 ἐς
1845 484 1928 519 πότε
1966 482 2064 529 λήξει
2103 481 2377 529 πολυπλάγκτων

1490 535 1590 570 ε’τέων
1608 535 1749 582 ἀριθμὸς
2121 550 2200 584 στρ.
2220 533 2264 572 α’.
2298 538 2374 579 1185

1435 588 1495 624 τὰν
1513 588 1688 624 ἄπαυστον
1706 587 1777 623 alen
1794 588 1868 633 ἐμοὶ
1886 588 2127 637 δορυσσοήτων

1434 641 1573 687 μόχθων
1590 640 1672 676 ἄταν
1690 641 1824 687 ἐπάγων

1429 693 1484 729 ’ἀν’
1504 694 1631 741 εὐρώδη
1649 690 1781 740 Τροΐαν,

1436 744 1603 781 δύστανον
1621 745 1748 783 ὅνειδος
1765 746 1963 789 Ἐλλάνωη

1435 798 1544 845 ὅφελε
1569 800 1736 846 πρότερον
1758 799 1874 847 αἰθέρα
1901 801 1995 836 δῦναι
2017 801 2122 849 μέγαν
2144 799 2164 846 ἦ
2186 801 2246 835 τὸν
2265 797 2374 835 πολύ-

1488 866 1599 887 κοινον
1611 851 1732 888 Ἀιδαν
2128 854 2200 889 ἀντ.
2221 851 2265 889 α’.
2299 855 2377 897 ιιὸι

1436 906 1542 941 κεῖνος
1560 905 1654 951 ἁνὴρ,
1675 903 1713 942 ὃς
1732 908 1905 953 στυγερῶν
1923 907 2050 953 ἔδειξεν
2067 906 2182 943 ὅπλων

1430 956 1583 993 Ἕλλασι
1602 959 1712 993 κοινὸν
1727 956 1828 1006 Ἀρη.

1437 1010 1475 1045 ἶὼ
1493 1012 1591 1046 πόνοι
1608 1013 1787 1058 πρόπονοι.

1435 1065 1542 1099 κεῖνος
1558 1064 1625 1111 γὰρ
1643 1063 1788 1111 ἔπερσεν
1805 1064 2013 1102 ἀνθρώπους.

2298 706 2376 738 ¹¹90

242 1121 338 1151 ΤΕΥ.
353 1114 499 1159 κλέπτης
514 1115 582 1162 γὰρ
600 1115 702 1149 αὐτοῦ
720 1115 924 1162 ψηφοποιὸς
937 1114 1092 1161 ηὑρέθης.
1210 1131 1220 1151 1
1232 1130 1265 1161 13
1270 1129 1286 1161 5
1436 1116 1560 1152 ἐκεῖνος
1575 1119 1652 1152 οὔτε
1671 1119 1851 1165 στεφάνων

243 1174 322 1204 ΜΕ.
353 1167 388 1202 ἐν
405 1169 477 1204 τοῖς
495 1167 680 1207 δικασταῖς,
701 1168 781 1202 κούκ
799 1168 885 1213 ἐμοὶ,
905 1167 974 1203 τόδ’
994 1168 1146 1214 ε’σφάλη.
1435 1171 1511 1203 οὕτε
1528 1168 1670 1211 βαθειᾶν
1687 1169 1833 1204 κυλίκων
2298 1183 2377 1206 1200

242 1227 340 1257 ΤΕΥ.
352 1218 457 1256 πόλλ’
476 1220 516 1256 ἂν
534 1223 641 1257 κακῶς
657 1219 770 1266 λάθρα
787 1220 833 1256 σὺ
851 1221 1016 1268 κλέψειας
1034 1222 1127 1256 κακά.
1436 1223 1544 1267 νεῖμεν
1563 1221 1637 1267 ἐμοὶ
1656 1221 1780 1268 τέρψιν
1798 1224 1940 1267 ὁμιλεῖν,

243 1280 322 1310 ΜΕ.
352 1272 441 1309 τοῦτ’
462 1272 510 1309 εἷς
527 1273 621 1308 ιῖνίαν
638 1274 763 1309 τοῦπος
781 1274 915 1320 ἔρχεται
933 1274 1010 1309 τινί.
1435 1276 1513 1309 οὔτε
1530 1274 1658 1321 γλυκὺν
1675 1275 1789 1310 αὐλῶν
1807 1274 1933 1318 ὄτοβον

241 1332 338 1362 ΤΕΥ.
352 1326 392 1361 οὐ
409 1327 558 1372 μᾶλλον,
579 1326 623 1362 ὦς
641 1327 758 1366 ἔοικεν,
778 1325 797 1371 ἢ
816 1326 1029 1372 λυπήσομεν.
1435 1325 1607 1374 δύσμορος
1625 1327 1693 1362 οὔτ’
1714 1327 1867 1374 ἐννυχίαν

242 1385 322 1415 ΜΕ.
352 1378 388 1414 ’έν
407 1393 464 1413 σοι
482 1379 622 1426 φράσω·
652 1378 740 1414 τόνδ’
762 1379 857 1415 ἐστὶν
874 1380 953 1425 οὐχὶ
971 1379 1127 1416 θαπτέον.
1210 1394 1287 1424 114c
1434 1379 1558 1426 τέρψιν
1576 1378 1691 1415 ἰαύειν.

241 1438 338 1467 ΤΕΥ.
353 1431 398 1467 σὺ
417 1431 445 1466 δ’
464 1430 664 1467 ἀντακούσει
682 1434 802 1467 τοῦτον
820 1433 865 1468 ὡς
881 1432 1079 1479 τεθάψεται.
1435 1433 1567 1479 ἐρώτων
1585 1433 1615 1467 δ’
1633 1434 1766 1480 ἐρώτων
1783 1433 1989 1475 ἀπέπαυσεν,
2010 1434 2104 1481 ὤμοι.
2297 1451 2372 1485 1205

243 1491 320 1522 ME.
350 1485 412 1530 ἤδη
430 1483 505 1519 ποτ’
525 1481 614 1520 εἶδον
631 1484 722 1531 ἄνδρ’
743 1485 809 1532 ἐγὼ
826 1486 975 1531 γλώσσῃ
994 1485 1125 1533 θρασὺν
1436 1487 1544 1530 κεῖμαι
1562 1485 1591 1520 δ’
1607 1486 1787 1533 ἀμέριμνος
1805 1485 1923 1527 οὕτως,

346 1535 466 1574 ναύτας
484 1535 729 1583 ἐφορμήσαντα
745 1541 910 1583 χειμῶνος
927 1539 966 1573 τὸ
984 1540 1095 1579 πλεῖν,
1435 1538 1487 1573 ἀεὶ
1504 1540 1657 1575 πυκιναῖς
1675 1540 1814 1586 δρόσοις
1843 1543 1846 1546 ’

345 1587 373 1641 ᾧ
391 1589 515 1637 φθέγμ’
536 1589 576 1625 ἂν
594 1590 654 1624 οὐκ
672 1590 712 1625 ἂν
731 1588 840 1636 ηὗρες,
858 1588 940 1633 ἡνικ’
960 1589 996 1625 ἐν
1014 1594 1102 1638 κακῷ
1435 1592 1638 1638 τεγγόμενος
1656 1594 1771 1637 κόμας,

344 1646 508 1689 χειμῶνος
527 1640 640 1688 εἴχετ’,
660 1642 739 1678 ἀλλ’
759 1642 819 1689 ὑφ’
840 1641 973 1689 εἵματος
991 1645 1131 1691 κρυφεὶς
1210 1658 1286 1690 1¹45
1434 1644 1564 1690 λυγρᾶς
1580 1643 1733 1690 μνήματα
1750 1645 1883 1693 Τροίας.
2298 1663 2378 1686 ηιο

343 1697 461 1735 πατεῖν
477 1697 618 1742 παρεῖχε
635 1696 683 1744 τῷ
702 1695 840 1731 θέλοντι
859 1697 1036 1732 ναυτίλων.
1435 1697 1489 1731 καὶ
1507 1697 1586 1744 πρὶν
1601 1697 1663 1742 μὲν
1678 1698 1715 1744 ἐξ
1731 1699 1884 1740 ἐννυχίου
2234 1702 2306 1740 ‹iu-r.
2325 1702 2376 1747 β’.

347 1746 435 1786 οὕτω
454 1749 491 1784 δὲ
509 1749 563 1784 καὶ
582 1749 623 1785 σὲ
642 1749 696 1787 καὶ
713 1751 753 1784 τὸ
773 1750 837 1785 σὸν
853 1751 987 1797 λάβρον
1005 1752 1117 1796 στόμα
1435 1749 1590 1795 δείματος
1606 1747 1647 1794 ἦν
1663 1765 1721 1795 μοι
1738 1752 1899 1798 προβολὰ

349 1803 494 1848 σμικροῦ
513 1801 638 1848 νέφους
656 1801 731 1849 τάχ’
751 1801 792 1838 ἄν
809 1816 860 1840 τις
878 1801 1064 1841 ἐκπνεύσας
1081 1803 1185 1853 μέγας
1435 1802 1489 1837 καὶ
1506 1803 1638 1845 βελέων
1656 1802 1792 1850 θούριος
1809 1802 1902 1845 Αἴας,

343 1855 471 1903 χειμὼν
489 1854 716 1898 κατασβέσειε
733 1855 794 1902 τὴν
810 1857 946 1903 πολλὴν
962 1855 1062 1902 βοήν.
1436 1857 1494 1891 νῦν
1512 1854 1541 1891 δ’
1560 1855 1658 1892 οὗτος
1676 1856 1801 1892 ἀνεῖται
1821 1860 1976 1907 στυγερῷ

240 1911 335 1947 ΤΕΥ.
349 1908 416 1957 ἐγὼ
435 1907 474 1945 δι’
488 1906 520 1956 γ’
540 1908 632 1956 ἄνδρ’
652 1907 773 1946 ὄπωπα
790 1909 918 1958 μωρίας
934 1909 1060 1952 πλέων,
1207 1924 1286 1957 1150
1436 1908 1580 1955 δαίμονι.
1609 1909 1660 1947 τίς
1677 1924 1746 1955 μοι,
1766 1910 1817 1948 τίς
1835 1910 1880 1947 «τ’
1900 1909 1960 1947 οὖν
2294 1927 2373 1962 1215

346 1959 384 1998 ὃς
402 1961 437 1998 έν
456 1963 567 1999 κακοῖς
585 1960 703 2006 ὕβριζε
721 1964 814 1999 τοῖσι
832 1966 899 1998 τῶν
915 1963 1042 2001 πέλας·
1435 1961 1558 2008 τέρψις
1576 1962 1737 2003 ε’πέσταις

345 2009 413 2060 κᾷτ’
433 2013 535 2050 αὐτὸν
553 2013 690 2050 εἷσιδών
707 2028 758 2052 τις
776 2014 925 2063 ἐμφερὴς
944 2014 1017 2060 ἐμοὶ
1433 2013 1592 2061 γενοίμαν
1609 2011 1648 2049 ἵν’
1669 2014 1772 2050 ὑλᾶεν
1790 2015 1908 2052 ἔπεστι
1925 2017 2046 2053 πόντοι

346 2064 451 2114 ὀργήν
468 2065 503 2102 θ’
523 2066 639 2113 ὅμοιος
658 2064 730 2104 εἶπε
748 2070 902 2104 τοιοῦτον
918 2069 1037 2116 λόγον,
1434 2065 1607 2113 πρόβλημ’
1626 2067 1848 2109 ἁλίκλυστον,
1868 2068 1971 2117 ἄκραν

344 2119 510 2167 ἄνθρωπε,
530 2120 575 2165 μὴ
594 2121 658 2168 δρᾶ
676 2121 754 2158 τοὺς
771 2120 970 2166 τεθνηκότας
988 2123 1106 2158 κακῶς·
1435 2118 1501 2154 ὑπὸ
1519 2120 1634 2156 πλάκα
1653 2121 1803 2161 Σουνίου,
2296 2134 2380 2160 122>

343 2171 373 2207 εἷ
389 2173 455 2220 γὰρ
472 2171 640 2218 ποιήσεις,
659 2171 734 2209 ἰ’σθι
751 2173 1016 2220 πημανούμενος.
1205 2183 1284 2220 1155
1435 2172 1496 2209 τὰς
1515 2173 1606 2218 ἱερὰς
1624 2172 1715 2209 ὅπως

342 2224 467 2260 τοιαῦτ’
486 2225 637 2269 ἄνολβον
654 2226 745 2274 ἄνδρ’
766 2227 931 2263 ἐνουθέτει
949 2228 1077 2275 παρών.
1432 2225 1677 2271 προσείποιμεν
1695 2226 1847 2263 Ἀθάνας.

342 2279 411 2323 ὁρῶ
430 2278 468 2313 δέ
484 2279 538 2313 τοί
551 2293 612 2319 νιν,
631 2279 762 2320 κᾶστιν,
784 2281 828 2317 ὡς
846 2281 921 2326 ἐμοὶ
939 2281 1041 2321 δοκεῖ,
1328 2281 1424 2312 ΤΕΥ.
1438 2278 1491 2312 καὶ
1508 2278 1574 2323 μὴν
1591 2278 1671 2314 ἰδὼν
1688 2280 1843 2314 ἔσπευσα
1861 2280 1920 2315 τὸν
1938 2282 2176 2328 στρατηλάτην

341 2330 451 2367 οὐδείς
468 2331 545 2366 ποτ’
565 2332 673 2368 ἄλλος
690 2332 710 2377 ἢ
731 2331 788 2368 σύ.
817 2337 889 2378 μῶν
905 2332 1068 2378 ᾒνιξάμην
1082 2346 1091 2373 ;
1431 2327 1647 2376 Ἀγαμέμνον’
1667 2331 1746 2377 ἡμῖν
1763 2333 1862 2379 δεῦρο
1881 2331 1970 2368 τόνδ’
1988 2335 2182 2381 ὁρμώμενον

240 2387 317 2418 ΜΕ.
337 2383 466 2429 ἄπειμι·
495 2384 548 2419 καὶ
565 2385 632 2432 γὰρ
650 2385 807 2432 αἷσχρὸν,
828 2386 857 2421 εἷ
874 2385 1016 2422 πύθοιτό
1033 2400 1083 2422 τις
1431 2383 1535 2427 δῆλος
1553 2383 1592 2417 δέ
1606 2384 1732 2429 μούστὶ
1751 2386 1869 2420 σκαιὸν
1887 2385 2042 2421 ε’κλύσων
2060 2389 2184 2432 στόμα.
2295 2399 2374 2433 1225

342 2437 461 2482 λόγοις
479 2438 632 2480 κολάζειν
649 2435 676 2486 ᾧ
693 2439 873 2482 βιάζεσθαι
891 2440 993 2486 πάρα.
1207 2445 1285 2478 1160
1327 2436 1479 2470 ΑΓΛ.σὲ
1499 2436 1538 2480 δὴ
1557 2437 1598 2471 τὰ
1617 2437 1707 2471 δεινὰ
1723 2437 1842 2484 ῥήματ’
1862 2438 2077 2486 ἀγγέλλουσί
2092 2454 2151 2485 μοι

239 2488 481 2535 ΤΕΥ.ἄφερπέ
497 2504 566 2525 νυν.
597 2491 695 2535 κάμοὶ
712 2492 779 2538 γὰρ
798 2490 983 2538 αἴσχιστον
1001 2490 1115 2527 κλύειν
1434 2489 1553 2533 Τλῆναῑ
1572 2489 1649 2523 Καθ’
1667 2489 1759 2535 ἡμῶν
1776 2491 1831 2525 ὧδ’
1851 2492 2030 2536 ἇνοιμωκτὶ
2048 2494 2162 2537 Χᾱνεῗν
2177 2505 2186 2534 3

342 2541 462 2587 ἀνδρὸς
479 2543 621 2587 ματαίου
640 2543 758 2591 φλαῦῤ
777 2545 838 2588 ἔπη
856 2544 1077 2590 μυθουμένου.
1433 2540 1477 2575 σε’
1493 2555 1557 2579 τοι,
1575 2543 1634 2577 τὸν
1651 2544 1687 2578 ἐκ
1708 2546 1767 2589 τῆς
1784 2543 2034 2589 αἷχμαλωτίδος
2051 2544 2155 2591 λέγω,

239 2597 310 2629 XO.
339 2594 436 2629 ἕσται
453 2596 603 2642 μεγάλης
620 2596 730 2642 ἕριδός
748 2611 798 2633 τις
815 2597 917 2644 ἀγών.
1430 2592 1450 2637 ἦ
1469 2608 1536 2629 που
1554 2594 1696 2640 τραφεὶς
1714 2594 1754 2629 ἂν
1771 2597 1897 2643 μητρὸς
1915 2596 2071 2643 εὐγενοῦς
2088 2598 2155 2633 ἅπο

340 2646 419 2681 ἀλλ’
439 2647 483 2684 ὡς
502 2646 655 2689 δύνασαι,
674 2651 808 2696 Τεῦκρε,
829 2649 974 2696 ταχύνας
1429 2645 1539 2692 ὑψήλ’
1558 2647 1712 2691 ἐκόμπεις
1730 2648 1805 2682 κάπ’
1826 2649 1935 2695 ἄκρων
1953 2650 2160 2697 ὡδοιπόρεις,
2294 2662 2376 2695 1²30

342 2702 496 2735 σπεῦσον
514 2701 631 2745 κοίλην
649 2702 792 2737 κάπετόν
809 2703 868 2738 τιν’
889 2703 970 2738 ἰδεῖν

341 2752 430 2801 τῷδ’,
451 2752 530 2788 ἔνθα
547 2755 686 2800 βροτοῖς
703 2756 761 2789 τὸν
779 2755 980 2801 ἀείμνηστον

340 2806 453 2851 τάφον
470 2805 634 2853 εὐρώεντα
652 2807 795 2851 καθέξει.

238 2861 331 2892 ΤΕΥ.
345 2859 398 2893 καὶ
415 2858 480 2903 μὴν
498 2859 532 2895 ἐς
550 2859 650 2894 αὐτὸν
667 2862 781 2907 καιρὸν
799 2859 868 2896 οἵδε
886 2861 1030 2906 πλησίοι

339 2911 497 2958 πάρεισιν
514 2912 634 2959 ἀνδρὸς
652 2914 751 2947 τοῦδε
768 2916 846 2950 παῖς
864 2930 901 2949 τε
920 2916 973 2950 καὶ
990 2914 1086 2962 γυνὴ,

338 2965 450 3009 τάφον
467 2967 729 3011 περιστελοῦντε
748 2966 915 3011 δυστήνου
934 2970 1064 3014 νεκροῦ.

340 3015 367 3050 ὦ
384 3018 446 3051 παῖ
461 3016 635 3063 πρόσελθε
654 3018 764 3065 δεῦρο,
785 3019 838 3054 καὶ
858 3020 994 3056 σταθεὶς
1011 3020 1122 3057 πέλας

342 3068 450 3113 ἱκέτης
467 3070 605 3116 ἕφαψαι
622 3072 761 3117 πατρὸς,
782 3071 818 3107 ὅς
837 3071 870 3106 σ’
891 3073 1053 3119 ἐγείνατο.

339 3121 432 3156 θάκει
451 3122 487 3156 δὲ
505 3125 758 3169 προστρόπαιος
777 3124 812 3159 ἐν
829 3127 945 3171 χεροῖν
963 3126 1051 3171 ἔχων

338 3176 441 3220 κόμας
459 3174 541 3220 ἐμὰς
559 3176 612 3210 καὶ
629 3176 735 3220 τῆσδε
754 3177 807 3211 καὶ
826 3180 954 3212 σαυτοῦ
972 3179 1099 3225 τρίτου,

339 3226 486 3273 ἶκτήριον
505 3226 687 3275 θησαυρόν.
717 3228 746 3263 εἷ
764 3229 803 3264 δέ
818 3244 869 3266 τις
888 3233 1037 3276 στρατοῦ

335 3280 397 3325 βίᾳ
417 3279 449 3314 σ’
469 3280 684 3315 ἀποσπάσειε
701 3283 801 3317 τοῦδε
819 3285 879 3318 τοῦ
898 3286 1028 3329 νεκροῦ,

336 3333 436 3368 κακὸς
454 3335 560 3368 κακῶς
578 3333 728 3369 ἄθαπτος
747 3334 886 3370 ἐκπέσοι
903 3335 1039 3381 χθονὸς,

335 3384 454 3432 γένους
471 3385 616 3422 ἅπαντος
633 3385 728 3433 ῥίζαν
747 3387 962 3433 ἐξημημένος,

335 3435 444 3474 αὕτως
462 3437 625 3485 ὅπωσπερ
643 3439 731 3474 τόνδ’
752 3440 818 3486 ἐγὼ
836 3441 943 3486 τέμνω
962 3443 1103 3477 πλόκον.

335 3489 384 3535 ἔχ’
404 3490 516 3533 αὐτὸν,
538 3490 564 3525 ὧ
581 3493 653 3531 παῖ,
674 3493 728 3528 καὶ
746 3491 925 3538 φύλασσε,
944 3495 1030 3539 μηδέ
1047 3509 1089 3530 σε

335 3543 504 3586 κινησάτω
521 3558 583 3584 τις,
603 3544 694 3580 ἀλλὰ
712 3546 922 3592 προσπεσὼν
941 3547 1036 3592 ἔχου.

335 3595 429 3642 ὑμεῖς
447 3610 484 3639 τε
501 3597 545 3646 μὴ
564 3599 716 3647 γυναῖκες
734 3598 802 3638 ἀντ’
823 3599 951 3648 ἀνδρῶν
970 3600 1078 3640 πέλας

1205 2708 1282 2750 1165

1202 2980 1280 3015 ¹¹70

1198 3244 1276 3277 1175

1198 3501 1280 3533 1180

1431 2698 1479 2733 ὅτ’
1499 2698 1596 2733 οὐδὲν
1614 2699 1659 2734 ὢν
1676 2703 1737 2735 τοῦ
1754 2702 1857 2746 μηδὲν
1874 2702 2038 2747 ἀντέστης
2054 2701 2151 2750 ὕπερ,

1431 2753 1530 2786 κοῦτε
1548 2753 1759 2800 στρατηγοὺς
1777 2756 1854 2788 οὕτε
1872 2755 2061 2802 ναυάρχους
2077 2757 2197 2802 μολεῖν

1430 2803 1516 2849 ἡμᾶς
1532 2803 1679 2850 Ἀχαιῶν
1696 2807 1774 2841 οὔτε
1792 2809 1858 2842 σοῦ
1877 2808 2050 2852 διωμόσω·

1431 2856 1509 2892 ἀλλ’
1529 2857 1629 2893 αὐτὸς
1646 2858 1772 2905 ἄρχων,
1793 2860 1837 2895 ὡς
1856 2860 1902 2895 σὺ
1920 2860 2000 2906 φῂς,
2021 2859 2103 2898 Αἴας
2120 2862 2230 2897 ἔπλει.

1432 2908 1524 2944 ταῦτ’
1543 2909 1603 2944 οὐκ
1621 2910 1752 2946 ἀκούειν
1768 2914 1901 2959 μεγάλα
1918 2915 2004 2959 πρὸς
2021 2913 2154 2949 δούλων
2171 2914 2254 2950 κακά
2268 2927 2278 2956 ;
2292 2925 2378 2960 1235·

1430 2962 1530 2997 ποίου
1549 2962 1710 3010 κέκραγας
1727 2964 1848 3010 ἀνδρὸς
1866 2965 1921 3000 ὧδ’
1941 2966 2138 3013 ὑπέρφρονα
2153 2979 2163 3008 ;

1431 3016 1493 3050 ποῖ
1514 3015 1639 3056 βάντος
1656 3015 1675 3060 ἢ
1694 3019 1761 3051 ποῦ
1781 3018 1924 3054 στάντος
1941 3017 2046 3066 οὗπερ
2064 3019 2124 3054 οὐκ
2141 3019 2230 3067 ἐγώ;

1432 3067 1492 3102 οὐκ
1510 3065 1561 3114 ἆρ’
1580 3067 1732 3114 Ἀχαιοῖς
1750 3070 1868 3112 ἄνδρες
1885 3071 1955 3106 εἶσὶ
1972 3071 2063 3116 πλὴν
2080 3071 2138 3107 ὅδε
2151 3084 2161 3111 3
2242 3071 2246 3076 ¹

1430 3119 1569 3166 πικροὺς
1587 3122 1720 3168 ἔοιγμεν
1737 3125 1804 3157 τῶν
1820 3122 2026 3168 Ἀχιλλείων
2042 3123 2160 3160 ὅπλων

1430 3172 1560 3220 ἀγῶνας
1577 3170 1763 3220 Ἀργείοισι
1780 3176 1918 3221 κηρῦξαι
1936 3178 2026 3216 τότε,

1430 3224 1459 3259 εἶ
1477 3228 1650 3271 πανταχοῦ
1668 3226 1857 3271 φανούμεθ’
1878 3229 1914 3262 ἐκ
1931 3227 2078 3276 Τεύκρου
2096 3230 2202 3271 κακοὶ,

1431 3277 1510 3312 κούκ
1527 3277 1663 3324 ἀρκέσει
1681 3278 1762 3313 ποθ’
1783 3280 1859 3325 ὑμὶν
1876 3281 1947 3316 οὐδ’
1964 3280 2169 3327 ἡσσημένοις

1430 3328 1529 3364 εἴκειν
1546 3329 1567 3364 ἃ
1585 3331 1656 3366 τοῖς
1672 3332 1858 3367 πολλοῖσιν
1876 3335 2019 3379 ἤρεσκεν
2036 3334 2175 3381 κριταῖς,

1429 3381 1507 3418 ἀλλ’
1526 3381 1596 3417 αι’ἑν
1613 3382 1698 3428 ἡμᾶς
1716 3383 1735 3428 ἢ
1755 3387 1866 3421 κακοῖς
1882 3386 2025 3428 βαλεῖτέ
2039 3400 2106 3422 που

1431 3434 1450 3480 ἢ
1469 3433 1534 3469 σὺν
1551 3434 1838 3483 δόλῳ-κεντήσεὸ
1858 3439 1890 3472 οἱ
1907 3439 2133 3484 λελειμμένοι.

1430 3487 1467 3522 ἐκ
1484 3488 1589 3522 τῶνδε
1605 3487 1718 3532 μέντοι
1735 3492 1802 3524 τῶν
1819 3492 1954 3536 τρόπων
1970 3491 2031 3525 οὐκ
2048 3491 2088 3527 ἄν
2104 3507 2188 3531 ποτε

1431 3539 1638 3576 κατάστασις
1654 3541 1777 3587 γένοιτ’
1797 3542 1837 3576 ἂν
1855 3542 1989 3579 οὐδενὸς
2008 3545 2122 3588 νόμου,

1432 3591 1462 3631 εἰ
1479 3591 1557 3632 τοὺς
1575 3593 1648 3636 δίκῃ
1668 3597 1823 3633 νικῶντας
1842 3594 2059 3643 ἐξωθήσομεν

2292 3191 2304 3214 1
2310 3189 2372 3223 ²40

2288 3453 2366 3487 ¹²4⁵
