2488 3860
619 837 1192 894 ΕΥΡΙΠΙΔΟΥ
1265 839 1912 895 ΑΝΔΡΟΜΑΧΗ.

583 1188 699 1219 ΑΝΔΡ
706 1188 876 1218 ΟΜΑΧΗ.
1393 1186 1430 1224 ὃς
1447 1184 1479 1222 δ’
1499 1187 1574 1222 ἔστι
1591 1188 1669 1223 παῖς
1685 1200 1742 1232 μοι
1759 1186 1868 1232 μόνος,
1888 1185 2090 1231 ὖπεκπέμπω
2108 1185 2220 1234 λάθρα

311 1236 379 1273 Ἀθ
381 1236 504 1273 cdv-13⁰3·
520 1238 583 1283 Ύῆς
600 1238 727 1282 σχῆμα,
748 1237 882 1280 θηβαῖα
897 1237 1008 1280 πόλις,
1392 1240 1518 1276 ἄλλους
1537 1241 1570 1276 ἐς
1587 1237 1706 1280 οἴκους,
1725 1238 1770 1284 μὴ
1789 1238 1869 1283 θάνῃ
1888 1238 2094 1284 φοβουμένη.

313 1290 391 1327 ὅθεν
407 1288 484 1326 ποθ’
505 1288 606 1324 ἕδνων
624 1289 688 1324 σὺν
704 1287 916 1336 πολυχρύσῳ
933 1288 1036 1334 χλιδῇ
1393 1294 1412 1326 ὁ
1429 1293 1497 1339 γὰρ
1515 1290 1688 1338 φυτεύσας
1705 1291 1805 1326 αὐτὸν
1818 1289 1886 1325 οὔτ’
1907 1290 1980 1335 ἐμοὶ
1996 1291 2088 1337 πάρα

313 1343 466 1390 Πριάμου
484 1340 642 1388 τύραννον
660 1341 776 1376 ἑστίαν
793 1341 972 1386 ἀφικόμην,
1393 1345 1666 1391 προσωφελῆσαι
1683 1344 1776 1379 παιδί
1793 1342 1824 1378 τ’
1844 1342 1941 1378 οὐδέν
1958 1342 2044 1383 ἔστ’,
2062 1343 2156 1379 ἀπὼν
2289 1355 2326 1390 5⁰

316 1397 424 1442 δάμαρ
443 1394 582 1429 δοθεῖσα
598 1394 794 1429 παιδοποιός
808 1392 956 1440 Ἐκτορι,
1395 1397 1545 1442 Δελφῶν
1562 1395 1633 1432 κατ’
1653 1393 1736 1437 αἶαν,
1757 1394 1835 1431 ἔνθα
1853 1395 1957 1442 Λοξίᾳ
1975 1395 2068 1440 δίκην

317 1449 463 1493 ζηλωτὸς
482 1447 517 1481 ἕν
533 1461 574 1492 γε
591 1450 637 1495 τῷ
654 1447 733 1492 πρὶν
751 1442 961 1492 Ἀνδρομάχη
979 1447 1101 1494 χρόνῳ,
1232 1456 1249 1489 5
1394 1450 1516 1484 δίδωσι
1534 1449 1661 1493 μανίας,
1681 1447 1717 1485 ὅς
1734 1446 1808 1484 ποτ’
1829 1448 1863 1484 ἐς
1880 1447 1984 1483 Πυθὼ
2000 1449 2115 1493 μολὼν

316 1503 373 1535 νῦν
391 1499 434 1541 δ’,
454 1497 486 1533 (ἵ
501 1513 551 1534 Τις
569 1499 668 1543 ἄλλη,
689 1498 945 1543 δυστυχεστάτη
963 1496 1056 1545 γυνή·
1393 1500 1499 1548 ᾔτησε
1517 1503 1642 1544 Φοῖβον
1658 1501 1784 1547 πατρὸς
1801 1499 1841 1535 οὗ
1861 1499 1992 1536 ’κτίνειν
2009 1500 2112 1545 δίκην,

321 1552 418 1599 [ἐμοῦ
436 1551 586 1597 πέφυκεν
602 1550 622 1595 ἢ
641 1549 820 1597 γενήσεταί
837 1546 953 1598 ποτε]
1395 1553 1428 1589 εἵ
1441 1568 1512 1590 πως
1528 1555 1570 1589 τὰ
1586 1553 1719 1601 πρόσθε
1736 1551 1914 1599 σφάλματ’
1935 1552 2165 1598 ἐξαιτούμενος

316 1606 387 1650 ἥτις
403 1606 507 1640 πόσιν
520 1604 580 1649 μὲν
591 1602 728 1649 ’Ἕκτορ’
749 1603 787 1646 ἐξ
805 1603 992 1649 Ἀχιλλέως
1395 1606 1472 1643 θεὸν
1488 1605 1689 1653 παράσχοιτ’
1709 1606 1743 1642 ἐς
1759 1607 1799 1641 τὸ
1816 1606 1938 1642 λοιπὸν
1951 1605 2080 1650 εὐμενῆ.
2292 1609 2329 1651 53

317 1657 444 1693 θανόντ’
466 1657 607 1696 ἐσεῖδον,
626 1655 728 1691 παῖδά
747 1654 779 1690 θ’
800 1654 837 1690 ὃν
854 1656 953 1691 τίκτω
971 1660 1073 1693 πόσει
1299 1663 1387 1695 ΘΕΡ.
1408 1658 1567 1700 δέσποιν’,
1588 1659 1654 1706 ἐγώ
1671 1673 1724 1693 τοι
1741 1657 1873 1704 τοῦνομ’
1893 1658 1933 1693 οὔ
1951 1657 2068 1704 φεύγω
2086 1658 2163 1693 τόδε

315 1709 479 1757 ῥιφθέντα
495 1708 632 1756 πύργων
651 1707 871 1743 Ἀστυάνακτ’
891 1708 947 1743 ἀπ’
966 1708 1099 1757 ὀρθίων,
1217 1723 1252 1745 10
1397 1712 1511 1746 καλεῖν
1529 1711 1574 1753 σ’,
1595 1711 1731 1758 ἐπείπερ
1749 1711 1802 1746 καὶ
1821 1709 1892 1745 κατ’
1912 1708 2002 1746 οἶκον
2015 1707 2130 1755 ἠξίουν

315 1764 388 1799 ἐπεὶ
406 1763 444 1797 τὸ
463 1762 580 1808 Τροίας
598 1758 692 1796 εἷλον
703 1759 869 1805 ’Ἐλληνες
885 1761 996 1804 πέδον,
1396 1765 1455 1799 τὸν
1473 1765 1546 1801 σὸν.
1566 1764 1605 1799 τὸ
1622 1765 1741 1810 Τροίας
1758 1762 1839 1807 ἡνίκ’
1859 1763 2007 1810 ᾠκοῦμεν
2023 1763 2134 1798 πέδον·

315 1815 395 1860 αὐτὴ
415 1815 451 1850 δὲ
470 1813 586 1855 δούλη,
605 1817 672 1848 Τῶν
689 1812 962 1860 ἐλευθερωτάτων
1398 1819 1511 1852 εὔνους
1529 1815 1566 1851 δὲ
1583 1816 1635 1850 καὶ
1654 1817 1710 1851 σοὶ
1730 1814 1827 1859 ζῶντί
1843 1813 1873 1850 τ’
1894 1814 1934 1859 ἦν
1952 1817 1998 1863 τῲ
2016 1817 2068 1864 σῷ
2085 1817 2198 1856 πόσει,

316 1867 414 1903 οἴκων
431 1864 634 1912 νομισθεῖσ’,
652 1865 791 1900 Ἑλλάδ’
812 1866 1047 1912 εἶσαφικόμην,
1398 1870 1451 1904 καὶ
1470 1871 1527 1903 νῦν
1544 1869 1700 1915 φέρουσά
1719 1882 1776 1903 σοι
1794 1867 1886 1904 νέους
1903 1867 1971 1911 ἥκω
1989 1869 2124 1914 λόγους,
2292 1870 2333 1902 60

316 1923 363 1968 τῷ
382 1920 527 1965 νησιώτῃ
546 1918 772 1965 Νεοπτολέμῳ
791 1918 887 1964 δορὸς
905 1918 1005 1966 γέρας
1398 1922 1501 1968 φόβῳ
1519 1921 1590 1964 μὲν,
1610 1919 1642 1955 εἴ
1656 1935 1706 1956 τις
1724 1921 1898 1955 δεσποτῶν
1915 1919 2125 1964 αἰσθήσεται,

318 1972 457 2007 δοθεῖσα
474 1972 567 2007 λείας
584 1971 731 2017 Τρωικῆς
749 1969 929 2017 ἐξαίρετον.
1217 1985 1252 2017 15
1400 1972 1497 2021 οἴκτῳ
1517 1973 1553 2008 δὲ
1570 1975 1616 2020 τῷ
1635 1977 1697 2020 σῷ·
1725 1973 1814 2007 δεινὰ
1831 1973 1897 2019 γὰρ
1914 1970 2112 2014 βουλεύεται

319 2025 421 2061 Φθίας
439 2024 475 2059 δὲ
493 2024 597 2068 τῆσδε
616 2024 669 2057 καὶ
686 2023 817 2058 πόλεως
836 2024 1030 2068 Φαρσαλίας
1398 2027 1570 2062 Μενέλαος
1589 2026 1622 2061 ἐς
1640 2025 1681 2060 σὲ
1699 2027 1776 2061 παῖς
1794 2023 1840 2066 θ’,
1859 2025 1880 2058 ἅ
1899 2038 1955 2059 σοι
1973 2024 2157 2070 φυλακτέα.

320 2077 491 2124 ξύγχορτα
509 2077 588 2111 ναίω
605 2073 706 2116 πεδί’,
725 2073 765 2109 ἵν’
784 2074 803 2119 ἡ
823 2075 998 2110 θαλασσία
1297 2084 1368 2115 AN.
1398 2078 1424 2113 ὦ
1442 2079 1590 2124 φιλτάτη
1609 2076 1784 2118 σύνδουλε,
1805 2076 1991 2113 σύνδουλος
2007 2077 2073 2123 γὰρ
2092 2073 2125 2111 εἷ

320 2131 430 2174 Πηλεῖ
446 2127 588 2175 ξυνῴκει
602 2128 706 2174 χωρὶς
724 2126 906 2174 ἀνθρώπων
924 2128 1020 2165 Θέτις
1275 2124 1280 2186 Ι
1398 2134 1438 2176 τῇ
1455 2127 1580 2177 πρόσθ’
1602 2129 1735 2175 ἀνάσσῃ
1753 2129 1842 2174 τῇδε,
1861 2132 1918 2165 νῦν
1935 2129 1971 2164 δὲ
1990 2130 2162 2175 δυστυχεῖ,
2293 2132 2334 2173 65,

320 2180 486 2229 φεύγουσ’
506 2179 634 2226 ὅμιλον·
663 2180 845 2216 Θεσσαλὸς
862 2179 901 2215 δέ
917 2195 966 2216 νιν
984 2182 1069 2217 λεὼς
1276 2193 1280 2231 2
1399 2183 1433 2218 τί
1450 2183 1578 2229 δρῶσι;
1604 2182 1702 2218 ποίας
1719 2182 1868 2228 μηχανὰς
1884 2181 2070 2218 πλέκουσιν
2087 2179 2141 2221 αὖ,

322 2234 490 2270 Θετίδειον
508 2233 591 2278 αὐδᾷ
609 2231 687 2268 θεᾶς
705 2232 804 2279 χάριν
821 2233 1073 2279 νυμφευμάτων.
1217 2246 1258 2269 20
1402 2236 1523 2270 κτεῖναι
1541 2235 1695 2271 θέλοντες
1711 2234 1771 2279 τὴν
1787 2233 1974 2271 παναθλίαν
1990 2234 2049 2279 ἐμέ
2058 2249 2070 2274 3

320 2285 388 2322 ἕνθ’
408 2283 499 2321 οἶκον
516 2286 600 2331 ἔσχε
617 2284 713 2319 τόνδε
730 2287 807 2321 παῖς
826 2284 1024 2331 Ἀχιλλέως,
1300 2293 1393 2324 ΘΕΡ.
1413 2288 1472 2323 τὸν
1487 2288 1590 2324 παῖδά
1608 2301 1672 2322 σου
1690 2286 1889 2332 μέλλουσιν,
1908 2284 1935 2321 ὦ
1953 2285 2096 2331 δύστηνε
2114 2300 2171 2326 συ,
2486 2327 2488 2333 Ι

322 2339 440 2384 Πηλέα
458 2337 487 2373 δ’
508 2337 671 2373 ἀνάσσειν
687 2339 749 2384 γῆς
767 2338 805 2383 ἐᾷ
823 2335 1027 2384 Φαρσαλίας,
1402 2341 1549 2383 κτείνειν,
1569 2339 1607 2374 ὃν
1624 2339 1689 2383 ἔξω
1708 2339 1866 2384 δωμάτων
1884 2338 2061 2382 ὑπεξέθου.
2483 2340 2488 2383 ἱ

324 2394 443 2436 ζῶντος
460 2390 616 2439 γέροντος
635 2390 804 2436 σκῆπτρον
822 2389 861 2425 οὗ
879 2389 989 2426 θέλων
1005 2393 1136 2435 λαβεῖν.
1301 2397 1371 2427 AN.
1403 2390 1503 2437 οἴμοι·
1529 2391 1684 2428 πέπυσθε
1701 2392 1759 2426 τὸν
1777 2392 1856 2436 ε’-μὸν
1874 2390 2007 2427 ἔκθετον
2023 2392 2123 2438 γόνον
2299 2399 2339 2435 7¹²

324 2443 413 2491 κάγὼ
432 2443 545 2487 δόμοις
562 2439 672 2477 τοῖσδ’
692 2438 806 2489 ἄρσεν’
827 2442 960 2478 ε’ντίκτω
978 2445 1087 2490 κόρον,
1402 2444 1507 2480 πόθεν
1523 2442 1598 2480 ποτ’
1612 2459 1623 2484 ‚·
1650 2443 1676 2478 ὦ
1695 2443 1866 2486 δύστηνος,
1887 2444 1931 2480 ὣς
1949 2443 2143 2488 ἀπωλόμην.

322 2495 481 2533 πλαθεῖσ’
500 2494 688 2540 Ἀχιλλέως
705 2494 808 2536 παιδὶ,
830 2496 977 2541 δεσπότῃ
999 2495 1028 2532 δ’
1047 2497 1125 2544 ε’μῷ.
1219 2509 1258 2543 25
1302 2502 1399 2532 ΘΕΡ.
1420 2498 1478 2533 οὐκ
1501 2493 1577 2538 οἶδ’,
1597 2497 1728 2532 ἐκείνων
1745 2495 1775 2531 δ’
1789 2495 1942 2541 ᾐσθόμην
1960 2497 2026 2543 ἐγὼ
2042 2495 2132 2531 τάδε·

325 2550 378 2584 καὶ
395 2549 475 2595 πρὶν
491 2547 552 2593 μὲν
570 2548 605 2582 ἐν
623 2548 754 2582 κακοῖσι
772 2547 921 2593 κειμένην
938 2547 1026 2593 ὅμως
1406 2550 1555 2597 φμήὶδος
1573 2549 1602 2584 δ’
1622 2548 1674 2584 ἐπ’
1694 2549 1793 2584 αὐτὸν
1811 2547 1988 2585 Μενέλεως
2005 2548 2115 2594 δόμων
2131 2546 2210 2584 ὅποι

326 2601 422 2637 ἐλπίς
439 2599 472 2646 μ’
492 2600 543 2635 ἀεὶ
561 2600 687 2646 προῆγε
706 2599 872 2637 σωθέντος
889 2600 1004 2636 τέκνου
1304 2606 1375 2637 ΛΝ.
1408 2602 1590 2647 ἀπωλόμην
1608 2600 1673 2648 ἄρ’·
1702 2600 1728 2636 ὦ
1745 2601 1868 2643 τέκνον,
1888 2601 2045 2636 κτενοῦσί
2062 2614 2104 2636 σε

326 2653 432 2699 ἀλκήν
449 2652 509 2687 τιν’
530 2652 637 2698 εὑρεῖν
655 2650 894 2699 κᾶπικούρησιν
911 2657 1027 2688 κακῶν·
1408 2654 1525 2689 δισσοὶ
1542 2656 1705 2698 λαβόντες
1722 2655 1837 2700 γῦπες.
1875 2655 1893 2688 ὁ
1912 2653 1948 2688 δὲ
1966 2651 2164 2698 κεκλημένος
2303 2661 2341 2696 75

327 2706 398 2742 ἐπεὶ
415 2704 451 2739 δὲ
469 2704 528 2749 τὴν
546 2705 709 2739 Λάκαιναν
724 2703 900 2752 Ἑρμιόνην
915 2707 1017 2752 γαμεῖ
1407 2707 1516 2753 πατὴρ
1534 2706 1580 2741 ἔτ’
1600 2707 1636 2741 ἐν
1654 2707 1825 2752 Δελφοῖσι
1843 2707 2000 2752 τυγχάνει
2017 2706 2135 2751 μένων.

327 2758 450 2804 τούμὸν
467 2757 627 2803 παρώσας
645 2756 811 2801 δεσπότης
829 2757 951 2792 δοῦλον
967 2758 1079 2804 λέχος,
1219 2768 1262 2799 30
1307 2763 1399 2793 ΘΕΡ.
1421 2758 1506 2793 δοκῶ
1523 2760 1588 2806 γὰρ
1607 2759 1665 2793 οὐκ
1684 2758 1724 2793 ἂν
1742 2758 1807 2794 ὧδέ
1823 2757 1856 2793 σ’
1876 2758 1916 2793 ἂν
1932 2758 2102 2804 πράσσειν
2120 2758 2234 2800 κακῶς,

330 2813 439 2846 κακοῖς
456 2811 540 2855 πρὸς
556 2809 655 2853 αὐτῆς
672 2810 845 2855 σχετλίοις
864 2808 1052 2855 ἐλαύνομαι·
1412 2811 1519 2846 κείνου
1536 2813 1708 2858 παρόντος·
1737 2813 1794 2846 νῦν
1812 2811 1841 2846 δ’
1861 2811 1981 2857 ἔρημος
1998 2807 2031 2846 εἷ
2045 2809 2167 2856 φίλων.

328 2863 422 2909 λέγει
439 2862 504 2907 γὰρ
523 2861 567 2897 ὦς
585 2875 634 2895 νιν
651 2861 839 2907 φαρμάκοις
858 2860 1090 2907 κεκρυμμένοις
1308 2867 1379 2897 ΑΝ.
1413 2864 1450 2897 οὐ
1473 2862 1481 2874 ’
1501 2863 1589 2909 ἀμφὶ
1608 2863 1748 2908 Πηλέως
1765 2862 1880 2907 ἦλθεν,
1900 2864 1943 2899 ὡς
1961 2861 2047 2907 ἥξοι,
2065 2861 2191 2908 φάτις-ι

329 2913 439 2959 τίθημ’
459 2913 582 2948 ἄπαιδα
601 2914 653 2947 καὶ
670 2915 772 2948 πόσει
789 2913 1002 2958 μισουμένην,
1309 2920 1401 2949 ΘΕΡ.
1421 2917 1528 2961 γέρων
1547 2916 1667 2951 ἐκεῖνος
1686 2916 1774 2950 ὥστε
1793 2914 1827 2950 σ’
1848 2915 1995 2960 ὠφελεῖν
2011 2914 2136 2960 παρών.
2300 2913 2348 2948 80

331 2967 411 3011 αὐτὴ
431 2966 467 3001 δὲ
486 2966 587 3000 ναίειν
605 2962 694 2999 οἷκον
712 2965 779 3000 ἀντ’
799 2966 897 3009 αὐτῆς
916 2965 1008 2999 θέλω
1310 2973 1379 3002 AN.
1414 2969 1466 3002 καὶ
1484 2967 1549 3012 μὴν
1566 2967 1691 3014 ἔπεμψ’
1712 2967 1762 3002 ἐπ’
1781 2967 1881 3002 αὐτὸν
1897 2967 1959 3012 οὐχ
1973 2966 2063 3009 ἅπαξ
2079 2967 2190 3011 μόνον.

330 3017 432 3059 τόνδ’,
452 3017 647 3059 ἐκβαλοῦσα
665 3017 788 3063 λέκτρα
805 3018 952 3061 τάκείνης
968 3018 1038 3062 βίᾳ·
1223 3027 1264 3061 35
1307 3024 1404 3056 ΘΕΡ.
1425 3022 1495 3063 μῶν
1513 3018 1571 3053 οὖν
1588 3020 1696 3055 δοκεῖς
1715 3022 1779 3054 σοῦ
1797 3018 1980 3065 φροντίσαι
1996 3018 2056 3053 τιν’
2077 3017 2251 3064 ἀγγέλων,-

331 3071 402 3117 ἁγὼ
420 3071 459 3105 τὸ
477 3073 610 3116 πρῶτον
627 3068 692 3114 οὐχ
709 3067 821 3104 ἑκοῦσ’
843 3069 1015 3114 ἐδεξάμην,
1283 3088 1287 3117 Ι
1310 3077 1382 3106 ΑΝ.
1412 3070 1515 3106 πόθεν
1526 3086 1536 3111 ,·
1565 3071 1676 3107 θέλεις
1694 3070 1752 3106 οὖν
1769 3071 1914 3119 ἅγγελος
1932 3070 1976 3106 σύ
1994 3085 2051 3115 μοι
2068 3070 2206 3114 μολεῖν,·
2233 3112 2236 3118 ,

333 3127 390 3159 νῦν
408 3122 435 3157 δ’
456 3122 650 3156 ἐκλέλοιπα·
677 3122 756 3157 Ζεὺς
774 3121 843 3155 τάδ’
864 3122 963 3164 εἰδείη
982 3121 1096 3167 μέγας,
1284 3122 1288 3185 Ι
1311 3129 1404 3159 ΘΕΡ.
1424 3122 1457 3156 τί
1475 3123 1555 3166 δῆτα
1574 3121 1677 3167 φήσω
1695 3124 1829 3170 χρόνιος
1846 3122 1920 3158 οὖσ’
1940 3123 1978 3157 ἐκ
1996 3122 2176 3166 δωμάτων,·

335 3177 378 3211 ὡς
396 3174 459 3220 οὐχ
474 3176 598 3209 ἑκοῦσα
614 3173 691 3220 τῷδ’
712 3173 886 3217 ἐκοινώθην
903 3172 1011 3218 λέχει.
1310 3181 1382 3212 ΑΝ.
1411 3175 1544 3210 πολλὰς
1562 3173 1602 3209 ἂν
1620 3173 1728 3221 εὕροις
1745 3176 1903 3220 μηχανάς·
1930 3174 2012 3220 γυνὴ
2025 3174 2091 3220 γὰρ
2110 3170 2151 3207 εἶ.
2307 3177 2347 3217 85

333 3227 412 3262 ἀλλ’
432 3229 471 3261 οὔ
489 3226 561 3271 σφε
579 3224 694 3266 πείθω,
713 3223 874 3267 βούλεται
893 3225 930 3259 δέ
946 3239 988 3268 με
1003 3226 1140 3268 κτανεῖν,
1312 3234 1405 3263 ΘΕΡ.
1426 3227 1583 3262 κίνδυνος·
1611 3226 1766 3273 Ἐρμιόνη
1779 3227 1845 3273 γὰρ
1864 3227 1903 3260 οὐ
1922 3227 2046 3272 σμικρὰ
2064 3223 2194 3271 φύλαξ.

332 3278 441 3326 πατῆρ
458 3293 495 3313 τε
514 3277 653 3323 θυγατρὶ
673 3278 847 3312 Μενελεως
866 3277 990 3322 συνδρᾷ
1009 3278 1099 3312 τάδε.
1227 3288 1268 3318 40
1310 3286 1380 3315 ΑΝ.
1414 3280 1515 3325 ὁρᾷς;
1542 3279 1690 3325 ἀπαυδᾷς
1710 3280 1744 3314 ἐν
1762 3280 1872 3314 κακοῖς
1889 3278 2026 3324 φίλοισι
2045 3279 2130 3312 σοῖς.

333 3332 385 3366 καὶ
404 3334 461 3366 νῦν
479 3328 547 3365 κατ’
566 3328 676 3365 οἴκους
693 3328 779 3370 ἔστ’,
797 3329 864 3364 ἀπὸ
882 3329 1032 3373 Σπάρτης
1049 3329 1163 3374 μολὼν
1311 3337 1403 3368 ΘΕΡ.
1423 3332 1462 3366 οὐ
1481 3332 1571 3376 δῆτα·
1598 3332 1700 3376 μηδὲν
1716 3330 1804 3366 τοῦτ’
1823 3330 1988 3374 ὀνειδίσῃς
2006 3329 2089 3374 ἐμοί.

335 3383 385 3419 ἐπ’
405 3383 485 3418 αὐτὸ
503 3384 612 3417 τοῦτο·
641 3381 875 3426 δειματουμένη
895 3381 924 3415 δ’
945 3381 1011 3427 ἐγὼ
1415 3382 1496 3419 ἀλλ’
1516 3381 1592 3428 εἶμ’,
1613 3384 1686 3419 ἐπεί
1701 3398 1754 3418 τοι
1772 3383 1830 3418 κοῦ
1847 3382 2074 3428 περίβλεπτος
2090 3380 2169 3422 βίος

336 3437 446 3481 δόμων
462 3436 623 3481 πάροικον
637 3434 773 3469 Θέτιδος
791 3433 838 3468 εἷς
856 3433 1035 3479 ἀνάκτορον
1414 3434 1536 3480 δούλης
1553 3438 1715 3482 γυναικὸς,
1735 3437 1775 3480 ἤν
1791 3449 1823 3470 τι
1842 3435 1895 3469 καὶ
1911 3432 2007 3470 πάθω
2026 3434 2135 3467 κακόν.
2307 3443 2352 3479 9ο

337 3488 458 3524 θάσσω
475 3485 546 3522 τόδ’
566 3483 722 3529 ε’λθοῦσ’,
742 3487 782 3530 ἤν
798 3500 840 3530 με
860 3484 996 3528 κωλύσῃ
1015 3484 1134 3520 θανεῖν·
1314 3494 1383 3525 AN.
1413 3489 1516 3533 χώρει
1535 3501 1600 3521 νυν·
1628 3488 1720 3533 ἡμεῖς
1738 3486 1782 3530 δ’,
1803 3484 1923 3533 οἷσπερ
1942 3483 2134 3531 ἐγκείμεσθ’
2153 3483 2204 3521 dez

336 3538 470 3585 Πηλεύς
486 3554 524 3575 τε
540 3539 606 3586 γάρ
624 3551 674 3573 νιν
691 3537 821 3584 ἔκγονοί
838 3551 874 3571 τε
892 3536 1032 3580 Πηλέως
1224 3549 1242 3573 Δ
1251 3549 1265 3581 5
1415 3538 1568 3585 θρήνοισι
1587 3540 1639 3574 καὶ
1655 3541 1769 3585 γόοισι
1787 3540 1839 3573 καὶ
1857 3536 2055 3584 δακρύμασι.

337 3593 512 3638 σέβουσιν,
534 3590 718 3639 ἑρμηνευμα
736 3589 888 3636 Νηρῇδος
903 3589 1030 3635 γάμων.
1064 3599 1066 3634 j
1416 3593 1500 3634 πρὸς
1519 3590 1620 3639 αἰθέρ’
1641 3591 1840 3636 ἐκτενοῦμεν·
1869 3590 2039 3635 ἐμπέφυκε
2055 3588 2123 3635 γὰρ
