2488 3860
214 288 294 332 630
730 287 747 301 “

255 401 344 437 334.
377 398 504 438 Schol.
532 399 720 451 Apollonii
748 399 885 438 Rhodii
912 399 946 443 I,
975 402 1064 439 972.
1122 403 1262 451 Λέγεται

204 453 240 488 δε
265 454 382 493 ίουλος
407 458 460 492 καὶ
485 459 571 501 ζῶόν
594 473 638 499 τι,
660 457 810 504 θηρίδιον
833 456 1023 493 πολύπουν·
1057 458 1262 505 ἑκατέρωθεν

202 509 267 555 γὰρ
286 510 357 556 ἕχει
375 512 528 548 πολλοὺς
551 512 711 553 πόδας,”
690 525 807 559 ωσπερ
825 510 846 556 ἡ
865 511 1115 558 σκολόπενδρα.
1173 514 1259 547 Θεό-

203 564 361 609 φραστος
379 565 453 599 δὲ’
435 580 470 600 εν
488 568 528 611 τῇ
548 567 633 614 πρὸς
652 565 776 601 Φανίαν
795 565 962 611 ἐπιστολῇ
983 566 1037 600 καὶ
1055 565 1134 601 ονον
1151 567 1261 612 φησὶν

202 616 302 652 αὑτὸν
321 619 510 660 καλεῖσθαι,
531 619 576 657 ὡς
593 620 685 667 παρὰ
703 621 874 666 Σοφοκλεῖ
892 619 928 655 ἐν
941 621 1081 667 Κωφοῖς
1100 619 1261 667 σατύροις

309 673 495 711 Κυλισθεὶς
513 674 557 710 ὥς
575 689 626 711 τις
644 673 722 710 ὅνος
741 674 936 721 ἶσόσπριος.

1083 284 1482 335 ΣΟΦΟΚΛΕΟΥΣ

1295 400 1394 437 delet
1418 396 1680 467 Blomfildus)„
1685 399 1846 476 εὖανέμου
1870 400 1992 449 λίμνας
2016 398 2072 452 ἐφ’
2091 399 2243 449 ὑψηλαῖς
2266 412 2342 439 σπι·

1292 457 1441 491 λάδεσσι
1461 452 1665 500 στομάτων)

1342 511 1432 546 342.
1461 508 1663 558 Dionysius
1688 507 1810 545 Halic.
1833 507 1960 557 Antiq.
1981 507 2013 550 I,
2034 510 2098 545 48.
2166 509 2342 555 Σοφοκλῆς

1287 566 1348 611 μὲν
1366 567 1384 600 ὁ
1403 565 1666 614 τραγῳδιοποιὸς
1692 564 1728 600 ἐν
1752 565 1940 599 Λαοκόωντι
1972 563 2127 611 δράματι,
2146 562 2343 609 μελλούσης

1288 619 1491 655 ἁλίσκεσθαι
1515 620 1574 663 τῆς
1596 620 1740 659 πόλεως,
1754 618 1914 663 πεποίηκε
1931 618 1990 653 τὸν
2007 617 2140 653 Αἷνείαν
2157 616 2342 653 ἀνασκευα-

1288 675 1426 719 ζόμενον
1444 674 1491 710 εἷς
1507 673 1567 718 τὴν
1576 670 1684 718 Ἴδην,
1701 672 1922 707 κελευσθέντα
1940 671 2005 707 ὑπὸ
2016 673 2076 707 τοῦ
2086 670 2214 718 πατρὸς
2223 669 2342 718 Ἀγχί-

202 721 334 760 Codex
361 725 475 762 Paris.
496 728 614 776 ὥσπερ
642 727 730 765 ὄνος.
786 725 1012 776 Hesychius,
1030 726 1151 764 ’Ὄνος
1179 727 1257 763 ἷσό-
1288 742 1366 770 σου,
1387 727 1469 762 κατὰ
1486 726 1547 772 τὴν
1564 726 1694 772 μνήμην
1715 726 1760 762 ὧν
1783 726 1971 773 Ἀφροδίτη
1997 725 2175 772 ἐπέσκηψε
2198 725 2252 760 καὶ
2275 722 2344 760 ἀπὸ

202 793 348 826 σπριος
365 794 373 815 :
403 782 479 816 ἔστι
497 782 535 817 δὲ
555 783 640 826 ζῶον
656 780 844 824 πολύπουν,
865 781 1000 830 ὀσπρίῳ
1019 780 1146 828 ὅμοιον,
1167 780 1185 816 ὃ
1205 783 1258 817 καὶ
1287 785 1353 818 τῶν
1372 782 1494 817 νεωστὶ
1512 781 1707 828 γενομένων
1722 781 1800 827 περὶ
1825 780 1903 817 τοὺς
1921 779 2172 815 Λαοκοωντίδας
2196 777 2346 824 σημείων

201 830 316 869 ἰὀυλον
333 835 421 872 τινὲς
439 836 561 882 φασίν.

254 886 342 923 335.
374 885 501 925 Schol.
521 887 712 937 Apollonii
730 887 867 924 Rhodii
893 887 924 931 I,
949 889 1063 925 1126.

1286 837 1345 872 τὸν
1380 836 1555 882 μέλλοντα
1590 834 1733 882 ὄλεθρον
1767 835 1827 879 τῆς
1856 835 1989 870 πόλεως
2020 832 2343 879 συντεκμηράμενον.

1113 888 1192 925 ‘'O-rt
1220 890 1256 925 δέ
1293 891 1364 934 ἕχει
1382 890 1418 925 δὲ
1446 889 1535 936 αὐτῷ
1561 889 1603 924 τὰ
1630 889 1766 935 ἰαμβεῖα
1794 889 1829 924 ἐν
1855 887 1953 936 ἄλλῳ
1980 886 2155 936 προσώπῳ
2178 885 2345 933 λεγόμενα

201 939 329 987 Νύμφη
357 957 408 980 τις
436 943 594 988 Οἰαξίδος
623 945 686 991 γῆς
713 943 901 991 δραξαμένη
928 943 1007 980 τοὺς
1034 939 1265 989 καλουμένους
1289 941 1355 976 ὧδε

201 995 340 1033 Ἰδαίους
359 996 553 1035 Δακτύλους
576 998 715 1044 ἐποίησε
732 998 824 1045 παρὰ
843 999 1101 1044 Στησιμβρότου
1119 996 1255 1044 εἴληφε·

200 1050 253 1085 καὶ
271 1049 323 1085 ὅτι
348 1051 403 1086 διὰ
420 1052 459 1087 τὸ
484 1051 600 1099 ῥυῆναι
626 1052 745 1088 αὐτοὺς
770 1052 825 1086 διὰ
849 1055 916 1087 τῶν
933 1055 1067 1099 χειρῶν,
1090 1052 1257 1088 Δάκτυλοι

200 1103 401 1150 ἐκλήθησαν.
458 1108 638 1154 Σοφοκλῆς
656 1107 693 1142 δὲ
711 1106 832 1142 αὐτοὺς
850 1105 983 1152 Φρύγας
1009 1107 1103 1140 καλεῖ
1127 1106 1162 1140 ἐν
1180 1112 1256 1141 Κω-

200 1159 280 1204 φοῖς
298 1159 469 1207 σατύροις
525 1157 706 1195 “Confer
732 1156 941 1194 Zenobium
968 1157 1078 1193 Prov.
1100 1155 1169 1199 IV,
1192 1159 1254 1195 80.

201 1212 329 1258 Κέλμις
352 1214 388 1249 ἐν
406 1213 547 1263 σιδὴρω,
562 1211 629 1249 ubi
645 1211 742 1247 male
761 1210 896 1247 citatur
915 1210 1155 1259 Sophocles‘
1138 1227 1174 1247 εν
1192 1219 1255 1248 Σα-

200 1265 323 1315 τύροις,
343 1270 381 1302 et
398 1265 693 1315 Wesselingium
711 1264 758 1301 ad
777 1263 990 1301 Diodorum
1009 1262 1085 1301 Sic.
1106 1268 1200 1302 tom.
1221 1265 1253 1303 I.

200 1331 237 1368 p.
259 1320 348 1363 831,
369 1319 431 1356 4.”
487 1320 672 1357 Bmmcx.

610 1428 840 1461 AAKAINAI.

252 1505 440 1544 “Fabulae
459 1509 726 1555 argumentum
750 1515 770 1538 e
795 1513 908 1550 parva
926 1499 1042 1537 Iliade
1061 1505 1254 1550 sumptum

201 1565 359 1598 testatur
377 1558 598 1597 Aristoteles
617 1558 663 1594 de
682 1555 833 1594 Po'etica
851 1567 931 1604 cap.
946 1554 1038 1593 233¹
1067 1554 1252 1591 BRUNGK.

252 1616 342 1651 336.
363 1614 498 1651 Pollux
516 1612 586 1654 IX,
601 1614 665 1648 49.
694 1611 802 1647 ’Ἔστι
821 1610 892 1646 δὲ’
877 1626 896 1656 η
915 1611 1037 1658 ψαλὶς,
1058 1608 1146 1648 ειδος
1164 1611 1252 1646 οἷκο-

200 1669 402 1716 δομήματος.
433 1672 520 1716 ἤπου
538 1668 592 1703 καὶ
611 1667 698 1714 Σοφ.
721 1666 756 1702 ἐν
774 1665 952 1702 Λακαίναις
969 1665 1064 1712 λέγει

306 1724 428 1770 Στενὴν
446 1724 474 1760 δ’
490 1723 611 1768 ἕδυμεν
627 1721 764 1769 ψαλίδα
782 1719 863 1754 κούκ
880 1719 1092 1767 ἀβᾰρβαρον.

201 1779 394 1827 ἇβόρβορον
411 1774 648 1813 Blomfildus.

254 1831 343 1869 337.
372 1829 583 1867 Priscianus
600 1825 752 1864 XVIII.
771 1837 809 1874 p.
835 1824 921 1863 197.
943 1823 1076 1861 Krehl.
1123 1824 1253 1868 Attici,

202 1886 295 1935 ἄρχω
313 1887 412 1922 τοῦδε
430 1886 484 1921 καὶ
501 1885 593 1927 τόδε,
609 1883 682 1919 ἇντι
699 1883 760 1917 τοῦ
779 1880 947 1927 κατάρχω.
977 1881 1066 1927 Σοφ.
1078 1880 1256 1919 Λακαίναις

308 1943 406 1977 Θεοῖς
423 1940 475 1988 ἄρ’
492 1937 606 1975 οὔποτ’
611 1963 620 1980 ,
641 1952 671 1972 ει
688 1951 720 1971 τι
738 1935 804 1982 χρὴ
822 1936 950 1981 βροτὸν
966 1933 1094 1982 λέγειν,

306 1995 431 2043 ἄρξασι
450 1994 555 2041 Φρυξὶ
573 1992 633 2038 τὴν
651 1990 719 2026 κατ’
738 1989 914 2036 Ἀργείους
931 1986 1032 2036 ὕβριν

307 2050 450 2094 ξυναινῶ
467 2050 584 2084 ταῦτα
611 2046 657 2092 μὴ
675 2045 788 2092 μάχου
805 2043 878 2088 βίᾳ.

203 2100 334 2138 Codex
352 2101 505 2138 Monac.
560 2101 1001 2139 ΞΥΝΛΙΝΕωΤΛΤΑΥΤΑ.
1056 2094 1160 2144 Ergo
1183 2094 1253 2131 ini-

202 2155 295 2192 tium
313 2167 444 2192 versus
460 2154 531 2190 fuit
549 2154 745 2202 ξυναινέσω.

255 2211 344 2245 338.
375 2207 613 2245 Herodianus
629 2209 708 2256 περὶ
725 2206 891 2254 μονήρους
910 2204 1037 2249 λέξεως
1054 2215 1092 2251 p.
1107 2204 1173 2245 40,
1191 2204 1204 2238 l
1219 2204 1252 2239 l.

203 2265 247 2299 Τὸ
266 2265 357 2311 παρὰ
375 2265 547 2311 Σοφοκλεῖ
564 2264 600 2299 ἐν
618 2262 795 2298 Λακαίναις
813 2259 953 2304 δανοτὴς
971 2258 1144 2308 εἰρημένον
1163 2259 1186 2278 “
1197 2256 1256 2293 Ἐν

202 2316 378 2363 ᾗπαύσετ’
410 2317 590 2364 (παύσαιθ’
605 2315 643 2363 Ρ)
672 2316 818 2364 ἁμερίων
843 2313 982 2360 μόχθων
1008 2328 1046 2350 τε
1077 2313 1131 2348 καὶ
1158 2312 1255 2348 δανο-

227 2374 240 2381 Ᾱ
318 2370 339 2384 Σ,

203 2387 222 2408 τ
244 2388 312 2409 τος.

224 2388 242 2418 η
257 2426 346 2461 339.
377 2423 512 2461 Strabo
532 2422 645 2460 VIII.
666 2435 704 2471 p.
724 2423 814 2459 364.
869 2424 937 2469 Τὴν
954 2423 991 2458 δὲ
1011 2423 1081 2457 Λᾶν
1099 2422 1131 2456 oi
1150 2421 1256 2456 Διόσ-

205 2494 319 2527 κουροι
343 2480 425 2516 ποτὲ
452 2480 487 2515 ἐκ
510 2479 708 2526 πολιορκίας
733 2480 822 2513 ἑλεῖν
842 2478 1066 2525 ἱστοροῦνται,
1082 2473 1144 2522 ἀφ’
1159 2473 1199 2509 οὗ
1218 2474 1258 2519 δὴ

205 2534 380 2581 Λαπέρσαι
398 2532 737 2582 προσηγορεύθησαν.
765 2533 820 2567 καὶ
838 2532 1017 2579 Σοφοκλῆς
1034 2529 1129 2577 λέγει
1145 2542 1212 2564 που

310 2589 362 2634 Νὴ
381 2589 428 2623 τὼ
447 2587 622 2635 Λαπέρσα,
643 2587 681 2632 νὴ
700 2588 758 2622 τὸν
777 2587 936 2633 Εὐρώταν
953 2585 1077 2633 τρίτον,

311 2643 349 2687 νὴ
368 2643 447 2678 τοὺς
465 2643 500 2677 ἐν
510 2641 632 2689 ’Ἄργει
652 2641 705 2676 καὶ
724 2641 806 2675 κατὰ
824 2640 980 2687 Σπάρτην
998 2636 1108 2674 θεούς.

208 2693 317 2731 Conf.
339 2693 519 2743 Hesychii
535 2693 757 2742 interpretes
777 2692 825 2729 ad
843 2693 1036 2742 Λαπέρσαι.

618 2798 848 2831 ΛΛΟΚΟΩΝ.

265 2879 352 2915 340.
381 2874 646 2926 Harpocrafflo,
698 2877 965 2926 grammaticus
1012 2876 1052 2913 in
1101 2872 1264 2913 Bekkeri

214 2929 416 2967 Anecdotis
434 2943 470 2978 p.
492 2929 580 2974 332,
607 2931 643 2966 5.
671 2935 709 2966 et
735 2930 869 2967 Suidas
896 2930 936 2966 in
959 2932 1084 2979 ἀγυιαὶ,
1110 2929 1264 2978 ’Λγυιεὺς

213 2986 252 3021 δέ
269 2986 344 3021 ἐστι
371 2984 449 3020 κίων
467 2984 513 3021 εἰς
537 2985 598 3030 ὀξὺ
614 2983 740 3031 λήγων,
765 2984 804 3020 ὃν
825 2987 943 3021 ἱστᾶσι
973 2985 1041 3032 πρὸ
1068 2988 1134 3020 τῶν
1154 2983 1266 3031 θυρῶν

318 3036 383 3074 εἷεν
402 3040 442 3073 ἂν
461 3039 514 3073 καὶ
531 3038 623 3085 παρὰ
644 3040 715 3074 τοῖς
734 3035 900 3076 Ἀττικοῖς
919 3041 1099 3086 λεγόμενοι
1126 3038 1262 3085 ἀγυιεῖς,

215 3093 248 3127 οἱ
270 3093 337 3139 πρὸ
363 3094 430 3127 τῶν
454 3092 566 3126 οἰκιῶν
592 3092 715 3136 βωμοὶ,
746 3092 791 3129 ὥς
817 3095 908 3140 φασι
930 3095 1094 3140 Κρατῖνος
1118 3092 1171 3127 καὶ
1194 3091 1264 3127 Μέ-

216 3146 366 3192 νανδρος,
394 3145 447 3180 καὶ
478 3146 656 3191 Σοφοκλῆς
685 3145 720 3180 ἐν
747 3147 795 3194 τῷ
815 3148 1015 3187 Λαοκόωντι,
1046 3146 1202 3194 μετάγων
1223 3145 1266 3181 τὰ

215 3198 400 3244 Ἀθηναίων
418 3198 475 3242 ἔθη
493 3198 540 3235 εἰς
557 3198 690 3244 Τροίαν,
709 3199 801 3244 φησὶ

317 3250 450 3295 Λάμπει
468 3247 497 3283 δ’
517 3246 651 3295 άγυιεὺς
668 3249 784 3294 βωμὸς
802 3247 947 3292 ἀτμίζων
963 3248 1045 3295 πυρὶ

317 3302 468 3351 σμύρνης
485 3301 716 3348 σταλαγμοὺς,
734 3302 930 3349 βαρβάρους
948 3301 1119 3348 εὐοσμίας.

214 3355 460 3404 Harpocratio
476 3355 674 3403 βαρβάρων.

1397 996 1469 1029 Νῦν
1487 993 1516 1028 δ’
1537 994 1573 1029 ἐν
1589 992 1755 1030 πύλαισιν
1773 994 1892 1031 Αἰνέας
1909 996 1928 1029 ὁ
1946 996 2006 1040 τῆς
2025 993 2105 1029 θεοῦ

1393 1047 1550 1095 πάρεστ’,
1571 1047 1622 1083 ἐπ’
1642 1047 1740 1094 ὤμων
1756 1047 1872 1096 πατέρ’
1892 1049 1981 1095 ἔχων
1998 1047 2171 1096 κεραυνίου

1396 1103 1502 1138 νώτου
1521 1103 1772 1147 καταστάζοντα
1789 1101 1962 1146 βύσσινον
1979 1103 2103 1150 φάρος.

1397 1158 1510 1192 κυκλεῖ
1527 1156 1565 1192 δὲ
1582 1158 1699 1193 πᾶσαν
1716 1157 1853 1193 οἰκετῶν
1869 1157 2101 1204 παμπληθίαν·

1395 1211 1629 1256 συμπλάζεται
1648 1212 1684 1247 δέ
1703 1210 1845 1256 πλῆθος,
1866 1212 1931 1258 οὐχ
1949 1210 2035 1246 ὅσον
2052 1210 2170 1254 δοκεῖς,

1396 1262 1428 1299 οἳ
1446 1265 1543 1310 τῆσδ’
1564 1266 1669 1312 ε’ρῶσι
1686 1267 1746 1311 τῆς
1764 1265 1927 1308 ἀποικίας,
1948 1268 2103 1313 Φρυγῶν.

1290 1317 1339 1355 V.
1362 1319 1398 1353 3.
1419 1321 1525 1364 μοτοῦ
1543 1316 1767 1354 Plutarchus
1786 1316 1920 1354 Moral.
1940 1330 1979 1366 p.
2003 1318 2076 1354 109
2097 1316 2134 1354 d.

1344 1372 1433 1407 343.
1465 1369 1639 1408 Stobaeus
1656 1370 1805 1413 XXIX,
1826 1373 1890 1409 37.

1396 1426 1540 1472 Μόχθου
1557 1427 1624 1475 γὰρ
1643 1427 1752 1463 οὐδεὶς
1769 1429 1830 1462 τοῦ
1847 1426 2079 1474 παρελθόντος
2096 1425 2218 1474 λόγος.

1344 1478 1432 1514 344.
1465 1479 1693 1528 Hesychiu8‚
1727 1481 2013 1529 Καταρράκτης
2029 1493 2038 1516 :
2081 1479 2212 1527 ὀχετὸς,
2243 1477 2343 1528 ῥύαξ.

1290 1534 1343 1568 καὶ
1361 1535 1380 1568 ὁ
1399 1533 1508 1571 ἀετός.
1565 1540 1601 1569 Σ.
1624 1536 1827 1571 Λαοκόωντι.

1463 1637 1711 1685 [ΛΑΡΙΣΑΙΟῙ.
1766 1635 1865 1673 Vide
1882 1632 2121 1688 Aurunca]

1716 1731 1931 1763 AHMNIAI.

1344 1795 1433 1831 345.
1457 1793 1637 1832 “Notum
1656 1794 1833 1831 dramatis
1852 1799 2131 1844 argumentum,
2144 1793 2345 1844 Argonau-

1289 1852 1411 1884 tarum
1438 1847 1476 1884 in
1495 1848 1679 1885 Lemnum
1704 1849 1893 1898 appulsus,
1915 1861 2003 1885 cum
2021 1848 2184 1886 Lemniis
2212 1847 2346 1886 mulie-

1289 1901 1394 1938 ribus
1430 1914 1668 1951 congressus,
1701 1915 1813 1950 quem
1847 1907 1974 1938 narrat
2002 1900 2346 1952 Argonautieorum

1289 1960 1400 2003 poeta
1429 1954 1494 1991 lib.
1524 1956 1556 1992 Ι.
1585 1969 1622 1992 v.
1653 1957 1742 1993 609.
1800 1956 2021 1993 Cor-rectum
2051 1954 2166 1992 fuisse
2195 1954 2346 1993 videtur

1289 2014 1376 2056 post
1406 2008 1564 2056 primam
1597 2008 1846 2052 emissionem,
1876 2009 2088 2057 iterumque
2119 2008 2159 2045 in
2195 2020 2346 2047 scenam

1288 2061 1497 2099 inductum.
1553 2062 1656 2099 Nam
1681 2075 1703 2098 a
1722 2062 1912 2111 Stephano
1937 2062 1974 2099 in
1993 2066 2122 2100 Δώτιον
2144 2061 2347 2100 laudantur

1290 2116 1432 2163 Λήμνιαι
1448 2119 1623 2166 πρότεραι,

1398 2173 1580 2219 Φερητίδης
1597 2172 1625 2208 τ’
1636 2170 1809 2238 ’Ἄδμητος
1827 2170 1878 2217 ἧδ’
1895 2174 1913 2207 ὁ
1934 2172 2080 2209 Δωτιεὺς

1397 2226 1547 2272 Λαπίθης
1565 2224 1761 2275 Κόρωνος.”

1290 2278 1475 2315 Bmmcx.

1345 2332 1434 2367 346.
1465 2330 1591 2367 Schol.
1624 2330 1773 2367 Pindari
1807 2330 1917 2380 Pyth.
1951 2330 2020 2374 IV,
2055 2335 2144 2370 303.
2210 2334 2346 2371 Πάντας

1271 2386 1506 2433 Σοφοκλῆς’
1489 2401 1524 2422 εν
1541 2388 1614 2422 ταῖς
1631 2387 1799 2432 Λημνιάσι
1823 2388 1870 2435 τῷ
1894 2387 2038 2434 δράματι
2063 2387 2243 2436 καταλέγει
2265 2388 2346 2450 τοὺς

1293 2440 1340 2477 εἷς
1357 2442 1397 2476 τὸ
1415 2440 1582 2489 Ἀργῷον
1580 2440 1802 2477 εἰσελθόντας
1820 2441 1968 2487 σκάφος-

1347 2494 1437 2532 347.
1466 2492 1594 2529 Schol.
1618 2492 1806 2541 Apollonii
1837 2492 1975 2529 Rhodii
2002 2492 2033 2536 I,
2057 2493 2146 2532 773.
2201 2494 2280 2531 Ὀτι
2306 2495 2346 2532 δὲ

1293 2548 1459 2595 ε’μὶγησαν
1478 2549 1509 2583 οἱ
1525 2548 1747 2595 Ἀργοναῦται
1765 2550 1838 2584 ταῖς
1856 2549 2015 2595 Λημνίαις
2030 2549 2230 2597 Ηρόδωρος
2247 2551 2345 2586 ἱστο-

1291 2604 1354 2650 ρεῖ.
1392 2601 1568 2648 Αἰσχύλος
1595 2602 1632 2637 δὲ
1661 2603 1696 2638 ἐν
1711 2601 1889 2650 ’Υψιπύλῃ
1915 2603 1951 2638 ἐν
1978 2601 2098 2640 ὅπλοις
2115 2604 2226 2651 φησὶν
2243 2604 2347 2642 αὔτᾶς

1293 2655 1506 2693 ἐπελθούσας
1529 2657 1782 2703 χειμαζόμενοις
1805 2658 1876 2693 τοῖς
1892 2655 2143 2704 Ἀργοναύταις,
2161 2657 2283 2705 μέχρις
2306 2657 2347 2693 οὗ

1293 2709 1394 2758 ὅρκον
1412 2711 1545 2753 ἔλαβον
1561 2710 1639 2757 παρ’
1659 2711 1768 2747 αὐτῶν
1792 2710 1986 2754 ἀποβάντας
2008 2711 2197 2758 μίσγεσθαι
2220 2712 2346 2751 αὐτοῖς.

1294 2765 1473 2811 Σοφοκλῆς
1490 2765 1525 2799 δὲ
1546 2765 1581 2800 ἐν
1599 2765 1759 2811 Λημνίαις
1777 2765 1831 2800 καὶ
1848 2765 1961 2811 μάχην
1979 2765 2126 2813 ἰσχυρὰν
2143 2766 2245 2803 αὐτὸς
2262 2780 2345 2802 συν·

1293 2818 1384 2866 άψαι
1401 2818 1522 2864 φησίν.

1348 2871 1438 2907 348.
1469 2869 1633 2918 Etymol.
1654 2870 1711 2907 M.
1730 2882 1767 2920 p.
1786 2872 1926 2911 26,16.
1956 2871 2113 2910 '‘Aeas-2
2143 2872 2349 2922 ἀκρωτήριον

1295 2924 1438 2973 Θρᾴκης.
1495 2927 1673 2972 Σοφοκλῆς

1393 2978 1509 3015 *Αθως
1527 2981 1656 3024 σκιάζει
1675 2983 1763 3015 νῶτα
1781 2980 1928 3026 Λημνίας
1942 2981 2040 3023 βοός.

1297 3034 1332 3069 ἐν
1349 3033 1415 3081 γὰρ
1433 3035 1472 3079 τῇ
1493 3032 1614 3084 Λήμνῳ
1638 3035 1724 3077 βοῦς
1747 3035 1859 3080 χαλκῆ
1883 3032 2026 3081 ιδρυται,
2046 3034 2102 3082 εφ’
2123 3033 2164 3080 ἣν
2179 3037 2241 3071 τοῦ
2252 3034 2349 3072 ”Aba

1296 3087 1315 3133 ἡ
1344 3088 1424 3122 σκιὰ
1451 3087 1585 3134 φθάνει.
1640 3085 1807 3122 Diversae
1836 3091 1923 3122 sunt
1950 3085 2066 3135 hujus
2089 3098 2220 3125 versus
2247 3087 2349 3137 apud

1296 3138 1387 3176 alios
1406 3139 1604 3187 scriptores
1621 3138 1812 3180 lectiones,
1825 3139 1972 3188 καλύψει
1988 3139 2064 3186 (vel
2081 3141 2259 3188 καλυπτει)
2279 3151 2349 3191 pro

1297 3193 1437 3237 σκιάζει,
1451 3198 1489 3228 et
1507 3195 1589 3230 ἁλὸς
1606 3204 1674 3241 pro
1690 3195 1775 3236 βοός
1789 3207 1798 3228 :
1823 3192 1869 3228 de
1881 3192 2017 3240 quibus
2035 3192 2208 3231 dixerunt
2218 3193 2344 3230 Ruhn-

1296 3244 1429 3282 kenius
1448 3245 1521 3292 Ep.
1539 3245 1621 3282 crit.
1641 3258 1679 3294 p.
1704 3245 1791 3283 197.
1811 3250 1850 3282 et
1867 3244 2067 3283 Piersonus
2085 3246 2133 3284 ad
2150 3244 2348 3284 Moeridem

1351 3353 1440 3388 349.
1471 3350 1698 3399 Stephanus,
1711 3351 1873 3402 Χρύσης
1904 3353 2043 3399 ἡπόλις
2058 3356 2121 3391 τοῦ
2131 3353 2348 3393 ’Λπόλλωνος

266 3410 355 3445 341.
386 3407 594 3446 Scholiasta
609 3405 870 3454 Aristophanis
889 3406 1030 3443 Ranar.
1045 3407 1135 3444 678.
1168 3407 1268 3455 Παρὰ
1299 3407 1401 3454 ἐγγὺς
1419 3405 1565 3452 Λήμνου
1620 3413 1656 3441 Σ.
1679 3407 1838 3462 Λημνίαις

211 3466 254 3500 τὰ
284 3469 322 3499 Σ.
353 3464 389 3499 ἐκ
417 3464 644 3505 Λαοκόωντος,
675 3462 697 3480 ‘
711 3462 893 3503 Πόσειδον,
922 3460 958 3498 ὃς
986 3461 1126 3509 Αἰγαίου
1156 3461 1269 3508 μέδεις

213 3521 345 3562 πρῶνας
366 3515 515 3566 (πρωνὸς
532 3506 803 3561 ΒΙἬΠΟῚΗΠΞ)
787 3530 807 3560 η
831 3517 980 3563 γλαυκᾶς
1003 3514 1114 3562 μέδεις
1140 3514 1269 3562 (μέδεις

1397 3457 1444 3495 Ὠ
1463 3462 1574 3506 Λῆμνε
1592 3459 1731 3507 Χρύσης
1748 3460 1777 3496 τ’
1796 3460 2039 3509 ἀγχιτέρμονες
2054 3463 2171 3510 πάγοι.

1354 3513 1441 3551 350.
1462 3511 1687 3560 Hesychius,
1699 3513 2003 3562 Ἀξύμβλητονι
2033 3515 2051 3552 ὃ
2068 3517 2184 3563 μηδενὶ
2201 3515 2351 3555 ἀπαντᾶν
