2488 3860
187 1112 189 1114 ,
235 1075 383 1120 κευθμὼν
401 1072 561 1109 καλύπτει
578 1074 637 1107 τὸν
653 1071 837 1116 παλαιγενῆ
857 1071 986 1115 Κρόνον

133 2222 204 2253 XO.

134 2430 202 2461 ΠΡ.

133 2483 203 2513 XO.

132 2535 202 2563 ΠΡ.

132 2586 205 2615 ΧΟ.

132 2639 203 2668 ΠΡ.

133 2691 204 2721 ΧΟ.

133 2794 206 2823 XO.

194 2866 205 2876 .
229 2839 292 2886 ἀφ’
310 2839 350 2875 οὗ
366 2853 407 2886 γε
423 2837 557 2874 πολλὰς
575 2837 816 2883 ἐκμαθήσονται
833 2838 964 2884 τέχνας.

134 2898 205 2927 ΧΟ.

138 3312 207 3342 ΠΡ.

204 1897 212 1899 ⁷
233 1856 298 1902 ἐγὼ
316 1854 348 1890 δ’
368 1854 540 1900 ἐτόλμησ’·
571 1853 782 1897 ἐξελυσάμην
799 1850 946 1897 βροτοὺς

821 294 1195 334 ΠΡΟΜΗΘΕΤΣ
1244 293 1588 334 ΔΕΣΜΩΤΗΣ.

239 399 458 444 ἀτιμάσαντες
476 397 646 443 καρτεροῖς
663 393 878 442 φρονήμασιν

237 449 332 500 ᾤοντ’
350 449 475 496 ἀμοχθὶ
491 450 576 495 πρὸς
591 448 672 491 βίαν
688 462 726 482 τε
743 448 936 482 δεσπόσειν·

238 503 312 548 ἐμοὶ
329 503 366 537 δὲ
383 501 490 548 μήτηρ
507 501 572 546 οὐχ
589 499 679 543 ἅπαξ
695 501 798 544 μόνον
815 499 917 544 Θέμις

238 555 292 590 καὶ
308 556 401 594 Γαῖα,
419 555 560 589 πολλῶν
577 552 747 597 ὀνομάτων
762 551 879 598 μορφὴ
895 549 968 596 μία,

236 607 276 642 τὸ
291 606 424 652 μέλλον
440 603 463 651 ᾗ
480 604 645 652 κραίνοιτο
662 603 951 650 προῦτεθεσπίκει,

236 659 282 695 ὣς
298 658 338 693 οὔ
355 657 424 693 κατ’
444 657 546 702 ἰσχὺν
563 656 641 691 οὐδὲ
657 657 742 698 πρὸς
758 656 797 690 τὸ
815 655 974 699 καρτερὸν

234 711 343 758 χρείη,
363 711 454 757 δόλῳ
472 710 509 744 δὲ
526 708 605 744 τοὺς
621 708 853 753 ὑπερσχόντας
871 706 1011 752 κρατεῖν.

235 761 359 798 τοιαῦτ’
378 763 458 807 ἐμοῦ
474 762 634 807 λόγοισιν
652 758 874 805 ἐξηγουμένου

235 815 296 850 οὐκ
312 813 462 859 ἠξίωσαν
478 813 556 848 οὐδὲ
572 810 801 859 προσβλέψαι
817 811 856 844 τὸ
873 811 952 845 πᾶν.

235 867 397 914 κράτιστα
414 864 454 910 δή
471 879 529 911 μοι
546 868 612 899 τῶν
628 863 854 909 παρεστώτων
870 863 947 896 τότε

234 917 381 965 ἐφαίνετ’
401 914 482 953 εἶναι
499 917 743 964 προσλαβόντα
759 914 886 960 μητέρα

234 970 345 1006 ἑκόνθ’
362 971 470 1005 ἑκόντι
487 969 564 1013 Ζηνὶ
582 968 890 1013 συμπαραστατεῖν.

234 1023 327 1069 ἐμαῖς
344 1023 381 1058 δὲ
397 1022 540 1065 βουλαῖς
557 1021 730 1066 Ταρτάρου
747 1016 966 1063 μελαμβαθὴς

1108 560 1170 585 210

1109 818 1168 851 215

1108 1080 1169 1102 220

234 1128 368 1163 αὐτοῖσι
386 1126 611 1171 συμμάχοισι.
639 1123 743 1158 τοιάδ’
764 1122 802 1165 ἐξ
821 1122 901 1166 ἐμοῦ

234 1182 253 1215 ὁ
270 1183 336 1214 τῶν
354 1178 438 1213 θεῶν
454 1176 612 1224 τύραννος
629 1173 846 1221 ὠφελημένος

234 1233 367 1267 κακαῖσι
384 1231 514 1266 ποιναῖς
531 1228 651 1264 ταῖσδέ
665 1227 698 1272 μ’
718 1226 939 1271 ἐξημείψατο.

233 1285 343 1319 ἔνεστι
359 1284 425 1330 γάρ
442 1297 514 1318 πως
530 1283 629 1316 τοῦτο
647 1283 689 1324 τῇ
701 1278 868 1325 τυραννίδι

233 1338 374 1381 νόσημα,
393 1336 464 1370 τοῖς
480 1334 624 1380 φίλοισι
641 1331 686 1377 μὴ
703 1329 909 1366 πεποιθέναι.

233 1387 252 1422 ὃ
270 1387 302 1423 δ’
321 1386 381 1422 οῦν
397 1384 546 1433 ἐρωτᾶτ’,
565 1384 672 1420 αἰτίαν
690 1382 766 1418 καθ’
784 1383 898 1428 ἥντινα

233 1439 391 1483 αἰκίζεταί
406 1454 460 1484 με,
479 1440 579 1472 τοῦτο
597 1436 637 1481 δὴ
656 1436 825 1481 σαφηνιῶ.

233 1491 324 1529 ὅπως
340 1492 487 1537 τάχιστα
503 1491 562 1524 τὸν
579 1489 734 1536 πατρῷον
752 1488 786 1523 ἐς
804 1486 924 1532 θρόνον

232 1543 389 1587 καθέζετ’,
408 1542 505 1579 εὐθὺς
523 1542 680 1586 δαίμοσιν
697 1539 786 1584 νέμει
802 1538 885 1585 γέρα

230 1597 392 1631 ἄλλοισιν
408 1595 500 1629 ἄλλα
516 1595 569 1629 καὶ
587 1592 828 1637 διεστοιχίζετο
1106 1601 1167 1630 230

231 1647 350 1695 ἀρχήν·
378 1650 512 1694 βροτῶν
530 1647 566 1680 δὲ
583 1649 650 1680 τῶν
666 1645 887 1689 ταλαιπώρων
898 1643 1004 1687 λόγον

231 1701 291 1735 οὐκ
309 1701 412 1745 ἔσχεν
429 1698 547 1737 οὐδέν’,
567 1696 645 1732 ἀλλ’
664 1697 837 1730 ἀῒοτὼσας
853 1693 950 1740 γένος

232 1754 270 1788 τὸ
284 1754 350 1788 πᾶν
368 1752 506 1796 ἔχρῃζεν
523 1750 612 1784 ἄλλο
631 1749 776 1794 φιτῦσαι
794 1746 880 1782 νέον.

229 1806 282 1840 καὶ
299 1803 418 1839 τοισίδ’
430 1803 538 1838 οὐδεὶς
555 1802 726 1843 ἀντέβαινε
743 1799 834 1843 πλὴν
851 1798 943 1843 ἐμοῦ.

1108 1340 1165 1372 225

1107 1860 1164 1892 235

230 1909 291 1945 τοῦ
307 1907 352 1954 μὴ
371 1905 644 1952 διαρραισθέντας
661 1904 708 1940 εἷς
719 1903 838 1938 Ἀιδου
856 1903 986 1947 μολεῖν.

229 1965 276 2004 τῷ
294 1975 347 1996 τοι
364 1959 516 1994 τοιαῖσδε
531 1958 714 2000 πημοναῖσι
731 1955 932 1999 κάμπτομαι,

233 2010 380 2054 πάσχειν
396 2009 457 2052 μέν
475 2006 697 2053 ἀλγειναῖσιν,
717 2004 901 2039 οἰκτοαῖσιν
918 2003 951 2038 δ’
971 2003 1063 2038 ἰδεῖν·

235 2060 372 2105 θνητοὺς
390 2059 422 2094 δ’
444 2060 479 2094 ἐν
496 2058 594 2106 οἴκτῳ
611 2056 827 2104 προθέμενος,
846 2054 966 2090 τούτου
984 2057 1097 2100 τυχεῖν

233 2113 293 2147 οὐκ
310 2111 455 2156 ἠξιώθην
471 2111 580 2150 αὐτὸς,
600 2111 691 2144 ἀλλὰ
709 2109 834 2154 νηλεῶς

234 2163 290 2199 ὧδ’
309 2162 544 2210 ἐρρύθμισμαι,
564 2163 642 2206 Ζηνὶ
658 2162 825 2206 δυσκλεὴς
843 2160 913 2197 θέα.

235 2217 453 2262 σιδηρόφρων
470 2230 507 2250 τε
525 2215 585 2249 κάκ
602 2214 725 2261 πέτρας
742 2215 960 2261 εἰργασμένος

233 2268 340 2308 ὅστις,
360 2267 551 2314 Προμηθεῦ,
571 2268 687 2302 σοῖσιν
703 2267 743 2302 οὐ
761 2268 960 2312 ξυνασχαλᾷ

233 2320 386 2366 μόχθοις·
417 2320 482 2367 ἐγὼ
498 2320 564 2366 γὰρ
582 2318 650 2353 οὔτ’
669 2319 710 2353 ἂν
727 2318 864 2353 εἰσιδεῖν
881 2320 960 2353 τάδε

233 2373 375 2419 ἔχρῃζον
393 2371 570 2406 εἰσιδοῦσά
587 2370 616 2405 τ’
634 2369 803 2416 ἠλγύνθην
820 2371 911 2417 κέαρ.

235 2426 289 2459 καὶ
305 2424 369 2469 μὴν
386 2423 509 2469 φίλοις
527 2423 657 2458 ἐλεινὸς
674 2423 811 2469 εἰσορᾶν
829 2423 906 2469 ἐγώ.

235 2475 280 2522 μή
297 2474 364 2511 πού
381 2490 414 2510 τι
430 2477 581 2522 προῦβης
598 2475 702 2509 τῶνδε
719 2475 772 2509 καὶ
788 2474 993 2521 περαιτέρω;

234 2527 372 2571 θνητούς
388 2526 421 2574 γ’
440 2528 572 2562 ἔπαυσα
588 2526 632 2571 μὴ
650 2526 894 2573 προδέρκεσθαι
910 2528 1025 2573 μόρον.

234 2582 273 2615 τὸ
291 2582 388 2616 ποῖον
407 2580 511 2626 εὑρὼν
527 2579 632 2623 τῆσδε
650 2579 827 2625 φάρμακον
844 2580 948 2613 νόσου
962 2591 972 2618 ;

236 2633 370 2678 τυφλὰς
388 2632 423 2666 ἐν
440 2631 551 2667 αὐτοῖς
569 2631 713 2666 ἐλπίδας
731 2629 911 2678 κατῴκισα.

235 2684 308 2731 μέγ’
329 2683 498 2730 ὠφέλημα
514 2682 602 2717 τοῦτ’
622 2681 781 2729 ἐδωρήσω
798 2684 948 2729 βροτοῖς.

233 2738 318 2783 πρὸς
334 2736 451 2770 τοῖσδε
467 2734 580 2779 μέντοι
596 2737 664 2781 πῦρ
683 2735 748 2780 ἐγώ
767 2735 860 2782 σφινΥ
873 2733 1005 2770 ὤπασα.

232 2789 286 2823 καὶ
303 2790 361 2823 νῦν
378 2787 567 2833 φλογωπὸν
582 2788 650 2832 πῦρ
664 2786 780 2831 ἕχουσ’
801 2784 986 2833 ἐφήμεροι;

1106 2382 1163 2413 245

1107 2642 1166 2674 250

233 2892 382 2927 τοιοῖσδε
400 2889 440 2934 δή
460 2904 502 2924 σε
519 2890 600 2926 Ζεὺς
617 2889 668 2924 ἐπ’
688 2890 880 2935 αἰτιάμασιν

237 2943 394 2986 αἰκίζεταί
410 2957 447 2976 τε
465 2942 610 2987 κούδαμῆ
628 2943 720 2987 χαλᾷ
737 2945 855 2985 κακῶν,

237 2995 306 3030 οὐδ’
325 2996 419 3030 ἔστιν
435 2993 542 3028 ἄθλου
561 2994 664 3040 τέρμα
682 3008 739 3028 σοι
755 2994 972 3040 προκείμενον
987 3007 996 3034 ;

234 3049 294 3082 οὒκ
311 3047 398 3081 ἄλλο
416 3044 448 3092 γ’
466 3046 574 3085 οὐδὲν,
593 3045 683 3089 πλὴν
700 3045 779 3081 ὅταν
796 3046 892 3094 κείνῳ
911 3047 1003 3091 δοκῇ.

198 3126 208 3134 .
237 3099 328 3143 δόξει
346 3099 383 3133 δὲ
399 3101 493 3140 πῶς;
524 3097 575 3133 τίς
592 3098 713 3137 ἐλπίς;
743 3099 807 3144 οὐχ
825 3099 904 3144 ὁρᾷς
922 3097 974 3132 ὅτι

238 3151 403 3197 ἥμαρτες;
433 3150 477 3185 ὣς
494 3148 527 3184 δ’
547 3149 689 3195 ἥμαρτες
706 3148 775 3184 οὔτ’
794 3150 867 3195 ἐμοὶ
884 3150 998 3196 λέγειν
1112 3151 1172 3184 260

238 3202 312 3238 καθ’
332 3201 452 3246 ἡδονὴν
471 3201 529 3236 σοί
545 3201 574 3235 τ’
592 3201 710 3247 ἄλγος.
739 3202 830 3236 ἀλλὰ
847 3204 950 3236 ταῦτα
966 3202 1027 3246 μὲν

237 3254 399 3300 μεθῶμεν,
418 3252 531 3290 ἄθλων
549 3253 584 3288 δ’
602 3253 741 3288 ἔκλυσιν
758 3252 847 3300 ζήτει
863 3255 947 3288 τινά.

237 3307 396 3352 ἐλαφρὸν
412 3304 508 3342 ὅστις
524 3305 684 3350 πημάτων
700 3305 765 3349 ἔξω
782 3306 870 3340 πόδα

239 3359 311 3404 ἔχει
327 3359 498 3404 παραινεῖν
515 3356 680 3392 νουθετεῖν
696 3371 734 3392 τε
751 3358 810 3392 τὸν
827 3361 932 3394 κακῶς

238 3408 440 3457 πράσσοντ’·
471 3409 537 3456 ἐγὼ
555 3409 591 3444 δέ
609 3406 706 3442 ταῦθ’
724 3408 840 3444 ἅπαντ’
858 3407 1061 3453 ἠπιστάμην.

241 3462 324 3496 ἑκὼν
341 3461 424 3496 ἑκὼν
440 3460 599 3507 ἥμαρτον,
618 3460 678 3494 οὐκ
695 3459 894 3507 ἀρνήσομαι·

242 3513 373 3557 θνητοῖς
389 3511 421 3547 δ’
441 3511 575 3559 ἀρήγων
591 3512 690 3548 αὐτὸς
707 3512 849 3558 εὑρόμην
865 3513 999 3548 πόνους.

241 3564 281 3599 οὐ
298 3563 364 3608 μήν
378 3578 412 3599 τι
427 3566 557 3600 ποιναῖς
571 3563 604 3610 γ’
623 3562 734 3610 ᾠόμην
750 3563 878 3598 τοίαισί
891 3578 935 3607 με

1113 3410 1170 3451 265

1105 2120 1163 2151 ²40
1203 2097 1207 2101 ³

1221 815 1295 846 x0.

1325 394 1622 441 κατισχνανεῖσθαι
1639 394 1724 438 πρὸς
1741 394 1877 441 πέτραις
1893 394 2103 442 πεδαρσίοις,

1325 446 1458 493 τυχόντ’
1477 446 1600 494 ἐρήμου
1618 446 1712 481 τοῦδ’
1731 447 1902 493 ἀγείτονος
1918 449 2041 494 πάγου.

1326 500 1381 534 καί
1396 513 1455 544 μοι
1471 499 1513 533 τὰ
1529 499 1590 544 μὲν
1606 500 1755 544 παρόντα
1771 499 1816 543 μὴ
1834 498 1974 545 δύρεσθ’
1993 499 2071 545 ἄχη,

1325 552 1422 587 πέδοι
1439 551 1477 586 δὲ
1493 553 1602 593 βᾶσαι
1618 551 1678 586 τὰς
1695 550 1959 597 προσερπούσας
1976 550 2081 596 τύχας

1325 602 1504 643 ἀκούσαθ’,
1525 604 1570 638 ὡς
1586 601 1712 647 μάθητε
1730 602 1785 637 διὰ
1802 603 1926 639 τέλους
1943 605 1982 638 τὸ
1998 605 2078 639 πᾶν.

1325 655 1488 690 πείθεσθέ
1502 669 1572 699 μοι,
1591 653 1764 694 πείθεσθε,
1785 654 2026 699 συμπονήσατε

1325 709 1372 755 τῷ
1390 709 1448 742 νῦν
1465 709 1637 753 μογοῦντι.
1667 706 1771 741 ταῦτά
1787 720 1841 741 τοι
1857 708 2055 751 πλανωμένη

1325 760 1410 805 πρὸς
1426 759 1545 793 ἄλλοτ’
1562 758 1671 793 ἄλλον
1686 758 1816 803 πημονὴ
1833 760 2041 805 προσιζάνει.

1323 811 1383 845 οὒκ
1401 809 1561 846 ἀκούσαις
1578 809 1768 854 ἐπεθώῦξας

1323 865 1436 903 τοῦτο,
1457 862 1650 909 Προμηθεῦ.

1324 916 1378 950 καὶ
1395 917 1453 950 νῦν
1471 915 1617 962 ἐλαφρῷ
1634 915 1714 950 ποδὶ
1732 916 1977 961 κραιπνόσυτον

1324 967 1425 1002 θᾶκον
1441 967 1660 1013 προλιποῦσ’,

1276 1016 1278 1018 ’
1323 1018 1440 1066 αἰθέρα
1456 1019 1490 1053 θ’
1510 1020 1611 1065 ἁγνὸν
1627 1021 1734 1065 πόρον
1751 1019 1876 1055 οἰωνῶν

1220 1232 1294 1263 ΩΚ.

1219 2427 1293 2458 ΩΚ.

1324 1071 1507 1117 ὀκριοέσσῃ
1525 1071 1624 1116 χθονὶ
1636 1072 1715 1116 τῇδε
1731 1074 1838 1107 πελῶ·

1323 1122 1400 1159 τοὺς
1418 1123 1502 1159 σοὺς
1519 1124 1556 1158 δὲ
1573 1125 1695 1159 πόνους

1321 1174 1435 1221 χρῄζω
1453 1176 1508 1210 διὰ
1524 1177 1648 1212 παντὸς
1665 1175 1819 1210 ἀκοῦσαι.

1322 1227 1389 1272 ἥκω
1407 1228 1548 1273 δολιχῆς
1566 1228 1669 1274 τέρμα
1686 1227 1846 1262 κελεύθου

1323 1280 1585 1326 διαμειψάμενος
1601 1281 1683 1326 πρὸς
1704 1281 1758 1319 σὲ,
1778 1281 1969 1326 Προμηθεῦ,

1322 1334 1380 1366 τὸν
1396 1333 1592 1379 πτερυγωκῆ
1610 1331 1703 1366 τόνδ’
1722 1332 1840 1367 οἰωνὸν

1320 1385 1434 1431 γνώμῃ
1453 1385 1602 1429 στομίων
1619 1384 1698 1431 ἄτερ
1717 1383 1872 1419 εὐθύνων·

1321 1438 1393 1471 ταῖς
1411 1438 1487 1472 σαῖς
1506 1437 1541 1471 ὃέ
1560 1435 1688 1481 τύχαις,
1708 1434 1794 1476 ἴσθι,
1814 1439 1986 1484 συναλγῶ.

1322 1490 1361 1522 τό
1378 1502 1415 1522 τε
1431 1489 1497 1534 γάρ
1514 1503 1567 1533 με,
1587 1489 1686 1528 δοκῶ,
1706 1488 1864 1535 ξυγγενὲς
1881 1487 1987 1526 οὕτως

1324 1540 1552 1587 ἐσαναγκάζει,

1319 1592 1424 1638 χωρίς
1442 1607 1479 1626 τε
1496 1593 1612 1639 γένους
1630 1593 1690 1627 οὐκ
1708 1594 1802 1628 ἔστιν
1819 1593 1886 1641 ὅτῳ

1320 1645 1455 1689 μείζονα
1471 1647 1590 1690 μοῖραν
1604 1645 1743 1690 νείμαιμ’
1762 1645 1782 1689 ἦ
1802 1646 1871 1680 σοί.

1320 1697 1446 1742 γνώσει
1464 1697 1500 1731 δὲ
1518 1698 1595 1731 τάδ’
1613 1697 1657 1733 ὡς
1675 1697 1778 1742 ἔτυμ’,
1798 1698 1876 1732 οὐδὲ
1893 1698 1999 1742 μάτην

1320 1750 1616 1795 χαριτογλωσσεῖν
1633 1750 1680 1784 ἔνι
1698 1759 1767 1793 μοι·
1796 1750 1882 1796 φέρε
1898 1751 1964 1796 γὰρ

1323 1799 1454 1845 σήμαιν’
1473 1800 1493 1835 ὅ
1509 1815 1542 1835 τι
1558 1800 1625 1847 χρή
1644 1815 1702 1836 σοι
1719 1802 1967 1848 ξυμπράσσειν·

1321 1852 1361 1886 οὐ
1378 1853 1444 1899 γάρ
1461 1853 1536 1888 ποτ’
1556 1854 1640 1900 ἐρεῖς
1658 1854 1702 1889 ὥς
1719 1853 1878 1889 Ὠκεανοῦ

1321 1904 1432 1949 φίλος
1449 1905 1525 1940 ἐστὶ
1541 1907 1761 1951 βεβαιότερός
1780 1920 1849 1941 σοι.

1281 1982 1291 1992 .
1318 1957 1368 1999 ἔα,
1387 1957 1422 1991 τί
1437 1959 1574 2003 χρῆμα;
1604 1958 1658 1992 καὶ
1677 1958 1722 1992 σὺ
1740 1958 1779 2001 δὴ
1797 1960 1908 1993 πόνων
1925 1958 2012 2001 ἐμῶν

1319 2007 1409 2052 ἥκεις
1427 2008 1593 2050 ἐπόπτης;
1622 2010 1694 2042 πῶς
1712 2008 1914 2051 ἐτόλμησας,
1934 2007 2043 2041 λιπὼν

1320 2059 1492 2103 ἐπώνυμόν
1509 2074 1545 2093 τε
1562 2058 1669 2105 ῥεῦμα
1687 2060 1740 2093 καὶ
1758 2059 1952 2105 πετρηρεφῆ

1318 2110 1483 2146 αὐτόκτιτ’
1504 2111 1618 2156 ἄντρα,
1638 2111 1698 2155 τὴν
1717 2109 1965 2157 σιδηρομήτορα

1321 2163 1437 2198 ἐλθεῖν
1455 2163 1489 2198 ἐς
1507 2160 1604 2202 αῖαν;
1633 2161 1653 2206 ἦ
1673 2162 1854 2209 θεωρήσων
1871 2161 1975 2207 τύχας

1321 2215 1401 2260 ἐμὰς
1418 2215 1539 2260 ἀφῖξαι
1558 2215 1611 2248 καὶ
1630 2215 1856 2259 ξυνασχαλ-ῶν
1874 2216 2005 2252 κακοῖς;

1321 2267 1439 2312 δέρκου
1458 2266 1574 2311 θέαμα,
1594 2267 1690 2301 τόνδε
1708 2263 1768 2301 τὸν
1786 2267 1866 2301 Διὸς
1883 2266 2006 2311 φίλον,

1320 2319 1379 2353 τὸν
1396 2316 1723 2365 συγκαταστήσαντα
1740 2318 1800 2362 τὴν
1817 2317 2004 2364 τυραννίδα,

1321 2369 1405 2406 οἵαις
1422 2369 1477 2405 ὑπ’
1496 2370 1598 2404 αὐτοῦ
1616 2372 1799 2415 πημοναῖσι
1818 2371 2019 2414 κάμπτομαι.

1322 2425 1401 2468 ὁρῶ,
1421 2421 1612 2468 Προμηθεῦ,
1633 2423 1687 2456 καὶ
1704 2422 1902 2468 παραινέσαι
1919 2422 1961 2467 γέ
1979 2435 2036 2455 σοι

1323 2474 1415 2509 θέλω
1433 2474 1475 2508 τὰ
1491 2475 1623 2521 λῷστα,
1644 2474 1761 2520 καίπερ
1779 2473 1850 2509 ὄντι
1866 2473 2027 2520 ποικίλῳ.

1321 2527 1490 2573 γίγνωσκε
1509 2527 1636 2560 σαυτὸν
1654 2527 1707 2560 καὶ
1724 2526 1936 2572 μεθάρμοσαι
1954 2527 2100 2571 τρόπους

1322 2579 1426 2614 νέους·
1456 2577 1528 2613 νέος
1545 2579 1611 2624 γὰρ
1630 2579 1683 2612 καὶ
1701 2577 1859 2624 τύραννος
1876 2578 1912 2612 ἐν
1930 2577 2028 2613 θεοῖς.

1323 2630 1352 2664 εἰ
1370 2629 1402 2664 δ’
1422 2629 1486 2664 ὧδε
1504 2631 1638 2676 τραχεῖς
1656 2630 1710 2664 καὶ
1727 2630 1948 2676 τεθηγμένους
1962 2631 2088 2675 λόγους

1322 2681 1449 2728 ῥίψεις,
1469 2681 1542 2726 τάχ’
1558 2682 1598 2716 ἅν
1615 2696 1681 2716 σου
1699 2682 1752 2716 καὶ
1768 2682 1897 2728 μακρὰν
1914 2681 2066 2727 ἀνωτέρω

1324 2733 1432 2768 θακῶν
1450 2732 1546 2767 κλύοι
1564 2733 1656 2773 Ζεὺς,
1677 2734 1767 2768 ὥστε
1785 2747 1843 2767 σοι
1860 2734 1919 2767 τὸν
1936 2735 1994 2767 νῦν
2010 2733 2115 2777 ὄχλον

1323 2787 1472 2831 παρόντα
1488 2785 1626 2830 μόχθων
1642 2786 1778 2820 παιδιὰν
1796 2782 1877 2820 εἶναι
1895 2785 2015 2819 δοκεῖν.

1324 2838 1415 2877 ἀλλ’,
1436 2836 1462 2871 ὦ
1479 2836 1677 2883 ταλαίπωρ’,
1697 2837 1736 2874 ἃς
1754 2838 1842 2882 ἔχεις
1860 2837 1963 2883 ὀργὰς
1979 2837 2077 2882 ἄφες,

1325 2888 1414 2933 ζήτει
1432 2889 1468 2923 δὲ
1485 2889 1589 2923 τῶνδε
1605 2890 1764 2934 πημάτων
1781 2889 1991 2935 ἀπαλλαγάς.

1324 2940 1438 2986 ἀρχαῖ’
1457 2939 1543 2976 ἴσως
1561 2955 1618 2975 σοι
1636 2941 1798 2986 φαίνομαι
1816 2941 1930 2987 λέγειν
1947 2941 2038 2975 τάδε·

1325 2995 1462 3026 τοιαῦτα
1478 2993 1591 3037 μέντοι
1609 2994 1667 3036 τῆς
1685 2992 1769 3038 ὅγαν
1785 2993 1964 3038 ὑψηγόρου

1323 3045 1500 3091 γλώσσης,
1521 3044 1711 3091 Προμηθεῦ,
1731 3045 1909 3090 τάπίχειρα
1925 3044 2085 3090 γίγνεται.

1327 3096 1372 3130 σὺ
1390 3095 1421 3130 δ’
1442 3096 1571 3131 οὐδέπω
1589 3097 1742 3131 ταπεινὸς
1760 3096 1833 3130 οὐδ’
1853 3094 1949 3131 εἴκεις
1967 3097 2089 3134 κακοῖς,

2227 291 2251 332 01

2202 461 2258 492 270

2202 722 2258 753 ²75

2200 974 2258 1005 280

2199 1288 2256 1328 285

2198 1555 2256 1584 290

2195 1817 2251 1848 295

2197 2070 2257 2100 300

2196 2590 2255 2619 3¹0

2195 2847 2254 2878 3¹5

2195 3108 2254 3138 32⁰

1325 3148 1410 3194 πρὸς
1427 3150 1496 3184 τοῖς
1513 3150 1663 3194 παροῦσι
1681 3147 1713 3182 δ’
1732 3147 1824 3182 ἅλλα
1840 3149 2052 3193 προσλαβεῖν
2071 3146 2195 3182 θέλεις.

1327 3201 1445 3234 οὔκουν
1463 3201 1576 3246 ἔμοιγε
1586 3200 1758 3245 χρώμενος
1775 3200 1969 3246 διδασκάλῳ

1324 3252 1409 3297 πρὸς
1426 3251 1545 3297 κέντρα
1563 3253 1672 3285 κῶλον
1689 3251 1840 3292 ἐκτενεῖς,
1859 3253 1946 3297 ὁρῶν
1963 3250 2015 3285 ὅτι

1325 3302 1450 3349 τραχὺς
1467 3305 1636 3349 μόναρχος
1652 3303 1728 3337 οὐδ’
1743 3301 1930 3341 μὑπεύθυνος
1947 3304 2070 3349 κρατεῖ.

1326 3355 1379 3389 καὶ
1396 3357 1454 3389 νῦν
1471 3355 1537 3401 ἐγὼ
1554 3355 1615 3399 μὲν
1631 3351 1698 3398 εἰμι
1716 3355 1770 3389 καὶ
1786 3355 1990 3400 πειράσομαι

1327 3406 1384 3440 ἐὰν
1401 3405 1546 3450 δύνωμαι
1563 3406 1668 3441 τῶνδέ
1684 3406 1718 3440 σ’
1738 3404 1878 3440 ἐκλῦσαι
1894 3408 2016 3441 πόνων·

1327 3457 1373 3492 σὺ
1391 3457 1425 3492 δ’
1444 3457 1593 3502 ἡσύχαζε
1610 3457 1688 3502 μηδ’
1708 3458 1792 3504 ἅγαν
1807 3459 2052 3503 λαβροστόμει.

1327 3512 1347 3553 ἢ
1366 3509 1425 3543 οὐκ
1443 3506 1536 3543 οἷσθ’
1555 3510 1702 3555 ἀκριβῶς
1719 3509 1765 3543 ὣν
1781 3509 2027 3554 περισσόφρων
2044 3507 2098 3542 ὅτι

1326 3561 1474 3606 γλώσσῃ
1491 3561 1613 3605 ματαίᾳ
1631 3560 1729 3604 ζηαία
1745 3560 2006 3609 προσ-τρίβεται;

2197 3364 2254 3396 325
