2488 3860
229 286 312 332 196

220 1113 274 1143 IA.

219 1265 369 1301 ΜΗ.”“

1120 280 1452 321 ΕΥΡΙΠΙΔΟΥ

324 377 451 426 σκέψαι
468 378 575 426 φόνον
592 377 663 414 οἷον
680 377 775 426 αἴρει.

321 431 379 476 μὴ,
397 432 482 478 πρὸς
497 432 647 478 γονάτων
665 445 707 466 σε
724 431 842 466 πάντες

321 484 452 520 πάντως
471 482 669 528 ἱκετεύομεν,

322 533 419 567 τέκνα
436 532 621 578 φονεύσῃς·

321 584 426 623 πόθεν
444 583 572 630 θράσος
589 582 609 628 ἢ
628 584 751 630 φρενὸς
769 583 789 631 ἢ

318 638 407 684 χειρὶ
425 638 551 674 τέκνοις
568 637 668 673 σέθεν

324 690 461 736 καρδίαν
477 705 514 725 τε
526 689 636 737 λήψει

320 743 429 778 δεινὰν
445 745 671 791 προσάγουσα
688 745 814 789 τόλμαν
830 757 839 787 ;

319 798 390 831 πῶς
407 795 436 831 δ’
455 795 587 842 ὄμματα
603 798 856 843 προσβαλοῦσα

320 848 446 885 τέκνοις
463 848 606 895 ἄδακρυν
623 851 742 895 μοῖραν

323 899 468 945 σχήσεις
484 902 593 947 φόνου
608 914 617 942 ;
646 901 686 936 οὐ
704 901 853 939 δυνάσει,

320 953 447 988 παίδων
465 954 574 988 ἷκετᾶν
590 955 783 992 πιτνόντων,

321 1004 437 1049 τέγξαι
453 1005 538 1051 χέρα
555 1005 690 1051 φοινίαν

323 1059 464 1105 τλάμονι
482 1058 576 1107 θυμῷ

327 1109 393 1153 ἥκω
412 1110 618 1146 κελευσθείς·
649 1110 701 1144 καὶ
718 1110 783 1156 γὰρ
802 1108 889 1144 οὖσα
908 1108 1072 1153 δυσμενὴς

323 1162 382 1196 οὐκ
400 1161 441 1196 ἂν
458 1163 618 1208 ἁμάρτοις
635 1162 733 1196 τοῦδέ
749 1161 794 1208 γ’,
815 1161 893 1196 ἀλλ’
913 1160 1098 1205 ἀκούσομαι

323 1214 357 1248 τί
373 1215 487 1259 χρῆμα
503 1213 625 1256 βούλει
643 1215 754 1248 καινὸν
772 1214 810 1257 ἐξ
828 1214 920 1258 ἐμοῦ,
939 1213 1047 1259 γύναι.

334 1272 448 1306 Ιασον,
468 1266 622 1311 αἰτοῦμαί
640 1280 682 1301 σε
700 1269 766 1300 τῶν
784 1265 962 1311 εἷρημένων

324 1317 533 1365 συγγνώμον’
551 1315 646 1353 εἶναι·
674 1319 733 1353 τὰς
752 1317 780 1352 δ’
801 1318 879 1362 ἐμὰς
897 1318 999 1363 ὀργὰς
1018 1318 1134 1363 φέρειν

323 1371 409 1406 εἰκός
428 1370 474 1411 σ’,
493 1371 567 1406 ἐπεὶ
584 1373 650 1418 νῷν
665 1369 767 1405 πόλλ’
787 1370 1007 1416 ὑπείργασται
1026 1372 1125 1415 φίλα.

323 1423 388 1468 ἐγὼ
408 1422 436 1457 δ’
456 1423 578 1468 ἐμαυτῇ
597 1424 651 1457 διὰ
668 1424 781 1469 λόγων
799 1422 977 1467 ἀφικόμην,

322 1475 560 1521 κάλοιδόρησα·
591 1475 748 1520 σχετλία,
768 1474 802 1508 τί
818 1475 974 1519 μαίνομαι

324 1528 377 1562 καὶ
396 1528 602 1571 δυσμεναίνω
621 1529 712 1561 τοῖσι
729 1526 955 1569 βουλεύουσιν
974 1526 1021 1567 εὖ,

325 1579 429 1625 ἐχθρὰ
448 1580 484 1614 δὲ
501 1579 598 1626 γαίας
616 1580 780 1625 κοιράνοις
798 1579 1000 1624 καθίσταμαι

322 1633 423 1667 πόσει
442 1631 489 1671 θ’,
510 1631 547 1667 ὃς
564 1631 641 1676 ἡμῖν
658 1632 721 1678 δρᾷ
739 1631 780 1665 τὰ
800 1633 1062 1678 συμφορώτατα,

294 1704 300 1710 ·
321 1683 429 1730 γήμας
447 1682 605 1730 τύραννον
622 1685 676 1718 καὶ
694 1683 913 1730 κασιγνήτους
930 1685 1056 1719 τέκνοις

324 1737 414 1779 ἐμοῖς
432 1735 587 1782 φυτεύων
602 1749 611 1776 ;
641 1736 701 1770 οὐκ
719 1735 1031 1781 ἆπαλλαχθήσομαι

323 1787 449 1832 θυμοῦ;
478 1788 512 1823 τί
528 1789 664 1833 πάσχω,
685 1787 769 1822 θεῶν
787 1789 989 1833 ποριζόντων
1007 1789 1136 1829 καλῶς;

323 1840 382 1874 οὐκ
400 1840 467 1874 εἶσὶ
484 1841 546 1885 μέν
561 1854 619 1885 μοι
636 1840 763 1883 παῖδες,
784 1837 859 1875 οἶδα
877 1841 913 1874 δὲ
930 1840 1038 1885 χθόνα

322 1890 509 1939 φεύγοντας
526 1891 610 1937 ἡμᾶς
628 1893 681 1926 καὶ
700 1892 919 1934 σπανίζοντας
937 1892 1072 1938 φίλων;

325 1942 414 1979 ταῦτ’
434 1942 609 1985 ε’ννοήσασ’
629 1940 784 1986 ᾐσθόμην
800 1940 966 1981 ἀβουλίαν

320 1989 453 2033 πολλὴν
470 1990 599 2034 ἕχουσα
617 1987 670 2022 καὶ
687 1988 792 2032 μάτην
810 1986 1007 2031 θυμουμένη.

321 2044 378 2077 νῦν
396 2040 455 2076 οὖν
472 2041 605 2080 ἐπαινῶ,
627 2040 818 2086 σωφρονεῖν
835 2039 872 2072 τέ
887 2052 944 2082 μοι
963 2038 1069 2072 δοκεῖς

323 2094 419 2138 κῆδος
436 2094 506 2128 τόδ’
523 2092 600 2136 ἡμῖν
616 2091 837 2138 προσλαβὼν,
859 2090 924 2136 ἐγὼ
942 2089 970 2124 δ’
989 2089 1119 2135 ἄφρων,

320 2143 342 2190 ᾗ
358 2147 443 2192 χρῆν
459 2146 603 2190 μετεῖναι
621 2144 724 2178 τῶνδε
741 2146 807 2177 τῶν
823 2142 1063 2186 βουλευμάτων

322 2199 376 2232 καὶ
394 2196 626 2244 ξυμπεραίνειν
643 2197 697 2230 καὶ
713 2194 919 2241 παρεστάναι
935 2194 1043 2238 λέχει,

321 2249 455 2295 νύμφην
472 2264 509 2284 τε
527 2246 732 2292 κηδεύουσαν
749 2246 890 2292 ἥδεσθαι
909 2245 1020 2280 σέθεν.

323 2301 400 2336 ἀλλ’
421 2302 523 2345 ἐσμὲν
540 2298 610 2336 οἷόν
628 2301 742 2345 ἐσμεν,
762 2299 822 2333 οὐκ
840 2298 905 2345 ε’ρῶ
923 2299 1033 2337 κακὸν,

325 2356 483 2401 γυναῖκες·
512 2355 632 2388 οὔκουν
648 2351 713 2398 χρή
734 2351 767 2386 σ’
787 2349 986 2396 ὁμοιοῦσθαι
1005 2352 1126 2388 κακοῖς,

323 2405 392 2441 οὐδ’
411 2405 600 2441 ἀντιτείνειν
618 2403 704 2449 νήπι’
723 2404 796 2439 ἀντὶ
814 2402 950 2447 νηπίων.

323 2457 541 2505 παριέμεσθα,
563 2457 616 2492 καί
633 2459 745 2503 φαμεν
763 2459 868 2491 κακῶς
885 2455 1025 2501 φρονεῖν

323 2509 404 2551 τότ’,
424 2511 503 2545 ἀλλ’
520 2509 653 2554 ἄμεινον
671 2511 728 2543 νῦν
745 2506 974 2552 βεβούλευμαι
992 2505 1082 2541 τάδε.

325 2562 351 2596 ὦ
369 2562 465 2597 τέκνα
482 2562 590 2602 τέκνα,
610 2562 716 2600 δεῦτε,
735 2561 870 2595 λείπετε
889 2558 1024 2605 στέγας,

325 2613 488 2658 ἐξέλθετ’,
509 2613 715 2649 ἀσπάσασθε
734 2613 787 2647 καὶ
803 2611 1011 2658 προσείπατε

324 2666 451 2713 πατέρα
467 2666 546 2711 μεθ’
565 2665 668 2710 ἡμῶν,
688 2665 740 2699 καὶ
759 2662 986 2709 διαλλάχθηθ’
1005 2663 1072 2707 ἅμα

325 2720 384 2763 τῆς
400 2718 550 2762 πρόσθεν
567 2717 690 2763 ἔχθρας
708 2717 741 2753 ἐς
759 2717 883 2762 φίλους
901 2715 1025 2761 μητρὸς
1042 2713 1137 2759 μέτα·

327 2771 471 2805 σπονδαὶ
488 2770 553 2817 γὰρ
571 2769 659 2814 ἡμῖν,
680 2770 732 2804 καὶ
750 2768 954 2813 μεθέστηκεν
971 2768 1090 2812 χόλος.

325 2822 479 2865 λάβεσθε
496 2823 609 2868 χειρὸς
627 2822 749 2864 δεξιᾶς.
780 2819 868 2864 οἴμοι
887 2822 1006 2853 κακῶν·

329 2875 373 2911 ὣς
391 2875 562 2918 ἐννοοῦμαι
581 2872 620 2917 δή
640 2887 671 2907 τι
690 2877 754 2907 τῶν
773 2871 1013 2918 κεκρυμμένων.

327 2925 391 2973 ἆρ’,
412 2926 437 2960 ὦ
455 2925 551 2965 τέκν’,
572 2923 658 2959 οὕτω
678 2925 730 2958 καὶ
748 2924 856 2959 πολὺν
875 2924 993 2965 ζῶντες
1010 2923 1133 2969 χρόνον

328 2979 436 3023 φίλην
453 2977 580 3024 ὄρέξετ’
600 2977 748 3020 ὠλένην;
778 2974 904 3010 τάλαιν’
925 2975 1002 3020 ἐγὼ,

329 3032 373 3067 ὡς
386 3028 582 3076 ἀρτίδακρύς
600 3028 665 3073 εἶμι
684 3029 736 3062 καὶ
754 3028 869 3073 φόβου
887 3026 985 3061 πλέα.

327 3084 438 3129 χρόνῳ
457 3082 493 3117 δε
511 3084 617 3116 νεῖκος
634 3082 758 3126 πατρὸς
777 3078 989 3125 ἐξαιρουμένη

302 3150 307 3157 ’
329 3135 422 3199 ὄψιν
431 3134 577 3199 τέρειναν
593 3131 680 3177 τήνδ
701 3133 835 3175 ἕπλησα
853 3129 1012 3175 δακρύων.

229 3194 299 3223 XO.

328 3187 425 3231 κάμοὶ
444 3185 512 3220 κατ’
532 3184 650 3219 ὅσσων
666 3184 802 3229 χλωρὸν
820 3180 953 3227 ὡρμήθη
974 3182 1087 3226 δάκρυ·

330 3239 383 3273 καὶ
399 3238 444 3282 μὴ
462 3237 608 3284 προβαιη
626 3234 772 3280 μεῖζον
756 3250 775 3278 η
794 3235 832 3268 τὸ
852 3236 909 3268 νῦν
927 3234 1036 3267 κακόν.

330 3289 422 3329 αἶνῶ,
440 3289 548 3336 γύναι,
568 3287 652 3326 τάδ’,
672 3286 741 3321 οὐδ’
761 3287 867 3320 ἐκεῖνα
884 3286 1068 3346 μέμφομαι·

330 3342 416 3377 εἰκὸς
432 3342 498 3388 γὰρ
516 3340 618 3387 ὀργὰς
636 3339 722 3383 θῆλυ
739 3336 909 3373 ποιεῖσθαι
925 3337 1033 3382 γένος,

329 3395 456 3442 γάμους
473 3393 755 3438 παρεμπολῶντος
773 3388 945 3428 ἀλλοίους,
966 3389 1078 3422 πόσει-

330 3444 409 3482 άλλ’
428 3445 462 3481 ἔς
478 3445 517 3479 τὸ
534 3445 625 3491 λῷον
644 3443 706 3477 σὸν
722 3441 925 3486 μεθέστηκεν
943 3439 1033 3485 κέαρ,

331 3499 434 3543 ἔγνως
451 3497 486 3532 δὲ
504 3496 564 3540 τὴν
582 3498 726 3530 νικῶσαν
743 3493 835 3528 ἀλλὰ
852 3493 899 3540 τῷ
915 3494 1026 3538 χρόνῳ

330 3547 470 3596 βουλήν·
497 3547 652 3595 γυναικὸς
669 3547 751 3594 ἔργα
768 3547 871 3580 ταῦτα
889 3545 1081 3590 σώφρονος.

1192 798 1254 829 860

1193 1059 1280 1098 865

1197 1844 1281 1876 880

1194 2091 1255 2135 885

1197 2351 1262 2392 890

1200 2881 1262 2913 900

1201 3141 1259 3172 905

1278 1002 1358 1031 {Id-X

1405 378 1495 418 ὑμῶν
1513 376 1562 411 δέ,
1579 374 1711 414 παῖδες,
1729 374 1789 408 οὐκ
1806 373 2167 421 ἀφροντιοτωςπατὴρ

1404 424 1538 469 πολλὴν
1556 424 1652 467 ἔθηκε
1670 425 1734 459 σὺν
1752 425 1839 461 θεοῖς
1857 427 2055 473 προμηθίαν·

1405 474 1496 519 οἶμαι
1513 477 1579 521 γὰρ
1599 477 1682 520 ὑμᾶς
1699 477 1804 521 τῆσδε
1820 480 1882 524 γῆς
1900 478 2077 524 Κορινθίας

1405 529 1446 562 τὰ
1463 528 1565 574 πρῶτ’
1586 528 1729 563 ἔσεσθαι
1745 528 1806 572 ξὺν
1824 530 2035 576 κασιγνήτοις
2052 532 2113 566 ἔτι.

1404 579 1482 614 ἀλλ’
1502 579 1698 623 αὐξάνεσθε·
1728 580 1839 616 τᾶλλα
1857 581 1885 617 δ’
1905 583 2114 629 ἐξεργάζεται

1404 631 1513 678 πατήρ
1532 646 1568 666 τε
1587 633 1640 667 καὶ
1658 632 1743 667 θεῶν
1760 632 1856 669 ὅστις
1874 634 1967 669 ἐστὶν
1985 634 2120 679 εὐμενής

1403 682 1507 728 ἰ’δοιμι
1526 684 1554 718 δ’
1573 684 1658 729 ὑμᾶς
1676 685 1853 731 εὐτραφεῖς
1870 686 1954 730 ἥβης
1971 687 2070 722 τέλος

1404 737 1580 780 μολόντας,
1601 736 1732 783 ἐχθρῶν
1749 740 1815 771 τῶν
1833 738 1918 781 ἐμῶν
1937 738 2146 785 ὑπερτέρους.

1404 786 1498 831 αὕτη,
1518 788 1552 823 τί
1567 790 1715 835 χλωροῖς
1733 788 1885 834 δακρύοις
1903 790 2031 836 τέγγεις
2049 792 2158 837 κόρας.

1406 840 1592 886 στρέψασα
1608 841 1731 884 λευκὴν
1749 842 1892 884 ἔμπαλιν
1908 843 2065 888 παρηίδα,

1405 892 1483 926 κούκ
1502 892 1629 936 ἀσμένη
1648 891 1734 927 τόνδ’
1755 892 1792 936 ἐξ
1811 894 1890 938 ἐμοῦ
1909 895 1999 939 δέχει
2016 895 2142 941 λόγον;

1399 944 1506 978 οὐδέν·
1537 944 1659 978 τέκνων
1676 944 1771 979 τῶνδ’
1792 945 1983 990 ἐννοουμένη
2002 947 2091 991 πέρι.

1406 995 1525 1042 θάρσει
1544 1004 1613 1031 νυν·
1642 995 1679 1031 εὖ
1696 997 1760 1043 γὰρ
1777 996 1872 1032 τῶνδ’
1894 998 1960 1043 ἐγὼ
1981 996 2077 1043 θήσω
2095 996 2184 1042 πέρι.

1403 1049 1519 1094 δράσω
1537 1048 1621 1083 τάδ’·
1651 1050 1744 1083 οὗτοι
1764 1051 1837 1084 σοῖς
1855 1048 2033 1094 ἀπιστήσω
2051 1052 2179 1097 λόγοις·

1403 1099 1485 1147 γυνὴ
1505 1100 1540 1135 δὲ
1560 1100 1646 1145 θῆλυ
1664 1101 1743 1135 κάπὶ
1761 1100 1913 1147 δακρύοις
1931 1103 2010 1147 ἔφυ.

1405 1152 1438 1186 τί
1456 1152 1508 1196 δὴ,
1528 1154 1678 1192 τάλαινα,
1699 1152 1807 1187 τοῖσδ’
1827 1153 2009 1190 ἐπιστένεις
2026 1154 2171 1192 rimam:

1402 1205 1530 1238 ἔτικτον
1547 1203 1677 1240 αὐτούς·
1709 1206 1766 1249 ζῆν
1784 1204 1812 1239 δ’
1831 1204 1878 1239 ὅτ’
1899 1205 2042 1251 ἐξηύχου
2060 1207 2167 1245 τέκνα,

1399 1256 1542 1300 εἰσῆλθέ
1553 1256 1586 1300 μ’
1600 1253 1708 1292 οἶκτος
1727 1257 1755 1290 εἶ
1773 1256 1949 1303 γενήσεται
1966 1259 2057 1292 τάδε.

1403 1308 1481 1342 ἀλλ’
1502 1309 1610 1354 ὦνπερ
1629 1307 1733 1343 οὕνεκ’
1753 1308 1800 1344 εἷς
1819 1309 1916 1353 ἐμοὺς
1933 1310 2021 1355 ἥκεις
2038 1312 2173 1357 λόγους,

1403 1361 1445 1394 τὰ
1462 1361 1522 1405 μὲν
1539 1362 1707 1400 λέλεκται,
1728 1364 1793 1396 τῶν
1811 1361 1839 1396 δ’
1859 1362 1923 1408 ἐγὼ
1941 1361 2188 1407 μνησθήσομαι.

1404 1413 1475 1448 ἐπεὶ
1493 1415 1663 1457 τυράννοις
1680 1415 1742 1460 γῆς
1758 1412 1791 1458 μ’
1811 1414 2011 1448 ἀποστεῖλαι
2029 1415 2128 1453 δοκεῖ,

1403 1465 1501 1510 κάμοὶ
1519 1465 1589 1500 τάδ’
1610 1466 1684 1500 ἐστὶ
1702 1467 1831 1514 λῷστα,
1850 1467 2027 1513 γιγνώσκω
2046 1469 2165 1506 καλῶς,

1402 1517 1477 1563 μήτ’
1498 1518 1650 1562 ἐμποδὼν
1669 1519 1725 1552 σοὶ
1743 1517 1825 1563 μήτε
1844 1519 2006 1563 κοιράνοις
2024 1518 2145 1563 χθονὸς·

1404 1570 1516 1609 ναίειν,
1538 1571 1624 1604 δοκῶ
1642 1570 1708 1616 γὰρ
1726 1570 1891 1614 δυσμενὴς
1909 1567 1991 1605 εἶναι
2009 1571 2134 1615 δόμοις,

1403 1622 1496 1666 ἡμεῖς
1512 1622 1574 1666 μὲν
1591 1623 1626 1656 ἐκ
1643 1624 1705 1668 γῆς
1723 1622 1819 1667 τῆσδ’
1839 1622 2022 1668 ἅπαίρομεν
2039 1624 2143 1669 φυγῇ,

1402 1675 1518 1710 παῖδες
1536 1674 1564 1709 δ’
1584 1674 1672 1710 ὅπως
1691 1674 1731 1709 ἂν
1749 1675 1943 1720 ἐκτραφῶσι
1963 1677 2007 1719 σῇ
2024 1676 2112 1720 χερὶ,

1403 1726 1497 1761 αἰτοῦ
1516 1727 1663 1773 Κρέοντα
1681 1725 1778 1770 τήνδε
1794 1727 1839 1772 μὴ
1858 1726 1997 1773 φεύγειν
2014 1726 2131 1772 χθόνα.

1301 1784 1358 1813 ΙΑ.
1405 1779 1464 1813 οὐκ
1482 1775 1581 1813 ocss‘*
1564 1794 1603 1813 av
1621 1779 1650 1813 εἶ
1667 1779 1831 1823 πείσαιμι,
1851 1779 2032 1825 πειρᾶσθαι
2050 1779 2086 1814 δε
2103 1779 2182 1825 χρή.

1301 1836 1333 1866 Μ
1340 1837 1382 1865 H
1400 1831 1444 1865 σὺ
1463 1830 1490 1865 δ’
1509 1831 1601 1865 ἀλλὰ
1621 1831 1685 1875 σὴν
1702 1830 1866 1866 κέλευσον
1883 1830 2048 1866 αἰτεῖσθαι
2065 1846 2189 1878 vra-rpus·

1402 1885 1540 1929 γυναῖκα
1557 1884 1678 1919 παῖδας
1695 1882 1792 1928 τήνδε
1809 1884 1853 1928 μὴ
1873 1882 2012 1929 φεύγειν
2028 1883 2146 1928 χθόνα.

1404 1937 1565 1980 μάλιστα,
1586 1936 1639 1970 καὶ
1656 1936 1788 1970 πείσειν
1803 1951 1843 1982 γε
1862 1936 1990 1979 δοξάζω
2009 1935 2072 1980 σφ’
2094 1936 2169 1982 ἐγὼ,

1404 1983 1496 2031 ε’ίπερ
1513 1988 1675 2031 γυναικῶν
1693 1985 1768 2019 ἐστι
1786 1989 1851 2020 τῶν
1864 1985 1979 2019 ἄλλων
1996 1985 2067 2029 μία.

1403 2036 1625 2083 ξυλλήψομαι
1644 2037 1679 2071 δὲ
1698 2037 1796 2071 τοῦδέ
1814 2051 1871 2071 σοι
1889 2037 1979 2083 κάγὼ
1996 2038 2110 2071 πόνου·

1404 2090 1531 2136 πέμψω
1549 2092 1614 2135 γὰρ
1632 2089 1713 2133 αὐτῇ
1731 2088 1820 2135 δῶρ’,
1840 2088 1861 2123 ἃ
1879 2088 2133 2123 καλλιστεύεται

1405 2145 1470 2176 τῶν
1488 2144 1545 2176 νῦν
1563 2142 1598 2176 ἐν
1614 2141 1851 2187 ἀνθρώποισιν,
1872 2138 1931 2175 οἶδ’
1953 2141 2029 2187 ἐγὼ.
2049 2143 2149 2178 πολὺ,

1406 2196 1530 2229 λεπτόν
1547 2208 1583 2228 τε
1601 2192 1731 2228 πέπλον
1749 2194 1802 2227 καὶ
1819 2194 1948 2228 πλόκον
1964 2192 2182 2238 χρυσήλατον

1405 2247 1524 2282 παῖδας
1541 2245 1718 2292 φέροντας.
1739 2245 1816 2280 ἀλλ’
1836 2245 1920 2279 ὅσον
1937 2246 2040 2289 τάχος
2057 2246 2166 2290 χρεὼν

1405 2301 1532 2342 κόσμον
1550 2298 1692 2343 κομίζειν
1709 2298 1807 2344 δεῦρο
1825 2298 2033 2343 προσπόλων
2050 2298 2133 2332 τινά.

1406 2349 1638 2396 εὐδαιμονήσει
1656 2350 1685 2385 δ’
1704 2350 1768 2395 οὐχ
1787 2349 1833 2389 ἓν,
1853 2350 1943 2384 ἀλλὰ
1961 2350 2072 2396 μυρία,

1405 2404 1522 2449 ἀνδρός
1539 2402 1567 2437 τ’
1586 2402 1727 2449 ἆρίστου
1746 2405 1810 2437 σοῦ
1828 2401 1967 2447 τυχοῦσ’
1988 2403 2173 2446 ὁμευνέτου,

1406 2455 1581 2500 κεκτημένη
1600 2469 1635 2489 τε
1654 2457 1781 2499 κόσμον
1799 2454 1836 2489 ὅν
1853 2454 1933 2489 ποθ’
1948 2453 2073 2490 ”Ηλιος

1405 2509 1530 2554 πατρὸς
1546 2507 1654 2553 πατὴρ
1673 2508 1811 2542 δίδωσιν
1829 2508 2016 2554 ἐκγόνοισιν
2034 2504 2095 2542 οἷς.

1405 2559 1555 2603 λάζυσθε
1574 2560 1699 2606 φερνὰς
1716 2560 1832 2599 τάσδε,
1851 2561 1977 2598 παῖδες,
1998 2559 2031 2594 ἐς
2048 2559 2158 2605 χέρας,

1406 2614 1459 2647 καὶ
1477 2615 1515 2657 τῇ
1534 2613 1681 2660 τυράννῳ
1699 2612 1842 2658 μακαρίᾳ
1859 2611 1972 2657 νύμφῃ
1992 2611 2067 2646 δότε

1406 2665 1577 2711 φέροντες·
1608 2666 1699 2698 οὔτοι
1718 2665 1807 2710 δῶρα
1823 2664 1956 2708 μεμπτὰ
1974 2664 2115 2707 δέξεται.

1403 2718 1436 2752 τί
1454 2715 1494 2756 δ’,
1515 2716 1540 2750 ὦ
1557 2716 1690 2761 ματαία.
1709 2717 1812 2751 τῶνδε
1829 2717 1894 2752 σὰς
1911 2718 2015 2751 κενοῖς
2032 2718 2158 2762 χέρας;

1406 2770 1512 2804 δοκεῖς
1531 2769 1702 2812 σπανίζειν
1720 2769 1812 2813 δῶμα
1824 2769 2008 2811 βασίλειον
2025 2769 2171 2804 πέπλων.

1406 2822 1512 2857 δοκεῖς
1531 2821 1567 2856 δὲ
1584 2823 1741 2867 χρυσοῦ;
1771 2821 1870 2863 σῶζε,
1889 2821 1934 2866 μὴ
1953 2821 2057 2859 δίδου,
2077 2821 2166 2854 τάδε.

1406 2872 1498 2938 εἴπερ
1515 2874 1580 2920 γὰρ
1598 2873 1682 2917 ἡμᾶς
1699 2873 1790 2916 ἀξιοῖ
1804 2875 1910 2919 λόγου
1928 2874 2016 2908 τινὸς

1406 2927 1500 2972 γυνὴ,
1520 2924 1685 2971 προθήσει
1699 2926 1888 2972 χρημάτων,
1909 2923 1993 2970 σάφ’
2013 2921 2074 2959 οἷδ’
2094 2924 2170 2970 ε’γώ.

1305 2984 1386 3014 ΜΗ.
1402 2977 1446 3022 μή
1464 2992 1521 3022 μοι
1541 2976 1596 3012 σύ·
1626 2977 1752 3012 πείθειν
1770 2978 1859 3024 δῶρα
1877 2978 1930 3012 καὶ
1948 2976 2042 3012 θεοὺς
2059 2978 2173 3022 λόγος·

1405 3031 1534 3077 χρυσὸς
1552 3030 1589 3064 δὲ
1606 3029 1775 3076 κρείσσων
1791 3029 1916 3076 μυρίων
1931 3031 2044 3075 λόγων
2059 3030 2206 3074 βροτοῖς.

1407 3083 1512 3125 κείνης
1530 3083 1548 3115 ὁ
1567 3082 1702 3126 δαίμων,
1723 3084 1812 3116 κεῖνα
1829 3084 1886 3116 νῦν
1903 3081 1996 3125 αὔξει
2014 3080 2099 3120 θεὸς,

1408 3134 1463 3168 νέα
1481 3136 1643 3179 τυραννεῖ·
1670 3138 1736 3169 τῶν
1753 3133 1782 3168 δ’
1802 3134 1888 3178 ἐμῶν
1903 3133 2030 3168 παίδων
2048 3132 2159 3178 φυγὰς

1407 3186 1524 3231 ψυχῆς
1542 3186 1582 3219 ἂν
1599 3185 1836 3230 ἀλλαξαίμεθ’,
1854 3185 1893 3220 οὗ
1910 3187 2043 3231 χρυσοῦ
2059 3186 2172 3228 μόνον.

1407 3237 1498 3277 ἀλλ’,
1519 3237 1544 3271 ὦ
1562 3237 1658 3278 τέκν’,
1678 3237 1870 3272 εἰσελθόντε
1886 3236 2074 3272 πλουσίους
2091 3236 2212 3280 δόμους

1407 3290 1532 3335 πατρὸς
1550 3289 1624 3324 νέαν
1641 3291 1788 3337 γυναῖκα,
1808 3289 1967 3324 δεσπότιν
1984 3287 2013 3324 δ’
2035 3288 2126 3332 ε’μὴν,

1408 3340 1572 3381 ἱκετεύετ’,
1593 3341 1779 3385 ἐξαιτεῖσθε
1795 3342 1840 3386 μὴ
1858 3339 1996 3387 φεύγειν
2011 3339 2129 3386 χθόνα,

1408 3395 1535 3437 κόσμον
1553 3394 1710 3430 διδόντες·
1739 3393 1838 3428 τοῦδε
1852 3393 1918 3439 γὰρ
1934 3393 2085 3436 μάλιστα
2101 3391 2161 3429 δεῖ.

1409 3445 1442 3480 ἐς
1459 3445 1542 3491 χεῖρ’
1563 3446 1687 3490 ἐκείνην
1705 3446 1795 3491 δῶρα
1812 3443 1973 3488 δέξασθαι
1990 3443 2080 3478 τάδε.

1407 3495 1456 3531 ἴθ’
1475 3498 1518 3532 ὡς
1535 3498 1692 3543 τάχιστα·
1721 3497 1820 3541 μητρὶ
1838 3495 1866 3531 δ’
1885 3496 1930 3530 ὧν
1948 3496 2007 3542 ε’ρᾷ
2023 3496 2134 3540 τυχεῖν

1407 3548 1585 3596 εὖάγγελοι
1601 3548 1757 3595 γένοισθε
1773 3548 1956 3595 πράξαντες
1973 3549 2095 3584 καλῶς.

1278 949 1379 977 ΜΗ

1302 1053 1385 1083 MH.

1301 1158 1358 1187 IA.

1302 1210 1384 1240 ΜΗ.

1302 1941 1358 1970 IA.

1303 2044 1385 2073 ΜΗ.

1305 2723 1358 2752 [Α.

2280 1742 2342 1771 (5⁴0

2279 1999 2337 2029 9⁴5

2281 2259 2341 2290 930

2280 2522 2313 2549 ⁴35
2322 2521 2337 2550 5

2279 3034 2337 3071 9.(»5

2279 3301 2340 3332 970

2278 3560 2336 3592 915
