2488 3860
756 746 1250 804 ΕΥΡΙΠΙΔΟΥ
1326 747 1698 802 ΚΎΚΛΩΨ.

553 1153 794 1186 ΣΕῘΛΗΝΟΣ.

243 1198 291 1237 Ὠ
310 1202 444 1247 Βρόμιε,
465 1201 522 1236 διὰ
540 1203 582 1238 σὲ
599 1203 739 1248 μυρίους
755 1202 823 1248 ἔχω
841 1203 962 1240 πόνους

248 1257 307 1290 νῦν
323 1253 405 1300 χῶτ’
424 1253 462 1288 ε’ν
478 1253 547 1299 ἥβῃ
566 1256 693 1301 τούμὸν
709 1256 868 1292 ηὗσθένει
887 1255 1000 1301 δέμας·

247 1311 382 1351 πρῶτον
399 1307 460 1353 μὲν
479 1305 563 1351 ἡνίκ’
584 1308 732 1355 ἐμμανὴς
745 1307 857 1355 Ἥρας
875 1308 942 1345 ὕπο

250 1360 400 1407 Νύμφας
417 1359 531 1406 ὀρείας
550 1361 701 1397 ἐκλιπὼν
718 1361 814 1411 ᾤχου
832 1360 996 1409 τροφοῦς“

250 1413 366 1449 ἔπειτα
384 1413 413 1449 δ’
432 1414 523 1461 ἀμφὶ
539 1416 665 1463 γηγενῆ
682 1417 796 1461 μάχην
813 1416 913 1464 δορὸς

249 1467 398 1511 ἐνδέξιος
417 1469 470 1516 σῷ
488 1469 568 1504 ποδὶ
586 1468 831 1514 παρασπιστὴς
846 1470 956 1517 γεγὼς

247 1520 459 1566 Ἐγκέλαδον
477 1520 568 1556 ἷτέαν
585 1523 695 1567 μέσην
713 1522 819 1558 θενὼν
835 1523 911 1570 δορὶ

247 1573 388 1608 ἔκτεινα.
444 1573 523 1620 φέρ’
541 1573 615 1617 ἰ’δω,
634 1573 728 1610 τοῦτ’
748 1576 829 1611 ἰδὼν
847 1574 929 1623 ὄναρ
945 1576 1061 1623 λέγω,·

247 1627 286 1661 οὐ
304 1627 351 1672 μὰ
369 1626 440 1666 Δί’,
460 1627 534 1662 ἐπεὶ
552 1629 606 1663 καὶ
625 1627 728 1664 σκῦλ’
748 1627 861 1672 ἔδειξα
877 1629 1023 1679 Βακχίῳ.

249 1680 302 1714 καὶ
322 1682 380 1715 νῦν
398 1679 533 1715 ἐκείνων
549 1681 675 1726 μείζον’
694 1682 847 1726 ἔξαντλῶ
862 1685 979 1718 πόνον·

247 1733 320 1768 ἐπεὶ
336 1734 404 1780 γὰρ
416 1731 511 1778 Ἦρα
530 1748 588 1769 σοι
606 1736 704 1782 γένος
721 1737 933 1780 Τυρσηνικὸν

248 1788 389 1831 λῃστῶν
406 1787 572 1833 ε’πῶρσεν,
593 1789 638 1825 ὣς
655 1785 809 1834 ὁδηθείης
824 1789 967 1835 μακρὰν,

238 1839 314 1885 ’ἐγὼ
332 1838 522 1884 πυθόμενος
540 1841 606 1876 σὺν
622 1841 773 1883 τέκνοισι
790 1843 970 1878 ναυστολῶ

250 1891 352 1928 σέθεν
370 1893 454 1928 κατὰ
473 1892 624 1939 ζήτησιν.
679 1896 716 1931 ἐν
731 1894 870 1941 πρύμνη
886 1894 915 1930 δ’
934 1895 1019 1943 ἄκρᾳ

247 1946 347 1983 αὐτὸς
363 1947 484 1987 λαβὼν
501 1942 645 1991 ηὔθυνον
661 1949 819 1996 ἀμφῆρες
837 1949 933 1996 δόρυ,

245 1999 364 2036 παῖδές
380 1999 411 2034 τ’
430 2000 582 2045 ἐρετμοῖς
597 2000 724 2046 ἥμενοι,
745 2003 900 2049 γλαυκὴν
917 2003 985 2039 ἅλα

247 2051 395 2097 ῥοθίοισι
412 2052 655 2097 λευκαίνοντες,
674 2054 813 2100 ἐζήτουν
830 2054 879 2097 σ’,
898 2055 992 2099 ἄναξ.

247 2105 308 2150 ἤδη
329 2106 365 2141 δέ
386 2106 525 2144 Μαλέας
542 2108 695 2152 πλησίον
710 2110 945 2144 πεπλευκότας

246 2159 440 2203 ἀπηλιώτης
457 2159 579 2205 ἄνεμος
595 2160 787 2203 ἐμπνεύσας
805 2161 881 2209 δορὶ

247 2210 415 2256 ἐξέβαλεν
432 2210 519 2257 ἡμᾶς
536 2211 630 2259 τήνδ’
647 2213 683 2251 ἐς
700 2215 860 2251 Αἰτναίαν
875 2215 1014 2262 πέτραν,

247 2262 289 2299 ἵν’
309 2266 341 2299 οἱ
356 2268 510 2310 μονῶπες
526 2267 666 2302 ποντίου
682 2268 800 2305 παῖδες
817 2268 898 2304 θεοῦ

247 2317 432 2355 Κύκλωπες
450 2317 582 2355 οἶκοῦσ’
603 2320 696 2368 ἄντρ’
715 2321 810 2367 ἴρημ’
829 2321 1054 2369 ἀνδροκτόνοι.

212 2393 219 2399 ·
244 2371 373 2408 τούτων
389 2372 461 2408 ἑνὸς
479 2373 671 2418 ληφθέντες
688 2374 794 2420 ε’σμὲν
811 2373 848 2409 έν
865 2375 982 2420 δόμοις

246 2425 376 2460 δοῦλοι·
405 2427 552 2461 καλοῦσι
569 2426 600 2462 δ’
618 2428 720 2462 αὐτὸν
739 2424 767 2476 ᾧ
784 2428 994 2474 λατρεὺομεν

244 2477 473 2525 Πολῦφημον.
512 2479 586 2514 ἀντὶ
603 2479 634 2515 δ’
652 2480 751 2515 εὐίων
766 2483 1014 2527 βακχευμάτων

243 2531 385 2575 ποίμνας
405 2530 594 2569 Κύκλωπος
609 2530 752 2569 ἀνοσίου
767 2534 1000 2579 ποιμαίνομεν.
1039 2534 1050 2581 ‚‘

245 2585 363 2620 παῖδες
380 2586 442 2631 μὲν
459 2583 520 2620 οὖν
535 2599 594 2631 μοι
611 2586 758 2622 κλιτύων
775 2586 812 2622 ἔν
827 2588 990 2632 ἐσχάτοις

246 2637 386 2675 νέμουσι
405 2639 509 2683 μῆλα,
529 2638 655 2674 νεανίαι
671 2641 874 2686 πεφυκότες,

248 2690 316 2738 ἐγὼ
335 2692 372 2726 δὲ
389 2691 544 2736 πληροῦν
559 2691 691 2738 πίστρα
709 2693 763 2728 καὶ
781 2694 914 2740 σαίρειν
931 2691 1058 2740 στέγας

249 2743 358 2788 μένων
374 2745 537 2791 τέταγμαι
553 2744 673 2787 τάσδε,
693 2746 742 2794 τῷ
757 2760 795 2781 τε
812 2746 984 2789 δυσσεβεῖ

248 2796 412 2832 Κύκλωπι
430 2797 573 2832 δείπνων
589 2797 737 2834 ἀνοσίων
754 2799 919 2836 διάκονος.

208 2877 212 2880 -
249 2850 304 2886 καὶ
321 2852 381 2884 νῦν
396 2851 439 2885 τὰ
458 2849 712 2896 προσταχθέντ’
730 2850 918 2900 ἀναγκαίως
934 2853 1017 2899 ἔχει,

248 2902 380 2950 σαίρειν
399 2904 524 2949 σιδηρᾷ,
540 2903 623 2949 τῇδέ
636 2902 672 2949 μ’
691 2906 827 2951 ‹ipa-«im
846 2906 980 2951 δόμους,

247 2957 294 2992 ὣς
311 2959 371 2991 τόν
388 2956 418 2991 τ’
438 2956 567 2992 ἀπόντα
580 2957 754 2997 δεσπότην
770 2957 931 2995 Κύκλωπ’
951 2957 1032 3003 ἐμὸν

249 3008 449 3047 καθαροῖσιν
466 3010 600 3056 ἄντροις
617 3011 711 3056 μῆλά
728 3010 758 3045 τ’
777 3010 1009 3057 ἐσδεξῶμεθα.

249 3063 311 3107 ἤδη
330 3062 368 3098 δὲ
385 3063 507 3099 παῖδας
523 3064 777 3109 προσνέμοντας
796 3063 922 3112 εἰσορῶ

247 3116 401 3156 ποίμνας.
440 3115 475 3150 τί
490 3118 620 3156 ταῦτας
646 3119 719 3162 μῶν
737 3119 856 3162 κρότος
874 3116 1046 3155 σικινίδων

249 3167 366 3213 ὅμοιος
384 3169 463 3214 ὑμῖν
479 3171 539 3204 νῦν
555 3183 594 3204 τε
611 3168 702 3215 χῶτε
719 3170 856 3220 Βακχίῳ

248 3223 348 3271 κώμῳ
366 3221 632 3265 συνασπίζοντες
648 3222 811 3260 Ἀλθαίας
828 3225 951 3269 δόμους

247 3274 393 3320 προσῇτ’
411 3275 540 3310 ἀοιδαῖς
557 3275 735 3322 βαρβίτων
752 3276 980 3323 σαυλούμενοι
990 3291 1003 3318 3

145 3328 217 3363 ΧΟ.
244 3329 294 3362 πᾶ
310 3327 351 3373 δή
369 3342 428 3372 μοι
443 3327 606 3375 γενναίων
620 3329 683 3374 μὲν
698 3329 865 3375 πατέρων,

251 3383 413 3425 γενναίων
430 3381 461 3417 δ’
482 3382 519 3416 ἐκ
535 3381 695 3426 τοκάδων,

249 3435 298 3469 πᾶ
314 3431 355 3477 δή
371 3447 430 3478 μοι
448 3435 563 3470 νίσσει
581 3435 781 3471 σκοπέλους
792 3448 805 3475 3

249 3487 290 3520 οὐ
307 3486 378 3532 τᾷδ’
398 3486 566 3532 ὑπήνεμοι·
581 3490 668 3534 αὔρα

252 3538 307 3573 καὶ
323 3540 448 3585 ποιηρὰ
464 3541 606 3582 βοτάνα,

250 3590 360 3629 &vair
376 3590 410 3629 δ’
428 3590 521 3639 ὕδωρ
535 3595 706 3640 wop&-

1050 3256 1088 3294 ζα.

1061 3189 1114 3236 ῑ-,ῖῗῖ

1167 1698 1206 1721 10

1161 2229 1203 2252 20

1162 3024 1199 3057 35

1161 3284 1213 3320 40'

1125 3343 1201 3375 στρ.

1161 3552 1203 3586 45

1242 3015 1308 3045 ΣΕ.

1242 3121 1314 3151 XO.

1242 3174 1309 3204 ΣΕ.

1354 1151 1390 1186 ἐν
1408 1150 1568 1194 πίστραις
1586 1152 1691 1186 κεῖται
1710 1150 1823 1188 πέλας
1840 1150 1897 1187 (ἵν-

1354 1218 1453 1248 τρων,
1474 1203 1513 1239 οὗ
1533 1218 1592 1239 σοι
1609 1203 1743 1250 βλαχαὶ
1759 1204 1894 1240 τεκέων.

1355 1255 1474 1302 ψύττ’,
1493 1258 1534 1292 οὐ
1551 1254 1626 1293 τάδ’
1645 1252 1763 1292 οὖνού
1780 1258 1861 1293 τάδε
1878 1255 1983 1302 νεμεῖ,

1357 1306 1427 1344 οὐδ’
1446 1308 1488 1345 αὖ
1506 1310 1626 1345 κλιτὺν
1644 1310 1834 1356 δροσεράνς

1354 1362 1412 1406 ὠὴ,
1432 1362 1530 1409 ῥίψω
1546 1365 1671 1409 πέτρον
1688 1364 1779 1408 τάχα
1796 1377 1874 1404 σου,

1355 1413 1455 1462 ὕπαγ’
1476 1415 1502 1450 ὦ
1521 1414 1623 1463 ὕπαγ’
1644 1415 1670 1451 ὦ
1689 1419 1839 1461 κεράστα

1351 1469 1531 1512 μηλοβότα
1549 1468 1746 1515 στασίωρον
1773 1466 1792 1482 ⁴*

1354 1520 1542 1558 Κύκλωπος
1560 1523 1747 1569 ἀγροβότα.

1354 1576 1578 1620 σπαργῶντάς
1595 1588 1654 1621 μοι
1672 1576 1750 1611 τοὺς
1767 1574 1920 1622 μαστοὺς
1937 1574 2106 1621 χάλασον·
2163 1573 2237 1611 ἀντ.

1353 1627 1448 1671 δέξαι
1467 1629 1609 1672 θηλαῖσι
1628 1629 1773 1675 σπορᾶς,

1353 1680 1390 1717 ἃς
1409 1680 1540 1717 λείπεις
1557 1681 1666 1728 ἀρνῶν
1685 1682 1861 1728 θαλάμοις.

1353 1733 1504 1769 ποθοῡσί
1522 1734 1556 1770 σ’
1576 1735 1788 1781 ἁμερόκοιτοι

1353 1788 1485 1833 βλαχαὶ
1505 1791 1658 1835 σμικρῶν
1675 1788 1808 1824 τεκέων.

1351 1839 1399 1877 εἷς
1417 1842 1525 1875 αὐλάν
1542 1840 1631 1884 ποτ’,
1651 1842 1837 1888 ἀμφιαλεῖς

1349 1894 1510 1940 ποιηροὺς
1529 1896 1685 1931 λιποῦσα
1702 1896 1817 1941 νομὰς,

1352 1946 1517 1983 Αἰτναίων
1535 1946 1622 1983 εἴσει
1642 1949 1823 1985 σκοπέλων
1838 1963 1848 1988 ,-

1351 2000 1391 2035 οὐ
1410 2001 1488 2035 τάδε
1508 2002 1663 2047 Βρόμιος,
1684 2002 1724 2037 οὗ
1741 2002 1821 2037 τάδε
1839 2000 1939 2047 χοροὶ

1351 2054 1481 2099 Βάκχαι
1500 2069 1537 2088 τε
1555 2054 1786 2101 θυρσοφόροι,

1351 2106 1390 2141 οὐ
1409 2109 1589 2152 τυμπάνων
1607 2107 1804 2155 ἀλαλαγμοὶ

1351 2159 1506 2205 κρήναισι
1523 2159 1602 2205 παρ’
1623 2160 1836 2206 ὖδροχύτοις,

1350 2213 1410 2248 οὐκ
1429 2212 1521 2249 οἴνου
1539 2213 1674 2260 χλωραὶ
1692 2216 1869 2262 σταγόνες,

1350 2267 1391 2301 οὐ
1411 2265 1512 2302 Noua
1529 2267 1615 2312 μετὰ
1632 2268 1798 2314 Νυμφᾶν.

1341 2317 1483 2365 Ἴακχον
1494 2318 1633 2366 Ἴακχον
1655 2318 1748 2383 η’ἱδὰν

1347 2373 1470 2417 μέλπω
1489 2375 1574 2420 πρὸς
1591 2375 1653 2410 τὰν
1679 2372 1888 2421 Αφροδίταν,

1349 2425 1391 2460 ἂν
1408 2425 1559 2472 θηρεύων
1573 2428 1724 2473 πετόμαν

2267 1319 2312 1357 50

2267 1586 2308 1622 55

1350 2480 1497 2524 Βάκχαις
1515 2478 1580 2515 σὺν
1596 2480 1816 2516 λευκόποσιν.

1348 2531 1374 2566 ὦ
1393 2533 1500 2578 φίλος
1518 2531 1544 2567 ὦ
1561 2532 1648 2578 φίλε
1666 2533 1805 2579 Βάκχιε,

1345 2587 1407 2620 ποῖ
1417 2585 1588 2622 οἷοπολεῖς

1349 2637 1476 2681 ξανθὰν
1493 2638 1614 2684 χαίταν
1632 2638 1760 2678 σείων;

1347 2691 1413 2738 ἐγὼ
1431 2691 1460 2727 δ’
1480 2693 1499 2726 ὁ
1517 2692 1581 2728 σὸς
1597 2693 1801 2737 πρόσπολος

1348 2743 1476 2789 θητεύω
1495 2744 1660 2781 Κύκλωπι

1347 2800 1394 2844 τῷ
1411 2799 1631 2844 μονοδέρκτᾳ,

1347 2851 1469 2887 δοῦλος
1487 2850 1635 2886 ἀλαίνων
1652 2850 1719 2886 σὺν
1734 2850 1816 2896 τᾷδε

1347 2904 1475 2951 τράγου
1492 2903 1619 2950 χλαίνῃ
1637 2904 1744 2949 μελέᾳ

1348 2958 1412 2992 σᾶς
1428 2958 1535 3003 χωρὶς
1552 2955 1687 3003 φιλίας.

1349 3008 1524 3054 σιγήσατ’,
1544 3009 1571 3044 ὦ
1588 3009 1687 3051 τέκν’,
1706 3009 1811 3054 ἄντρα
1829 3006 1858 3043 δ’
1878 3008 1913 3045 ἐς
1929 3007 2129 3054 πετρηρεφῆ
2175 3009 2179 3014 ’

1345 3069 1488 3107 ποίμνας
1506 3061 1667 3109 ἀθροῖσαι
1684 3063 1900 3108 προσπόλοις
1918 3060 2118 3096 κελεύσατε.

1343 3113 1493 3161 χωρεῖτ’·
1521 3114 1607 3162 ἀτὰρ
1625 3115 1666 3162 δὴ
1683 3114 1769 3158 τίνα,
1787 3115 1906 3160 πάτερ,
1925 3113 2079 3158 σπουδὴν
2097 3113 2187 3160 ἔχεις
2197 3128 2209 3156 ;

1348 3170 1415 3213 ὁρῶ
1432 3167 1519 3215 πρὸς
1536 3168 1653 3206 ἀκταῖς
1670 3169 1749 3205 ναὸς
1765 3167 1936 3204 Ἑλλάδος
1952 3167 2100 3214 σκάφος,

1349 3223 1461 3265 κώπης
1479 3220 1509 3254 τ’
1529 3221 1672 3259 ἄνακτας
1690 3222 1755 3258 σὺν
1773 3221 1991 3267 στρατηλάτῃ
2009 3219 2075 3256 τινὶ

1348 3274 1547 3318 στείχοντας
1564 3275 1599 3312 ἐς
1617 3272 1689 3311 τόδ’
1709 3274 1842 3318 ἄντρον,
1861 3273 1953 3320 ἀμφὶ
1971 3271 2003 3309 δ’
2021 3273 2145 3320 αὐχέσι

1346 3329 1448 3371 τεύχη
1468 3326 1617 3372 φέρουσι
1634 3328 1723 3370 κενὰ,
1742 3329 1851 3374 βορᾶς
1868 3326 2078 3374 κεχρημένοι,

1348 3379 1528 3424 κρωσσοὺς
1545 3379 1579 3416 θ’
1598 3380 1774 3427 ὑδρηλούς.
1802 3379 1830 3415 ὦ
1847 3379 2057 3426 ταλαίπωροι
2073 3379 2176 3425 ξένοι.

1347 3432 1434 3469 τίνες
1451 3432 1529 3468 ποτ’
1547 3434 1660 3476 dclv,-
1686 3434 1747 3471 οὐκ
1764 3432 1866 3470 ἴσασι
1884 3434 2055 3476 δεσπότην

1348 3485 1563 3532 Πολύφημον
1579 3484 1650 3524 οἷός
1667 3486 1775 3528 ε’στιν,
1793 3486 1913 3531 ἄξενον
1930 3485 2056 3532 στέγην

1349 3535 1442 3581 τήνδ’
1462 3538 1657 3583 ἐμβεβῶτες
1673 3543 1728 3577 καὶ
1745 3538 1949 3577 Κυκλωπίαν
1964 3538 2088 3584 γνάθον

1348 3591 1409 3640 τὴν
1425 3591 1645 3641 ἀνδροβρῶτα
1662 3593 1841 3640 δυστυχῶς
1854 3591 2049 3640 ἀφιγμένοι.

2263 2646 2304 2682 75

2261 2904 2304 2938 80

2259 3171 2299 3213 85

2255 3446 2297 3481 90
