2488 3860
1037 267 1524 310 ΑΠΟΣΠΑΣΜΑΉΑ.
1915 317 1920 322 ,
2251 272 2333 314 613

257 378 348 417 ³68.
377 376 469 416 Orio
487 378 705 429 Etymolog.
726 392 763 429 p.
785 382 849 422 26,
869 381 906 418 4.
934 383 983 419 Τὰ
1001 383 1049 420 εἰς
1065 385 1088 430 ξ
1104 384 1149 430 μὴ
1174 384 1254 420 ὄντα
1286 383 1411 420 fabula
1437 383 1561 420 attulit
1587 382 1785 420 scholiasta
1810 381 2074 431 Hel-mogeni5‚
2095 383 2198 431 cujus
2222 383 2334 421 verba

205 434 318 470 ἐθνικὰ
335 434 458 480 ὁμοίως
474 435 609 482 λέγεται
628 437 682 471 καὶ
702 436 756 471 ἐπὶ
775 436 939 482 θηλυκῶν.
967 437 1143 484 Αἰσχύλος
1288 437 1436 473 Bastius
1454 436 1502 473 ad
1525 436 1684 485 Gregor.
1704 450 1741 485 p.
1763 439 1851 473 241.
1874 441 1911 472 et
1929 435 2120 472 Bekkerus
2144 435 2184 471 in
2209 435 2331 473 Anec-

311 487 484 524 Δέσποινα
502 487 617 535 νύμφη
636 489 811 537 δυσχίμων
829 491 917 538 ὀρῶν
934 490 1029 535 ἅναξ.
1288 489 1384 526 dotis
1409 489 1483 527 ΙΙΙ.
1503 502 1541 538 Ρ.
1568 491 1679 526 1073.
1707 502 1753 525 ex
1778 490 1903 526 codice
1932 487 2096 524 Parisino
2125 488 2330 526 ediderunt.

206 536 352 582 suidas,
364 539 514 586 Ἀναξε
545 542 707 586 θηλυκῶς.
740 542 846 581 οὕτως
862 543 1048 590 Αἰσχύλος.
1288 542 1398 579 conf.
1419 543 1626 579 Hermann.
1656 541 1794 590 Opusc.
1814 542 1887 579 vol.
1910 541 1966 578 ΙΙ.
1991 554 2029 590 p.
2053 542 2114 578 84.
2142 540 2331 578 Blomfild.

257 594 348 630 369.
379 593 515 630 Pollux
532 592 622 636 VII,
644 596 706 632 61.
736 598 800 633 Καὶ
824 600 967 645 χλαῖναν
985 599 1021 634 δὲ
1039 600 1194 644 παχεῖαν,
1214 597 1253 644 ἣν
1286 595 1393 644 praef.
1414 595 1463 631 ad
1482 596 1615 632 Persas
1632 608 1670 644 p.
1689 594 1862 632 XXVII.

202 649 410 694 χειμάμυναν
447 647 624 695 Αἰσχύλος
658 649 827 696 κέκληκεν.
873 648 984 687 Conf.
1023 649 1251 699 Hesychium
1340 650 1429 686 380.
1460 648 1688 685 Ammonius
1705 661 1743 696 p.
1765 650 1828 686 69.
1859 650 1994 697 Θεωρὸς
2011 651 2064 685 καὶ
2079 650 2198 696 θεατὴς
2211 650 2331 696 διαφέ-

203 698 241 735 h.
261 712 296 735 v.
1285 718 1349 750 ρει.
1378 703 1504 751 θεωρὸς
1520 704 1583 749 μὲν
1598 705 1665 751 γάρ
1684 703 1778 738 ἐστιν
1795 705 1814 739 ὁ
1833 704 1879 740 εἷς
1897 703 1993 740 θεοὺς
2010 706 2232 750 πεμπόμενος,
2253 705 2330 739 θεα-

255 755 346 791 370.
375 753 540 802 Etymol.
574 754 633 792 M.
666 767 704 804 p.
741 757 828 797 118,
862 758 924 793 22.
970 756 1250 805 Ἀπάργματαῑ
1285 757 1344 802 τὴς
1361 757 1398 792 δέ
1417 759 1436 792 ὁ
1453 757 1591 805 ἀγώνων
1608 758 1662 793 καὶ
1681 757 1951 804 θεάτρων.-καὶ
1968 758 2144 804 Αἰσχύλος
2210 799 2219 807 .

201 807 337 855 λέγεται
354 809 396 844 τὰ
414 809 479 844 ὑπὸ
497 814 564 845 τῶν
581 811 762 859 τραγῳδῶν
785 813 952 858 λεγόμενα
967 812 1248 857 μασχαλίσματα.
1393 814 1480 858 Βοᾷς
1497 812 1629 847 τοιοῦδε
1645 811 1842 859 πράγματος
1860 811 1985 857 θεωρὸς
2002 811 2059 846 ὤν.

201 864 305 898 ταῦτα
332 863 371 898 δέ
397 863 472 899 ἐστι
497 865 540 899 τὰ
563 867 623 899 τοῦ
641 864 862 910 φονευθέντος
879 864 1192 912 ἇκρωτηριάσματα.
1212 863 1252 909 ἦν
1338 863 1428 899 381.
1459 863 1682 900 Plutarchus
1701 862 1837 899 Moral.
1857 875 1893 911 p.
1915 864 1989 899 389
2010 875 2043 899 a.

200 916 268 963 γάρ
285 930 318 951 τι
336 918 472 962 νομικὸν
493 920 566 954 τοῖς
590 917 872 965 δολοφονὴσασιν
889 918 1089 965 ἀφοσιῶσαι
1106 919 1166 954 τὸν
1183 919 1249 965 φό-
1392 918 1570 962 Μιξοβόαν
1585 919 1664 966 γὰρ,
1686 917 1860 964 Αἰσχύλος
1877 918 1979 964 φησὶ,
1999 917 2120 965 πρέπει

201 984 271 1010 νον,
300 970 355 1005 διὰ
381 973 441 1005 τοῦ
468 971 760 1017 δολοφονηθέντος
785 972 1186 1019 ἀκρωτηριασμοῦ.-ὅτι
1213 972 1249 1007 δὲ
1391 971 1600 1020 διθύραμβον
1618 974 1775 1018 ὁμαρτεῖν

201 1024 255 1058 καὶ
273 1022 429 1071 ἐγεύοντο
456 1027 517 1060 τοῦ
544 1023 682 1071 αἵματος
705 1026 760 1061 καὶ
783 1026 953 1062 ἇπέπτυον
969 1025 1144 1072 Αἰσχύλος
1163 1041 1248 1073 μαρ-
1389 1024 1568 1071 σύγκοινον
1586 1025 1752 1074 Διονύσῳ.

200 1078 303 1124 τυρεῖ.
1265 1096 1267 1098 ·
1283 1077 1462 1125 σύγκωμον
1481 1079 1668 1114 Porsonus
1686 1077 1734 1113 ad
1750 1076 1932 1126 Toupium
1948 1077 2021 1113 vol.
2046 1077 2117 1115 IV.
2136 1090 2173 1127 p.
2194 1079 2284 1116 490.

253 1130 343 1166 371.
374 1129 501 1167 Schol.
518 1130 633 1179 Soph.
649 1130 789 1168 Electr.
806 1143 842 1167 v.
859 1132 947 1168 283.
976 1133 1248 1181 Ἐπικουφίζεται
1336 1131 1425 1166 382.
1454 1131 1721 1179 Aristophanes
1740 1131 1878 1167 Ranar.
1898 1143 1934 1166 v.
1956 1132 2045 1167 913.
2068 1132 2155 1167 914.

199 1184 267 1232 γὰρ
284 1186 356 1221 τοῖς
373 1184 527 1232 δακρύοις
544 1185 564 1230 ἡ
583 1186 760 1234 συμφορά.
787 1185 964 1232 Αἰσχύλος
1389 1185 1542 1234 Δήμητερ
1562 1186 1581 1231 ἡ
1600 1186 1764 1233 θρέψασα
1781 1185 1841 1230 τὴν
1859 1185 1940 1231 ε’μὴν
1958 1186 2079 1232 φρένα,

309 1236 354 1273 Οἵ
367 1254 405 1274 τε
423 1241 607 1286 στεναγμοὶ
624 1243 691 1275 τῶν
708 1241 821 1275 πόνων
839 1240 1034 1287 ἐρείσματα.
1388 1236 1471 1275 εἷναί
1487 1255 1529 1285 με
1546 1244 1613 1275 τῶν
1631 1244 1702 1275 σῶν
1720 1240 1815 1285 ἄξιον
1831 1240 2038 1286 μυστηρίων.

199 1288 326 1326 Schol.
348 1290 507 1327 Homeri
523 1290 630 1328 Iliad.
650 1294 695 1339 ψ,
719 1293 779 1328 10.
809 1292 985 1340 Αἰσχύλος
1282 1290 1344 1326 ubi
1362 1290 1571 1332 Scholiasta,
1592 1296 1756 1340 Παρόσον
1771 1292 1983 1330 Ἐλευσίνιος
2006 1294 2065 1328 τὸν
2091 1294 2196 1339 δῆμον
2222 1297 2241 1330 ὁ
2268 1296 2326 1330 Αἰ-

308 1343 353 1380 Οῗ
367 1360 420 1380 τοι
438 1347 623 1392 στεναγμοὶ
639 1350 707 1382 τῶν
723 1348 836 1382 πόνων
853 1347 986 1393 ἰάματα.
1282 1344 1413 1391 σχύλος
1430 1345 1482 1391 ἧν·
1511 1346 1530 1391 ἢ
1550 1346 1603 1382 ὅτι
1620 1347 1656 1382 ἐν
1672 1348 1743 1383 τοῖς
1759 1346 1982 1383 Ἐλευσινίοις
2007 1347 2154 1382 ἐτελεῖτο
2180 1349 2222 1383 τὰ
2246 1349 2327 1396 δρά-

253 1396 342 1434 372.
373 1395 499 1435 Schol.
530 1398 646 1446 Soph.
678 1398 768 1435 OEd.
799 1398 880 1435 Col.
909 1411 946 1435 v.
979 1400 1090 1437 1047.
1137 1401 1187 1435 Τὰ
1213 1400 1249 1436 ἐν
1280 1414 1369 1444 ματα
1398 1402 1459 1435 τοῦ
1490 1400 1679 1447 Αἰσχύλου.
1722 1401 1797 1436 ἐστὶ
1825 1401 1863 1436 δὲ
1890 1403 1991 1436 τοῦτο
2018 1402 2058 1436 τὸ
2084 1402 2165 1438 ἔπος
2194 1402 2326 1449 Αἰσχύ-

198 1449 372 1487 Ἐλευσῖνι
389 1452 470 1498 τέλη
489 1454 591 1499 φησὶ,
612 1454 666 1488 καὶ
684 1452 733 1499 εἴη
752 1454 792 1489 ἂν
808 1454 986 1499 λαμπάσιν
1003 1454 1117 1491 ἀκταῖς
1137 1453 1248 1502 λέγων
1280 1454 1356 1487 λου.

198 1507 272 1542 ταῖς
304 1507 615 1552 λαμπαδευομέναις
654 1508 708 1542 καὶ
743 1507 1054 1554 καταλαμπομέναις
1087 1508 1154 1543 ὑπὸ
1189 1509 1248 1553 τῆς
1335 1506 1423 1541 383.
1455 1505 1668 1542 Macrobius
1693 1505 1881 1543 Saturnal.
1909 1505 1940 1548 Ῑ,
1973 1507 2033 1542 18.
2063 1506 2262 1555 Euripides
2285 1508 2324 1545 in

197 1561 363 1605 μυστικῆς
380 1561 515 1608 φλογὸς
537 1561 591 1596 καὶ
612 1565 679 1596 τῶν
701 1562 798 1609 ἱερῶν
816 1561 936 1608 δᾴδων,
955 1561 1034 1609 περὶ
1053 1561 1098 1596 ὧν
1116 1560 1246 1608 Αἰσχύ-
1280 1556 1473 1606 Licymnio
1485 1559 1692 1607 Apollinem
1705 1558 1954 1608 Liberumque
1966 1571 2082 1595 unum
2095 1560 2326 1609 eundemque

197 1614 260 1650 λος
277 1614 368 1660 φησὶ
1281 1610 1391 1647 deum
1410 1624 1490 1648 esse
1509 1612 1720 1661 significans
1740 1612 1932 1649 scribit—.
1988 1612 2048 1648 Ad
2067 1612 2222 1649 eandem
2241 1626 2324 1650 sen-

304 1670 520 1715 Λαμπραῖσιν
537 1667 747 1715 ἅστραπαῖσι
763 1669 949 1714 λαμπάδων
967 1669 1089 1705 σθένει.
1278 1664 1433 1701 tentiam
1451 1665 1653 1714 AESChylus
1672 1667 1695 1684 ‘⁸
1707 1666 1748 1702 Ὀ
1768 1668 1908 1705 κισσεὺς
1924 1667 2117 1709 Ἀπόλλων,
2137 1670 2157 1703 ὖ
2176 1670 2326 1711 Καβαῖος

245 1718 334 1756 373.
364 1719 490 1757 Schol.
517 1719 633 1768 Soph.
661 1719 751 1757 OEd.
778 1720 860 1757 Col.
883 1733 920 1758 v.
945 1722 1057 1758 1049.
1086 1721 1178 1768 Τέλη
1206 1722 1244 1758 δὲ
1278 1720 1298 1753 ὁ
1326 1718 1483 1764 μάντις.”
1512 1722 1657 1762 Σαβαῖος
1686 1718 1882 1755 Barnesius
1911 1719 1959 1755 ad
1986 1719 2117 1768 Eurip.
2144 1719 2322 1757 Bacchar.

196 1772 257 1810 τὰς
274 1775 423 1811 τελετάς·
452 1775 506 1810 καὶ
523 1774 699 1821 Αἰσχύλος
1278 1783 1311 1805 ν.
1334 1772 1422 1807 408.
1462 1770 1571 1809 Conf.
1593 1772 1755 1808 Lobeck.
1777 1772 1963 1821 Aglaoph.
1984 1785 2022 1821 p.
2045 1774 2108 1810 80.

294 1826 443 1876 ”Εφριξ’
471 1830 555 1876 ἔρως
572 1829 610 1864 δὲ
627 1829 727 1865 τοῦδε
743 1831 908 1876 μυστικοῦ
926 1829 1062 1867 τέλους.
1331 1825 1418 1861 384.
1449 1823 1620 1861 Stobaeus
1639 1824 1784 1866 CXXI,
1807 1825 1868 1862 17.
1924 1826 2103 1873 Αἰσχύλου
2118 1823 2173 1875 (ἰ)

196 1880 295 1927 ἔρωτι
315 1879 537 1917 Brunckius.
1256 1890 1261 1956 Ι·
1383 1881 1475 1924 Ζωῆς
1492 1882 1639 1927 πονηρᾶς
1657 1880 1798 1916 θάνατος
1816 1881 2056 1928 εὐπορώτερος.

250 1933 338 1970 374.
369 1932 495 1970 Schol.
515 1933 701 1970 Theocrifi
724 1933 776 1976 II,
798 1936 860 1972 36.
888 1935 1057 1982 Ἱὸρύοντο
1079 1937 1115 1972 δὲ
1140 1936 1259 1980 αὐτὴνΛ
1379 1935 1420 1969 τὸ
1437 1933 1482 1978 μὴ
1500 1934 1659 1981 γενέσθαι
1677 1933 1706 1969 δ’
1726 1934 1820 1969 εστὶν
1837 1933 1857 1978 ἢ
1874 1935 2060 1981 πεφυκέναι

196 1982 279 2035 (τὴν
295 1985 454 2036 Ἑκάτην)
473 1989 527 2024 καὶ
543 1990 610 2036 πρὸ
628 1993 695 2024 τῶν
713 1989 833 2037 θυρῶν,
852 1991 897 2028 ὥς
915 1992 1025 2038 φησιν
1041 1989 1215 2037 Αἰσχύλος
1380 1989 1542 2033 κρεῖσσον
1560 1992 1666 2025 κακῶς
1682 1988 1871 2035 πάσχοντα.

729 2042 888 2079 Δέσποιιῖ
914 2043 1035 2089 Ἑκάτη
1328 2038 1416 2076 385.
1446 2038 1600 2075 Photius
1617 2052 1655 2088 Ρ.
1680 2041 1767 2081 188,
1788 2041 1851 2076 24.
1907 2043 2145 2089 Κυντερώτατα
2168 2043 2222 2077 καὶ
2247 2058 2322 2078 κυν-

301 2098 368 2131 τῶν
382 2095 570 2140 βασιλείων
586 2097 780 2144 πρόδρομος
795 2097 984 2145 μελάθρων.
1273 2094 1445 2129 τατώτατα
1468 2093 1643 2142 λέγουσιν.
1699 2097 2244 2143 Εὔβουλος-Φερεκράτης-καὶ
2262 2097 2321 2131 Αἰ-

195 2157 291 2182 unus
307 2147 401 2184 liber
422 2151 604 2197 πρόδομος.
632 2147 815 2185 Aristides
837 2148 912 2186 vol.
934 2149 967 2186 Ῑ.
990 2161 1028 2197 Ρ.
1053 2148 1113 2186 17.
1141 2149 1244 2185 Ἀλλ’
1274 2146 1418 2192 σχύλος.

195 2200 222 2236 ὦ
239 2205 306 2237 τῶν
321 2204 509 2245 βασιλείων
530 2203 725 2251 πρόδρομος
747 2204 936 2252 μελάθρων,
955 2202 1119 2253 Αἰσχύλῳ
1135 2205 1242 2251 χορὸς
1329 2200 1417 2236 386-
1447 2199 1602 2236 Photius
1619 2212 1656 2248 Ρ.
1679 2202 1768 2245 206,
1791 2204 1851 2237 18.
1907 2203 2137 2250 Λάμπουρις
2154 2215 2162 2237 :
2191 2202 2211 2247 ἡ
2230 2202 2321 2238 ἀλώ-

193 2251 269 2300 ᾖσε,
287 2259 355 2292 τῶν
371 2272 409 2293 τε
427 2258 588 2305 οὐρανίων
611 2257 665 2292 καὶ
688 2260 755 2292 τῶν
775 2255 859 2302 (τῶν
883 2254 1060 2292 omittunt
1077 2254 1240 2304 codices)
1273 2254 1344 2298 πηξ
1365 2254 1443 2302 παρ’
1463 2254 1641 2304 Αἰσχύλῳ.
1696 2253 1866 2302 [Eschyli
1884 2266 2021 2290 nomen
2039 2253 2176 2291 omittit
2195 2254 2320 2303 Hesy-

193 2308 356 2358 πατρῴων
373 2311 427 2346 καὶ
443 2314 511 2347 τῶν
528 2312 564 2347 ἐν
581 2313 621 2355 τῇ
639 2309 783 2359 ἡμετέρᾳ
805 2311 977 2359 μεγίστων
994 2310 1016 2345 ἃ
1033 2308 1160 2358 νύκτωρ
1183 2325 1241 2357 μοι
1273 2304 1392 2343 Chius.
1467 2359 1494 2396 h

264 2365 282 2378 ⁸
403 2390 412 2399 ,
1328 2360 1416 2396 387.
1439 2360 1467 2396 Ρ
1495 2359 1594 2397 otius
1641 2362 1714 2397 ,24
1743 2363 1830 2402 ,23.
1902 2377 1923 2397 α
1955 2361 2099 2397 αθώνιο
2180 2362 2218 2397 o'
2310 2375 2320 2397 ε

193 2364 494 2453 πρέυξέιῖινέοὴοᾙ
513 2415 619 2453 Ρίῐιᾶ.
638 2415 749 2465 Pyth.
770 2415 822 2458 II,
846 2418 905 2453 18.
934 2417 1136 2465 Ἐναγώνιος
1160 2418 1197 2453 δὲ
1222 2419 1241 2453 ὁ
1274 2413 1463 2460 Αἰσχύλος.
1506 2373 1706 2461 εὐδοκίιίιησε
1718 2362 1798 2463 6γὰρ
1826 2368 1948 2464 ἐνΜτῷρ
1966 2377 2321 2464 Μαραθᾶἴνιπσδγύμῒῷ

192 2468 328 2516 Ἑρμῆς,
357 2471 402 2508 ὣς
427 2475 494 2507 τῶν
519 2471 656 2519 ἀγώνων
681 2472 886 2519 προστάτης,
915 2472 960 2508 ὥς
986 2471 1040 2506 καὶ
1066 2470 1242 2517 Αἰσχύλος
1271 2467 1412 2516 ἀδελφῷ
1430 2469 1647 2519 Κυναιγείρῳ.

195 2523 409 2571 “Ἐναγῶνιε
427 2525 538 2562 Μαίας
555 2526 609 2560 καὶ
627 2523 707 2561 Διὸς
722 2522 869 2572 Ἐρμᾶ.”
1327 2521 1415 2557 388.
1443 2520 1598 2557 Photius
1624 2534 1661 2570 p.
1691 2522 1779 2564 286,
1801 2524 1837 2558 8.
1894 2524 2028 2570 Ναρᾶς
2067 2538 2109 2558 τε
2149 2523 2318 2571 Δίρκης;

248 2576 336 2613 376.
367 2576 494 2613 Schol.
525 2576 698 2625 Apollon.
729 2576 852 2613 Rhod.
883 2575 915 2622 Ῑ,
946 2576 1035 2613 473.
1065 2577 1240 2625 Αἰσχύλος
1271 2573 1461 2620 ῥευστικῆς.
1517 2576 1703 2622 Αἰσχύλος.

193 2630 252 2667 τὰς
268 2631 400 2677 Βάκχας
416 2632 607 2678 χαλιμάδας
623 2632 704 2678 ἔφη.
759 2629 820 2666 De
842 2629 916 2666 hoc
937 2628 1118 2666 vocabulo
1145 2629 1239 2666 dixit
1268 2632 1274 2638 “
1326 2627 1414 2664 389.
1443 2626 1600 2663 Photius
1617 2641 1654 2677 p.
1676 2630 1765 2670 331,
1786 2631 1822 2665 2.
1877 2629 2123 2676 Ὃμάμαιταε
2152 2631 2195 2666 τὰ
2218 2630 2318 2678 οὐρή-

193 2681 353 2719 Naekius
385 2682 422 2719 in
452 2682 547 2719 libro
579 2682 625 2719 de
657 2681 823 2719 Choerilo
852 2695 891 2730 p.
923 2682 1012 2719 217.
1041 2685 1239 2732 χαλίκρητοι
1269 2696 1369 2726 ματα.
1424 2682 1611 2728 Αἰσχύλος.
1670 2681 1893 2730 Hesychius,
1926 2684 2016 2730 ’0μί
2020 2699 2152 2730 χματα
2168 2697 2176 2719 2
2219 2684 2318 2731 οῧρή-

193 2737 340 2773 σπονδαὶ
357 2748 404 2772 ex
421 2735 603 2784 AEschylo
620 2734 837 2771 Eustathius
855 2747 891 2783 p.
916 2734 1029 2776 1471,
1049 2739 1086 2772 2.
1267 2749 1368 2780 ματα.

247 2790 335 2826 377.
365 2787 491 2825 Schol.
515 2787 688 2836 Apollon.
716 2787 843 2824 Rhod.
874 2787 944 2828 IV,
980 2789 1090 2825 1348.
1121 2790 1236 2838 Στέρ-
1325 2789 1412 2824 390.
1442 2786 1597 2824 Photius
1615 2801 1650 2836 p.
1673 2789 1760 2830 353,
1785 2791 1846 2828 17.
1891 2790 2146 2838 Ὀστράκωντ
2174 2794 2241 2827 τῶν
2258 2794 2318 2828 τοῦ

193 2844 318 2890 φεσιν
339 2843 531 2890 αἰγείοιςε
559 2845 630 2879 τοῖς
647 2842 823 2890 δέρμασιν·
851 2842 945 2878 ἔνθεν
957 2844 1011 2877 καὶ
1022 2845 1236 2890 στερφῶσαι.
1271 2842 1350 2876 ὦοῦ.
1406 2841 1592 2887 Αἰσχύλος.
1650 2841 1874 2889 Hesychius,
1892 2844 2121 2891 Ὀστράκων
2138 2858 2146 2879 :

190 2895 324 2939 Ἴβυκος
341 2898 379 2932 δὲ
398 2897 624 2943 στερφωτῆρα
641 2897 790 2943 στρατὸν
813 2894 922 2943 εἴρηκε
943 2896 1004 2931 τὸν
1022 2897 1145 2942 ἔχοντα
1161 2897 1236 2945 δέρ·
1374 2893 1534 2939 Ἀπτῆνα,
1554 2895 1686 2937 τυτθὸν,
1706 2896 1781 2943 ἄρτι
1797 2899 1924 2944 γυμνὸν
1943 2898 2128 2946 ὀστράκων.

192 2966 291 2996 ματα.
319 2949 398 2986 ὅθεν
415 2951 468 2985 καὶ
484 2952 563 2996 παρ’
583 2948 747 2998 Αἰσχύλῳ
773 2949 909 2993 ἀξιοῦσι
931 2949 1078 2996 γράφειν
1094 2953 1237 2997 μελανο-
1270 2948 1342 2983 ἀντὶ
1359 2951 1420 2983 τοῦ
1438 2949 1522 2984 ὠῶν.
1549 2950 1636 2986 τινὲς
1653 2951 1691 2985 δέ
1709 2949 1878 2997 κελύφων.

193 3004 356 3052 στέρφων
378 3004 487 3051 γένος,
512 3003 587 3046 οὐχ,
607 3004 651 3039 ὥς
674 3017 772 3044 τινες,
790 3002 1080 3050 μελανοστέρνων·
1109 3004 1148 3039 οὗ
1171 3006 1237 3052 γὰρ
1324 3001 1412 3036 391.
1443 2999 1598 3037 PhOfiUS
1624 3014 1660 3050 p.
1688 3003 1776 3043 361,
1801 3005 1862 3039 ll.
1918 3006 2193 3052 Οὐρανιζέτωτ
2231 3005 2316 3053 πρὸς

192 3059 278 3103 μόνα
295 3059 337 3093 τὰ
355 3058 480 3105 στέρνα
492 3056 625 3103 μέλανα
638 3057 788 3103 ἔχουσιν,
804 3056 895 3091 ἀλλὰ
908 3057 962 3091 καὶ
975 3056 1058 3093 ὅλον
1074 3058 1113 3093 τὸ
1127 3061 1236 3104 σῶμα.
1269 3055 1328 3089 τὸν
1367 3054 1508 3102 οὐρανὸν
1548 3057 1750 3092 διικνείσθω.
1805 3058 1990 3104 Αἰσχύλος.
2049 3060 2197 3106 Οὐρανί
2203 3060 2289 3102 ζετο
2305 3073 2314 3095 :

193 3110 270 3147 ὅθεν
288 3112 341 3146 καὶ
358 3114 398 3147 τὸ
415 3111 572 3158 κεράμιον
589 3110 742 3157 στέρφος
756 3109 906 3157 λέγεται.
1269 3108 1355 3154 πρὸς
1372 3109 1431 3144 τὸν
1448 3109 1589 3155 οὐρανὸν
1606 3110 1772 3146 διικνεῖτο.

246 3164 335 3201 378.
364 3161 583 3199 Eustathius
599 3175 637 3210 p.
660 3162 748 3204 827,
768 3163 831 3198 31.
863 3161 959 3199 οὕτω
977 3163 1013 3199 δὲ
1032 3164 1086 3199 καὶ
1104 3163 1235 3211 Αἷσχύ-
1324 3161 1411 3196 392-
1441 3159 1596 3198 Photius
1612 3174 1648 3210 P·
1668 3162 1758 3204 427,
1779 3164 1816 3200 9·
1860 3166 2156 3213 Πεφρασμένος
2173 3179 2182 3200 =
2210 3181 2314 3213 παρε-

191 3219 255 3253 λου
281 3219 425 3264 μάχλον,
443 3217 565 3263 φασὶν,
584 3217 736 3262 ἄμπελον
763 3216 914 3254 εἰπόντος
939 3217 999 3262 τὴν
1023 3217 1194 3264 ῥεομένην,
1217 3218 1236 3262 ἡ
1270 3215 1498 3260 σκευασμένος
1522 3216 1570 3252 εἷς
1594 3215 1634 3251 τὸ
1658 3217 1865 3263 φρασθῆναι,
1884 3220 2108 3266 προσεκτικὴν
2131 3220 2219 3265 ἔχων
2242 3220 2313 3254 διά-

191 3271 346 3320 κωμῳδία
362 3271 497 3317 μάχλον
514 3267 587 3305 εἰπε
603 3269 663 3305 τὸν
679 3269 744 3305 ὑπὸ
763 3270 985 3318 καταφερείας
1002 3271 1150 3318 δίυγρον.
1269 3282 1372 3303 νοιαν.
1428 3268 1616 3316 Αἰσχύλος.
1670 3268 1842 3318 AEschyli
1872 3283 2008 3307 nomen
2038 3270 2161 3306 omisit
2188 3270 2312 3318 Hesy-

244 3324 335 3363 379.
364 3321 570 3358 Athenaeus
599 3320 673 3359 ΙῙῙ.
706 3333 743 3369 Ρ.
779 3322 827 3357 86
858 3321 896 3359 b.
936 3323 1111 3370 Αἰσχύλος
1137 3325 1174 3360 δὲ
1202 3324 1236 3359 ἐν
1268 3318 1386 3355 Chius-

190 3377 343 3425 Πέρσαις
368 3378 419 3414 τίς
445 3375 558 3422 ἀνῆρει
584 3376 662 3413 τοὺς
688 3374 812 3420 νήσους
838 3374 948 3420 (corr.
969 3377 1119 3425 Πέρσαις
1145 3379 1235 3414 τινὰς
1321 3374 1408 3410 393.
1439 3372 1594 3411 Photius
1620 3387 1657 3422 p.
1678 3375 1766 3416 447,
1791 3378 1850 3412 14.
1907 3377 2095 3424 Πρέψαιε
2124 3378 2163 3413 τὸ
2188 3379 2311 3423 ὁμοιῶ-

190 3428 333 3478 νῆσους)
352 3431 614 3478 νηριτοτρόφους
631 3428 769 3476 εἴρηκεν.
807 3426 941 3476 Neque
957 3427 1042 3466 haec
1059 3428 1098 3465 in
1115 3428 1235 3465 Persis
1267 3442 1338 3463 σαι.
1393 3428 1579 3475 Αἰσχύλος.

191 3480 365 3532 leguntur
389 3493 508 3530 neque
533 3480 751 3518 vocabulum
774 3481 955 3527 ὑπόξυλος,
975 3481 1073 3530 quod
1099 3493 1147 3518 ex
1163 3480 1252 3521 hac,
1320 3480 1408 3516 394.
1439 3479 1593 3518 Photius
1611 3493 1647 3529 p.
1662 3483 1750 3524 497,
1768 3483 1827 3518 14.
1864 3485 1994 3519 Σάλαε
2024 3485 2175 3531 φροντίς.
2208 3482 2311 3521 οὕτως
