2488 3860
156 656 228 688 XO.

153 1126 212 1157 41.

154 1179 225 1209 BA.

154 1231 211 1261 41.

153 1753 223 1784 BA.

153 1805 212 1835 41.

154 1858 225 1897 BA.

155 1909 213 1940 41.

153 2011 223 2041 BA.

153 2168 211 2197 41.

153 2219 222 2250 BA.

155 2688 213 2718 41.

155 2741 224 2771 ΒΔ.

155 2896 211 2926 41.

156 2999 224 3030 ΒΔ.

156 3156 215 3187 41.

156 3260 213 3290 41.

1063 239 1262 280 ΣΦΗΚΕ
1269 239 1314 280 Σ.

260 337 328 374 ὅσα
343 335 519 384 πρεσβύτῃ
537 334 707 381 ξύμφορα.
726 334 869 381 χόνδρον

257 390 398 436 λείχειν,
416 390 558 435 χλαῖναν
574 386 736 432 μαλακὴν,
756 384 913 432 σισύραν,

257 444 393 489 πόρνην,
411 440 483 486 ἥτις
499 441 539 475 τὸ
555 439 635 475 πέος
652 437 798 486 τρίψει,’

657 2211 754 2247 ταῦθ’
773 2212 857 2259 ἅπερ
875 2213 942 2247 ἐκεῖ
953 2213 1143 2259 πράττεται.

256 2265 309 2301 ὅτι
325 2265 385 2310 τὴν
402 2265 505 2312 θύραν
521 2265 662 2312 ἀνέῳξεν
679 2264 699 2309 ἦ
719 2265 814 2308 σηκὶς
829 2264 951 2311 λάθρα,

258 2316 378 2362 ταύτης
395 2317 558 2362 ἐπιβολὴν
574 2317 703 2363 ψηφιεῖ
718 2317 795 2362 μίαν
810 2317 924 2362 μόνην.

256 2371 386 2406 πάντως
401 2384 442 2416 γε
459 2369 551 2404 κάκεῖ
565 2368 655 2404 ταῦτ’
674 2369 771 2415 ἕδρας
788 2370 959 2404 ἑκάστοτε.

256 2423 309 2457 καὶ
325 2424 428 2457 ταῦτα
443 2421 504 2466 μέν
521 2436 578 2456 νυν
595 2421 754 2467 εὐλόγως,
772 2420 813 2465 ἢν
829 2421 928 2466 ἐξέχῃ

255 2471 330 2518 εἷλη
349 2473 416 2508 κατ’
436 2472 568 2520 ὄρθρον,
587 2472 722 2517 ἡλιάσει
738 2474 822 2519 πρὸς
839 2473 950 2518 ἥλιον·

257 2527 313 2561 ἐὰν
330 2526 366 2560 δὲ
384 2526 478 2571 νίφῃ,
496 2526 580 2571 πρὸς
597 2527 635 2560 τὸ
652 2527 719 2571 πῦρ
737 2524 928 2570 καθήμενος,

257 2576 384 2617 ὕοντος,
403 2576 500 2612 εἴσει·
529 2577 589 2612 κᾶν
606 2578 685 2624 ἔγρῃ
703 2579 940 2624 μεσημβρινὸς,

256 2630 363 2666 οὐδείς
381 2629 415 2664 σ’
433 2629 628 2664 ἀποκλείσει
646 2628 850 2674 θεσμοθέτης
866 2633 907 2674 τῇ
924 2629 1081 2676 κιγκλίδι.

1125 2381 1186 2414 7⁷0

1237 2421 1293 2451 41.

1125 2642 1182 2676 775

1126 1750 1189 1792 ἒ

1201 944 1218 3088 -——-————————-——

1239 2265 1307 2294 BA.

1297 2599 1304 2607 .
1337 2574 1384 2617 μὰ
1401 2574 1459 2608 τὸν
1476 2572 1532 2607 Δί’
1551 2574 1591 2608 οὐ
1608 2574 1780 2620 πάρεστιν.

2171 239 2252 281 481

1326 333 1416 381 κάγὼ
1432 333 1574 381 ’νέκαψ·
1604 336 1750 378 ὀβολοὺς
1766 351 1831 383 γαρ
1848 334 1959 385 ωόμην
1974 336 2103 378 λαβεῖν

1326 383 1408 431 κᾷτα
1423 386 1625 432 βδελυχθεις
1641 387 1854 434 ὀσφρόμενος
1871 389 2051 456 ἐξέπτυσα·

1327 435 1402 473 κᾶθ’
1421 435 1537 474 εἷλκον
1553 439 1664 476 αὐτόν.
1693 445 1762 476 ΒΔ.
1778 443 1797 476 ὁ
1814 441 1851 477 δε
1868 441 1902 476 τί
1917 443 2002 488 πρὸς
2018 440 2108 476 ταῦτ’
2125 438 2194 487 εἶφ’
2208 454 2217 481 ;

262 495 312 530 Ιαὶ
327 493 387 539 τὴν
403 492 531 539 ὀσφῦν.
1124 498 1185 532 740
1226 496 1281 526 ΦΙ.
2166 492 2186 528 ὅ
2203 506 2255 534 τις

257 545 336 582 ἀλλ’
354 545 406 581 ὅτι
424 548 506 591 σιγᾷ
521 542 637 579 κούδὲν
653 541 778 590 γρύζει,
1330 542 1551 590 ἀλεκτρυόνος
1567 543 1600 586 μ’
1619 544 1749 588 ἔφασκε
1766 545 1895 580 κοιλίαν
1912 547 2011 590 ἔχειν·

257 597 346 634 τοῦτ’
365 598 405 633 οὗ
423 595 558 632 δύναταί
574 611 616 640 με
633 595 836 643 προσέσθαι.
1332 595 1420 641 ταχὺ
1435 597 1519 642 γοῦν
1535 595 1740 642 καταπέψεις
1757 592 1946 641 τάργύριον,
1963 594 1984 639 ἢ
2002 594 2031 630 δ’
2051 593 2088 631 ὃς
2103 596 2223 642 γελῶν.

244 680 246 683 ,
261 649 489 694 νενουθέτηκεν
506 649 606 683 αὑτὸν
623 648 657 684 ἐς
674 648 715 682 τὰ
731 646 916 694 πράγμαθ’,
931 643 981 683 οἷς
1112 645 1184 680 ἀντ.
1227 653 1297 683 ΒΔ.
1331 649 1410 694 ὁρᾷς
1426 646 1511 682 ὅσον
1527 647 1580 682 καὶ
1597 649 1696 682 τοῦτο
1714 648 1797 692 δῆτα
1814 648 1998 694 κερδανεῖς;

256 702 325 738 τότ’
344 700 538 748 ἐπεμαίνετ’·
559 701 680 747 ἔγνωκε
697 700 763 746 γὰρ
780 699 912 747 ἀρτίως,
1227 705 1284 734 ΦΙ.
1330 699 1370 734 οὗ
1386 700 1472 735 πάνυ
1489 713 1522 734 τι
1537 701 1666 745 μικρόν.
1695 699 1772 734 ἀλλ’
1792 698 1875 746 ὅπερ
1891 700 2028 744 μέλλεις
2043 701 2144 736 ποίει.

254 754 428 803 λογίζεταί
444 752 474 789 τ’
493 754 599 788 ἐκεῖνα
615 751 715 787 πάνθ’
735 751 894 798 ἁμαρτίας
1124 760 1182 794 745
1227 757 1297 787 BA.
1330 750 1470 796 ἀνάμενέ
1484 761 1552 787 νυν·
1580 752 1646 798 ἐγὼ
1664 752 1701 787 δὲ
1717 751 1814 786 ταῦθ’
1833 752 1901 796 ἥξω
1919 752 2044 798 φέρων.

256 806 279 842 ἃ
296 810 362 843 σοῦ
380 804 574 841 κελεύοντος
591 805 650 839 οὐκ
668 804 830 840 ἐπείθετο.
1228 809 1285 840 41.
1332 803 1395 850 ὅρα
1410 804 1450 838 τὸ
1466 805 1591 850 χρῆμα·
1619 804 1662 838 τὰ
1677 803 1766 851 λόγι’
1784 804 1828 840 ὣς
1844 805 2042 849 περαίνεται.

256 862 315 895 νῦν
332 859 361 895 δ’
377 857 463 895 ἴσως
479 859 571 892 τοῖσι
590 859 665 893 σοῖς
1331 854 1451 900 ἠκηκόη
1468 856 1534 903 γὰρ
1552 856 1596 892 ὣς
1612 855 1780 899 Ἀθηναῖοί
1795 871 1879 892 ποτε
2202 863 2263 894 800

255 913 373 959 λόγοις
388 910 549 950 πείθεται,
1333 908 1501 943 δικάσοιεν
1518 908 1574 943 ἐπὶ
1590 910 1662 944 ταῖς
1678 908 1817 945 οἰκίαισι
1833 909 1892 945 τὰς
1909 909 2012 949 δίκας,

257 965 311 999 καὶ
329 964 503 1010 σωφρονεῖ
517 961 630 1007 μέντοι
646 960 739 1005 μεθι-
1332 960 1391 994 κάν
1407 961 1478 996 τοῖς
1494 958 1675 1006 προθύροις
1693 960 1944 1006 ἐνοικοδομήσοι
1960 964 2025 998 πᾶς
2042 962 2123 1008 ἀνὴρ

258 1017 342 1052 στὰς
359 1016 394 1052 ἐς
410 1016 449 1050 τὸ
466 1015 588 1049 λοιπὸν
604 1014 663 1049 τὸν
678 1014 802 1059 τρόπον
1332 1012 1421 1059 αὑτῷ
1438 1013 1684 1059 δικαστηρίδιον
1699 1015 1816 1060 μικρὸν
1832 1014 1930 1057 πάνυ,

256 1068 448 1113 πειθόμενός
465 1066 503 1101 τέ
519 1080 590 1101 σοι.
1125 1074 1187 1108 749
1334 1064 1450 1110 ὥσπερ
1467 1064 1647 1105 Ἐκάτειον,
1666 1068 1838 1111 πανταχοῦ
1853 1067 1920 1113 πρὸ
1937 1069 2003 1101 τῶν
2020 1066 2140 1113 θυρῶν.

627 1118 666 1152 ἰώ
683 1117 742 1163 μοί
757 1131 826 1162 μοι.
1232 1120 1301 1151 BA.
1335 1115 1419 1156 ἰδοὺ,
1438 1116 1472 1151 τί
1489 1116 1533 1151 ἔτ’
1553 1117 1658 1163 ἐρεῖς;
1688 1117 1732 1153 ὣς
1748 1118 1864 1154 ἅπαντ’
1883 1119 1948 1165 ἐγὼ
1966 1118 2061 1165 φέρω
2206 1124 2265 1165 805

256 1172 365 1212 οὗτος,
384 1173 418 1207 τί
433 1186 490 1216 μοι
506 1172 613 1216 Botis:
1294 1214 1308 1218 —
1335 1167 1465 1214 ὅσαπέρ
1481 1168 1514 1211 γ’
1532 1170 1696 1214 ἔφασκον,
1716 1170 1789 1205 κᾶτι
1806 1172 1927 1219 πολλῷ
1942 1171 2094 1206 πλείονα.

256 1224 301 1271 μή
319 1240 377 1270 μοι
394 1223 521 1260 τούτων
536 1224 638 1268 μηδὲν
655 1223 835 1268 ὑπισχνοῦ.
1126 1232 1187 1265 750
1341 1220 1417 1265 ἀμὶς
1434 1221 1506 1265 μὲν,
1525 1220 1565 1266 ἦν
1582 1221 1793 1268 οὐρητιάσῃς,
1813 1223 1909 1267 αὑτηὶ

257 1278 372 1314 κείνων
388 1278 516 1323 ἔραμαι,
536 1275 620 1310 κεῖθι
636 1275 802 1322 γενοίμαν,
1336 1273 1426 1318 παρὰ
1445 1273 1502 1307 σοὶ
1519 1272 1693 1320 κρεμήσετ’
1713 1274 1812 1321 ἐγγὺς
1830 1276 1885 1310 ἐπὶ
1901 1278 1962 1310 τοῦ
1978 1277 2163 1312 παττάλου.

256 1328 298 1365 ἶν’
316 1332 335 1365 ὁ
352 1329 457 1376 κῆρυξ
474 1329 576 1374 φησὶ,
595 1327 647 1364 τίς
664 1325 799 1373 ἀψήφι-
1237 1329 1295 1360 ΦῙ.
1340 1326 1454 1370 σοφόν
1469 1340 1509 1372 γε
1526 1326 1619 1360 τουτὶ
1637 1327 1690 1361 καὶ
1706 1327 1837 1373 γέροντι
1853 1329 2056 1375 πρόσφορον

257 1395 362 1423 σωκ
390 1380 596 1417 dmm-daem,
1338 1377 1469 1423 ἐξεῦρες
1485 1377 1632 1423 ἀτεχνῶς
1648 1379 1824 1425 φάρμακον
1842 1380 2100 1427 στραγγουρίας.
2209 1387 2271 1417 810

256 1434 456 1478 κάπισταίην
472 1433 527 1469 ἐπὶ
543 1433 614 1468 τοῖς
631 1434 744 1477 κημοῖς
1237 1434 1307 1464 ΒΔ.
1341 1429 1394 1463 καὶ
1411 1431 1478 1475 πῦρ
1495 1445 1534 1476 γε
1551 1431 1655 1471 τουτὶ,
1676 1431 1729 1465 καὶ
1745 1431 1977 1478 προσέστηκεν
1993 1434 2096 1478 φακῆ,

255 1486 499 1533 ψηφιζομένων
516 1487 535 1520 ὁ
552 1486 753 1520 τελευταῖος.
1128 1493 1187 1529 755
1337 1480 1458 1528 ῥοφεῖν
1475 1482 1532 1517 ἐὰν
1549 1483 1605 1527 δέῃ
1623 1497 1667 1517 τι.

257 1537 388 1578 σπεῦδ’,
408 1538 434 1573 ὦ
451 1536 563 1584 ψυχή.
592 1539 658 1572 ποῦ
674 1551 731 1582 μοι
747 1535 846 1582 ψυχή
860 1549 868 1576 ;
1237 1538 1294 1569 41.
1682 1534 1772 1570 τοῦτ’
1789 1535 1831 1571 αὖ
1848 1537 1968 1581 δεξιόν·

256 1592 372 1637 πάρες,
391 1589 418 1624 ὦ
437 1591 565 1635 σκιερά.
594 1590 640 1634 μὰ
657 1590 715 1624 τὸν
731 1588 912 1635 Ἡρακλέα,
1342 1586 1403 1620 κᾶν
1418 1587 1483 1633 γὰρ
1500 1587 1662 1633 πυρέττω,
1681 1590 1739 1623 τόν
1755 1603 1795 1635 γε
1811 1589 1934 1634 μισθὸν
1950 1588 2118 1636 λήψομαι.

259 1643 303 1687 μὴ
323 1645 381 1678 νῦν
397 1641 443 1677 ἔτ’
462 1642 528 1688 ἐγὼ
545 1641 575 1677 ’ν
591 1643 682 1676 τοῖσι
700 1642 871 1676 δικασταῖς
1341 1639 1443 1673 αὐτοῦ
1459 1639 1566 1683 μένων
1581 1640 1647 1686 γὰρ
1664 1640 1723 1684 τὴν
1740 1641 1852 1686 φακῆν
1867 1640 2076 1687 ῥοφήσομαι.

256 1696 441 1730 κλέπτοντα
459 1694 597 1729 Κλέωνα
613 1694 766 1737 λάβοιμι.
1341 1690 1425 1737 ἀτὰρ
1441 1691 1475 1726 τί
1490 1692 1548 1726 τὸν
1565 1691 1655 1738 ὄρνιν
1672 1692 1716 1728 ὣς
1733 1692 1781 1737 ἔμ’
1801 1693 2015 1740 ἐξηνέγκατε;
2212 1699 2247 1730 8ι
2256 1708 2271 1740 5

254 1745 304 1781 ἴθ’
323 1746 349 1781 ὦ
365 1748 482 1793 πάτερ,
501 1748 585 1791 πρὸς
605 1749 671 1780 τῶν
688 1744 783 1786 θεῶν,
802 1745 874 1789 ἐμοὶ
891 1744 1003 1779 πιθοῦ.
1246 1748 1315 1778 ΒΔ.
1348 1741 1402 1777 ἵνα
1418 1742 1463 1789 γ’,
1482 1742 1522 1788 ἢν
1539 1743 1698 1788 καθεύδῃς
1714 1745 1986 1792 ἀπολογουμένου
2003 1747 2102 1787 τινὸς,

256 1800 291 1834 τί
307 1813 364 1834 σοι
381 1799 549 1843 πίθωμαι;
577 1797 650 1844 λέγ’
669 1797 688 1832 ὅ
705 1811 737 1833 τι
754 1796 886 1840 βούλει,
904 1796 995 1842 πλὴν
1011 1797 1096 1834 ἑνός.
1344 1793 1436 1840 ᾅδων
1453 1795 1578 1830 ἄνωθεν
1595 1796 1743 1842 ἐξεγείρῃ
1763 1795 1799 1832 σ’
1818 1798 1948 1833 οὑτοσί.

257 1851 378 1892 ποίου;
406 1849 484 1898 φέρ’
502 1849 575 1886 ἴδω,
1241 1852 1299 1882 41.
1343 1862 1378 1882 εν
1394 1862 1443 1882 ετι
1460 1847 1566 1888 ποθῶ,
1585 1849 1626 1883 τὰ
1644 1849 1671 1884 δ’
1691 1849 1769 1884 ἄλλ
1789 1850 1923 1896 ἀρέσκει
1940 1866 2007 1896 μοι.
2066 1857 2134 1887 ΒΔ.
2159 1853 2198 1887 τὸ
2216 1852 2249 1887 τί
2263 1865 2270 1891 ς

593 1905 653 1938 τοῦ
669 1901 715 1948 μὴ
733 1903 886 1945 δικάζειν.
905 1903 1005 1937 τοῦτο
1023 1901 1060 1938 δὲ
1243 1905 1300 1934 ΦΙ.
1318 1894 1334 1913 ¹
1346 1897 1525 1943 θῆρῷον”
1493 1914 1522 1935 ει
1538 1915 1609 1936 πως
1627 1901 1815 1944 ἐκκομίσαις
1832 1903 1871 1937 τὸ
1889 1905 1948 1937 τοῦ
1966 1907 2087 1939 Λὺκου.

251 1953 367 1997 Ἀιδης
384 1954 541 1998 διακρινεῖ
555 1954 718 1998 πρότερον
734 1951 754 1996 ἢ
769 1950 831 1998 ’γὼ
848 1951 1021 1996 πείσομαι.
1240 1948 1486 1993 ΒΔ·71“ἇρ6<Τ“Ι“ι
1503 1949 1607 1988 rom-¹1,
1627 1949 1745 1984 καύτὸς
1761 1949 1843 1993 ἅναξ
1861 1950 1991 1984 οὑτοσί
2212 1957 2273 1988 820

258 2005 303 2041 σὺ
321 2005 349 2041 δ’
368 2004 438 2045 οὖν,
454 2004 565 2049 ἐπειδὴ
583 2006 682 2039 τοῦτο
699 2004 880 2049 κεχάρηκας
897 2006 1012 2043 ποιῶν,
1240 2004 1298 2034 ΦῙ
1341 1998 1367 2033 ὦ
1386 1999 1529 2034 δέσποθ’
1547 1999 1646 2046 ἥρως,
1666 2001 1710 2036 ὡς
1727 2001 1914 2046 χαλεπὸς”
1893 2001 1943 2047 αρ’
1961 2000 2043 2045 ἦσθ’
2063 2002 2153 2037 ἰδεῖν·

256 2059 363 2093 ἐκεῖσε
379 2058 440 2102 μὲν
455 2056 571 2102 μηκέτι
586 2055 714 2099 βάδιζ’,
731 2055 810 2090 ἀλλ’
829 2055 944 2090 ἐνθάδε
1125 2059 1184 2101 765
1344 2048 1486 2098 οἷόσπερ
1503 2051 1579 2097 ἡμῖν
1596 2053 1750 2098 φαίνεται
1769 2054 1978 2098 Κλεώνυμος.

255 2110 356 2144 αὐτοῦ
370 2108 477 2154 μένων
493 2108 603 2151 δίκαζε
619 2109 729 2143 τοῖσιν
746 2107 898 2143 οἰκέταις.
1341 2106 1460 2139 οὔκουν
1477 2105 1547 2150 ἔχει
1564 2104 1595 2151 γ’
1615 2104 1683 2140 οὐδ’
1701 2105 1799 2141 αὐτὸς
1817 2105 1903 2152 ἥρως
1920 2106 1964 2141 ὣν
1981 2106 2082 2142 ὅπλα.

255 2163 331 2208 περὶ
347 2163 428 2202 τοῦ;
456 2160 490 2196 τί
505 2162 639 2207 ληρεῖς;
1239 2160 1307 2190 ΒΔ.
1341 2156 1371 2191 εἰ
1388 2156 1509 2191 θᾶττον
1527 2157 1677 2200 ἐκαθίζου
1696 2157 1752 2197 σὺ,
1771 2157 1892 2192 θᾶττον
1908 2157 1948 2193 ἂν
1965 2159 2057 2203 δίκην
2211 2166 2230 2196 8
2236 2175 2272 2205 ²4

1341 2209 1492 2243 ἐκάλουν.
1549 2214 1606 2244 ΦΙ.
1635 2211 1729 2244 κάλει
1747 2224 1814 2248 νυν,
1834 2210 1878 2245 ὧς
1896 2210 2035 2255 κάθημαι
2051 2211 2112 2259 ’γὼ
2129 2214 2244 2248 πάλαι.

1340 2261 1425 2307 φέρε
1443 2275 1511 2301 νυν,
1531 2261 1590 2296 τίν’
1609 2262 1696 2309 αὐτῷ
1712 2265 1845 2308 πρῶτον
1862 2262 2031 2310 εἰσαγάγω
2049 2264 2162 2310 δίκην;

1339 2313 1373 2347 τί
1390 2327 1440 2349 τις
1457 2314 1555 2348 κακὸν
1573 2314 1708 2360 δέδρακε
1725 2317 1791 2348 τῶν
1808 2314 1843 2349 ἐν
1860 2316 1944 2359 οἰκίᾳ
1960 2328 1969 2355 ;

1338 2364 1358 2409 ἡ
1378 2366 1510 2411 Θρᾷττα
1526 2364 1776 2411 προσκαύσασα
1793 2367 1899 2412 τρώην
1916 2367 1975 2411 τὴν
1991 2367 2117 2415 χύτραν

1336 2417 1476 2463 ἐπίσχες
1493 2416 1602 2453 οὗτος·
1631 2418 1675 2454 ὥς
1692 2418 1810 2463 ὀλίγου
1827 2418 1860 2463 μ’
1879 2419 2068 2456 ἀπώλεσας.

1338 2469 1415 2504 ἄνευ
1432 2470 1625 2515 δρυφάκτου
1643 2470 1702 2514 τὴν
1719 2470 1812 2514 δίκην
1827 2471 1970 2515 μέλλεις
1987 2474 2109 2513 καλεῖν,

1338 2520 1357 2555 ὃ
1373 2524 1505 2568 πρῶτον
1522 2520 1597 2566 ἡμῖν
1613 2525 1679 2556 τῶν
1697 2523 1792 2568 ἱερῶν
1810 2523 1963 2567 ἐφαίνετο
1976 2537 1986 2564 ;

1833 2580 1890 2609 ΦΙ.
1910 2575 1988 2611 ἀλλ’
2007 2577 2073 2623 ἐγὼ
2092 2578 2225 2623 δραμὼν
2250 2599 2254 2601 -

1337 2625 1435 2660 αὐτὸς
1452 2628 1627 2670 κομιοῦμαι
1644 2627 1683 2660 τό
1699 2640 1740 2671 γε
1756 2626 1928 2672 παραυτίκ’
1945 2628 2087 2663 ἔνδοθεν.

2206 2480 2268 2518 830

259 2682 353 2717 τουτί
368 2680 402 2726 μ’
419 2681 564 2728 ἀρέσκει.
1233 2681 1302 2711 ΒΔ·
1337 2677 1372 2712 Τι’
1386 2691 1469 2712 ποτε
1486 2678 1524 2711 τὸ
1541 2676 1640 2723 χρῆμ’
1654 2690 1663 2717 ;
1693 2678 1737 2713 ὦς
1754 2678 1860 2712 δεινὸν
1875 2678 1896 2723 ἡ
1914 2680 2119 2726 φιλοχωρία.

586 2734 670 2779 πρὸς
688 2734 725 2768 δὲ
742 2732 872 2769 τούτοις
887 2731 932 2780 γ’,
950 2733 991 2777 ἦν
1008 2734 1100 2779 δίκην
1234 2733 1303 2765 ΞΑ.
1337 2728 1442 2771 βάλλ’
1461 2729 1495 2765 ἐς
1512 2730 1663 2774 κόρακας.
1692 2731 1855 2765 τοιουτονὶ
1872 2731 2008 2778 τρέφειν
2025 2731 2116 2769 κύνα.
2200 2739 2260 2779 835

255 2786 339 2833 λέγῃ
356 2787 483 2832 μακράν
499 2800 560 2825 τις,
580 2786 656 2830 οὐχὶ
673 2788 792 2820 πεινῶν
808 2785 987 2830 ἀναμενεῖς,
1234 2786 1302 2815 ΒΔ·
1335 2781 1369 2816 Τῖ
1384 2781 1413 2816 δ’
1431 2782 1523 2815 ἔστιν
1540 2781 1651 2821 ἐτεόνὶ

256 2839 380 2873 δάκνων
398 2839 539 2872 σεαυτὸν
556 2838 610 2872 καὶ
626 2838 684 2872 τὸν
697 2836 980 2884 ἀπολογούμενον.
1233 2836 1301 2868 ΞΑ·
1661 2834 1700 2868 οὗ
1717 2834 1782 2880 γὰρ
1800 2836 1819 2869 ὁ
1837 2836 1951 2880 Λάβης
1968 2836 2088 2882 ἀρτίως

256 2894 327 2926 πῶς
344 2888 403 2925 οὖν
420 2890 672 2936 διαγιγνώσκειν
689 2891 797 2925 καλῶς
815 2888 998 2934 δυνήσομαι
1335 2886 1355 2919 ὁ
1372 2883 1457 2919 κύων
1473 2884 1623 2931 παρᾴξας
1641 2886 1674 2921 ἐς
1690 2886 1749 2920 τὸν
1766 2885 1860 2921 ἰπνὸν
1875 2887 2070 2931 ἀναρπάσας

257 2943 373 2989 ὥσπερ
389 2943 552 2988 πρότερον
564 2941 606 2975 τὰ
622 2940 800 2987 πράγματ’,
819 2942 869 2975 ἔτι
884 2943 1081 2987 μασώμενος
1094 2956 1104 2983 ;
1126 2948 1187 2987 780
1335 2937 1525 2983 τροφαλίδα
1541 2939 1643 2983 τυροῦ
1660 2938 1830 2982 Σικελικὴν
1847 2938 2082 2984 κατεδήδοκεν;

256 2995 377 3042 πολλῷ
393 2993 426 3040 γ’
445 2993 589 3038 ἄμεινον·
618 2993 671 3027 καὶ
687 2992 821 3036 λέγεται
837 2994 903 3040 γὰρ
920 2995 1069 3041 τουτογὶ,
1233 2994 1301 3024 ΒΔ.
1335 2987 1423 3023 τοῦτ’
1442 2987 1505 3034 ἆρα
1521 2993 1654 3035 πρῶτον
1670 2989 1830 3036 τάδίκημα
1846 2995 1893 3039 τῷ
1909 2993 2010 3038 πατρὶ

257 3047 302 3083 ὧς
318 3047 351 3081 οἱ
369 3046 523 3081 δικασταὶ
539 3044 756 3091 ψευδομένων
772 3048 838 3080 τῶν
854 3044 1028 3092 μαρτύρων
1334 3040 1504 3075 εἷσακτέον
1519 3049 1589 3085 μοι·
1620 3041 1665 3076 σὺ
1682 3042 1719 3076 δὲ
1736 3045 1908 3090 κατηγόρει
1924 3045 2050 3090 παρών.
2202 3051 2266 3091 840

257 3100 356 3143 μόλις
372 3099 411 3132 τὸ
428 3096 552 3144 πρᾶγμ’
571 3097 722 3143 ἔγνωσαν
739 3096 1002 3141 ἀναμασώμενοι.

260 3151 322 3185 ἀνά
338 3149 392 3184 τοί
407 3164 450 3194 με
465 3149 603 3185 πείθεις.
631 3147 709 3182 ἀλλ’
728 3147 821 3183 ἐκεῖν’
839 3150 931 3184 οὔπω
947 3149 1070 3196 λέγεις,

258 3204 317 3237 τὸν
332 3201 456 3247 μισθὸν
473 3201 594 3236 ὁπόθεν
609 3199 779 3246 λήψομαι.
826 3206 894 3236 ΒΔ.
913 3201 990 3248 παρ’
1010 3203 1102 3247 ἐμοῦ.
1128 3208 1185 3248 785
1233 3202 1287 3231 ΒΔ

1067 3255 1186 3296 καλῶς,
1231 3249 1298 3278 BA.

258 3306 330 3351 ὁτιὴ
348 3304 417 3340 κατ’
436 3305 576 3350 ἐμαυτὸν
593 3305 652 3338 κού
669 3303 744 3348 μεθ’
764 3305 877 3351 ετέρου
893 3304 1062 3352 λήψομαι.
1229 3302 1297 3384 {At

1258 3355 1287 3384 1.

258 3355 422 3403 αἴσχιστα
437 3358 502 3404 γάρ
520 3356 573 3390 τοί
589 3355 622 3400 μ’
642 3356 822 3402 εἰργάσατο
840 3357 1073 3404 Λυσίστρατος

259 3412 278 3444 ὁ
297 3411 507 3452 σκωπτόλης.
536 3408 687 3453 δραχμὴν
703 3407 773 3452 μετ’
792 3408 872 3452 εμοῦ
888 3410 1002 3455 πρώην
1018 3411 1144 3453 λαβὼν,

261 3460 370 3495 ἐλθὼν
386 3457 631 3506 διεκερματίζετ’
651 3459 687 3494 ἐν
704 3460 774 3495 τοῖς
791 3458 937 3504 ἰχθύσιν,

261 3511 383 3552 κᾶπειτ’
397 3511 534 3557 ἐπέθηκε
550 3513 638 3558 τρεῖς
652 3511 794 3549 λοπίδας
809 3525 866 3559 μοι
884 3513 1072 3565 κεστρέωνῇ
1127 3527 1187 3561 790
1231 3512 1298 3541 BA.

1292 3222 1300 3230 .
1333 3194 1380 3230 ἴθι
1397 3210 1465 3236 νυν,
1484 3195 1536 3242 ὅγ’
1555 3196 1643 3231 αὐτὸ
1661 3197 1770 3242 δεῦρο.

1293 3119 1301 3128 .
1330 3093 1377 3137 μὰ
1394 3091 1449 3127 Δί’
1467 3092 1527 3126 οὒκ
1544 3092 1653 3139 ἔγωγ’·
1680 3093 1758 3128 ἀλλ’
1777 3095 1893 3141 ἅτερός
1909 3097 2018 3141 φησιν
2034 3095 2120 3133 κύων

1333 3142 1584 3190 κατηγορήσειν,
1602 3146 1643 3189 ἤν
1659 3159 1709 3181 τις
1726 3145 1845 3193 εἰσάγῃ
1862 3146 2010 3193 γραφήν.

1825 3203 1894 3235 ΞΑ.
1923 3202 2026 3235 ταῦτα
2041 3201 2108 3247 χρὴ
2123 3204 2243 3240 ποιεῖν.

1335 3262 1427 3282 τουτι
1444 3247 1478 3282 τί
1494 3248 1590 3288 ἐστι;
1654 3255 1712 3285 41.
1741 3253 1971 3297 χοιροκομεῖον
1986 3251 2135 3290 Ἑστίας.

1332 3296 1396 3334 ειθ’
1397 3299 1636 3347 ἱεροσυλήσας
1653 3302 1788 3347 φέρεις·
1779 3329 1788 3342 ,

1816 3354 1887 3395 οὒκ,
1907 3354 2054 3391 ἀλλ’ἵνα

1333 3402 1394 3447 ἀφ’
1411 3401 1547 3440 Ἑστίας
1563 3404 1746 3450 ἀρχόμενος
1763 3406 1940 3471 ἐπιτρίψω
1949 3409 2033 3443 τινά.

1333 3454 1410 3488 ἀλλ’
1429 3452 1536 3501 εἴσαγ’
1555 3455 1691 3493 ἀνύσας
1720 3459 1764 3493 ὡς
1782 3459 1847 3504 ἐγὼ
1864 3459 1960 3503 τιμᾶν
1976 3459 2108 3502 βλέπω.

1332 3506 1416 3553 φέρε
1434 3521 1501 3548 νυν,
1522 3507 1642 3555 ἐνέγκω
1659 3510 1718 3547 τὰς
1737 3511 1872 3547 σανίδας
1889 3525 1942 3547 και
1958 3511 2017 3548 τὰς
2033 3513 2179 3559 γραφάς.

2202 3311 2260 3353 845
