2488 3860
223 268 305 312 168

207 539 263 570 ΦΙ.

207 592 278 623 NE.

205 698 262 729 ΦΙ.

212 2758 282 2790 XO.

212 3181 285 3212 NE.

213 3342 283 3373 XO.

215 3446 284 3478 NE.

1077 273 1482 315 ΣΟΦΟΚΛΕΟΥΣ

310 377 415 410 νόσου
432 374 695 421 μεταστήσειαν,
716 377 761 414 ὡς
778 377 879 414 αὐτὸς
897 377 1025 415 θέλεις.

308 428 403 474 ἡμεῖς
421 426 450 463 δ’
467 426 581 475 ἴωμεν·
613 430 657 466 ὣς
675 430 801 475 ὁπηνίκ’
822 431 862 466 ἂν
881 431 957 467 θεὸς

307 483 419 517 πλοῦν
436 480 514 527 ἡμὶν
531 479 614 527 εἵκῃ,
633 482 804 527 τηνικαῦθ’
825 484 1014 532 ὁρμώμεθα.

309 535 383 580 ἤδη,
403 534 530 577 τέκνον,
551 535 775 581 στέλλεσθες

830 591 944 638 καιρὸς
960 591 1027 637 γὰρ
1046 592 1142 626 καλεῖ

307 642 419 677 πλοῦν
435 641 480 687 μὴ
499 640 533 686 ’ξ
551 641 705 678 ἀπόπτου
723 644 859 689 μᾶλλον
875 643 895 688 ἢ
914 641 1050 691 ’γγύθεν
1069 646 1222 680 σκοπεῖν.

308 694 394 737 πρὸς
412 696 470 730 νῦν
488 709 532 731 σε
548 696 687 743 πατρὸς,
705 698 791 744 πρός
808 711 846 731 τε
862 698 999 743 μητρὸς,
1019 696 1045 731 ὦ
1063 697 1190 738 τέκνον,

307 750 394 794 πρός
410 746 439 782 τ’
460 746 492 783 εἴ
506 748 541 783 τί
559 762 617 783 σοι
635 747 705 783 κατ’
725 746 817 785 οἶκόν
836 749 911 784 ἐστι
928 750 1139 796 προσφιλὲς,

309 799 418 842 ἱκέτης
436 801 598 847 ἱκνοῦμαι,
617 801 663 847 μὴ
680 801 785 846 λίπῃς
802 801 835 847 μ’
855 800 942 836 οὕτω
960 804 1074 847 μόνον,

308 853 432 900 ἔρημον
449 854 486 890 ἐν
503 856 637 889 κακοῖσι
654 854 764 891 τοῖσδ’
783 853 868 891 οἵοις
886 857 966 902 ὁρᾷς

307 906 431 942 ὅσοισί
448 906 477 941 τ’
497 906 684 952 ἐξὴκουσας
702 908 873 943 ε’νναίοντά
889 917 943 953 με·

308 958 388 994 ἀλλ’
409 960 445 995 ἐν
461 960 620 1008 παρέργῳ
639 960 701 995 θοῦ
718 976 773 1006 με.
804 960 989 1007 δυσχέρεια
1006 960 1079 1007 μὲν,

307 1012 435 1056 ἔξοιδα,
453 1013 570 1058 πολλὴ
588 1014 688 1048 τοῦδε
706 1016 767 1048 τοῦ
785 1012 996 1060 φορῆματος·

307 1064 399 1110 ὅμως
416 1065 454 1101 δὲ
471 1066 583 1111 τλῆθι.
614 1068 708 1101 τοῖσι
724 1066 913 1112 γενναίοισί
930 1080 984 1101 τοι

308 1120 348 1152 τό
366 1117 395 1152 τ’
415 1118 562 1166 αἰσχρὸν
579 1118 704 1166 ἐχθρὸν
721 1120 776 1154 καὶ
793 1120 832 1154 τὸ
850 1120 1005 1165 χρηστὸν
1023 1119 1169 1155 εὐκλεές.

310 1171 369 1206 σοὶ
388 1170 417 1206 δ’
437 1171 609 1207 ἐκλιπόντι
627 1171 717 1207 τοῦτ’
737 1171 865 1208 ὄνειδος
883 1172 922 1206 οὐ
941 1172 1058 1212 καλὸν,

308 1224 473 1271 δράσαντι
492 1224 534 1269 δ’,
555 1224 581 1259 ὦ
599 1226 670 1265 παῖ,
690 1226 859 1260 πλεῖστον
876 1224 1029 1261 εὐκλείας
1045 1225 1157 1272 γέρας,

309 1277 367 1312 ἐὰν
383 1279 480 1322 μόλω
498 1276 559 1325 ’γὼ
578 1278 643 1321 ζῶν
659 1279 745 1324 πρὸς
764 1277 901 1312 Οἷταίαν
918 1277 1040 1323 χθόνα.

308 1327 372 1364 ἴθ’·
401 1329 526 1377 ἡμέρας
543 1345 596 1366 τοι
614 1330 744 1376 μόχθος
762 1330 827 1376 οὐχ
846 1329 929 1374 ὅλης
946 1332 1037 1375 μιᾶς.

309 1384 497 1428 τόλμησον,
518 1383 672 1428 ἐμβαλοῦ
690 1382 724 1428 μ’
744 1382 809 1427 ὅπη
829 1382 946 1419 θέλεις
963 1383 1066 1430 ἄγων,

309 1435 357 1472 εἷς
375 1435 526 1476 ἀντλίαν,
549 1435 584 1471 ἐς
600 1437 751 1483 πρῷραν,
774 1436 808 1473 ἐς
825 1435 992 1483 πρύμνην,
1012 1435 1092 1473 ὅποι

308 1488 433 1533 ἥκιστα
449 1488 572 1533 μέλλω
591 1487 670 1524 τοὺς
688 1488 848 1532 ξυνόντας
866 1488 1038 1535 ἇλγυνειν.

309 1543 442 1584 νεῦσον,
462 1542 548 1588 πρὸς
565 1540 668 1575 αὐτοῦ
686 1541 790 1585 Ζηνὸς
809 1540 952 1580 ἱκεσίου,
972 1542 1100 1581 τέκνον,

308 1594 480 1639 πείσθητι.
509 1593 711 1641 προσπίτνω
730 1608 773 1628 σε
790 1594 926 1640 γόνασι,
947 1593 1066 1640 καίπερ
1085 1594 1131 1628 ὢν

308 1647 463 1694 ἀκράτωρ
482 1649 500 1682 ὁ
519 1645 669 1691 τλήμων,
688 1648 816 1692 χωλός.
847 1646 941 1681 ἀλλὰ
957 1645 1002 1691 μή
1020 1644 1057 1692 μ’
1074 1646 1167 1693 ἀφῇς

309 1699 433 1746 ἔρημον
450 1698 538 1734 οὕτω
556 1700 663 1746 χωρὶς
679 1699 865 1746 ἀνθρώπων
884 1699 1023 1742 στίβου.

309 1752 388 1787 ἀλλ’
408 1752 428 1797 ἢ
447 1754 532 1799 πρὸς
550 1749 643 1787 οἷκον
660 1753 720 1787 τὸν
738 1753 803 1787 σὸν
820 1753 978 1787 ἔκσωσόν
994 1751 1029 1797 μ’
1047 1751 1151 1798 ἄγων,

309 1804 330 1850 ἢ
348 1806 434 1853 πρὸς
451 1806 493 1840 τὰ
511 1805 754 1841 Χαλκώδοντος
772 1805 922 1848 Εὐβοίας
940 1804 1088 1850 σταθμά·

313 1858 464 1894 κάκεῖθεν
481 1860 523 1893 οὔ
538 1872 597 1904 μοι
614 1858 743 1905 μακρὸς
762 1857 810 1894 εἷς
829 1856 931 1902 Οἴτην
950 1859 1079 1894 στόλος

310 1911 494 1958 Τραχινίαν
511 1926 548 1946 τε
567 1911 692 1958 δεράδα
711 1911 765 1946 καὶ
783 1912 842 1946 τὸν
861 1912 980 1957 εὔροον

312 1966 497 2010 Σπερχειὸν
515 1964 625 2006 ἔσται,
645 1964 750 2010 πατρί
766 1964 800 2008 μ’
821 1964 866 1999 ὣς
884 1964 997 2008 δείξῃς
1014 1964 1123 2009 φίλῳ,

315 2009 353 2045 ὃν
371 2010 411 2055 δὴ
432 2013 579 2048 παλαιὸν
597 2012 715 2057 ε’ξότου
735 2012 857 2047 δέδοικ’
880 2012 947 2060 ἐγὼ

313 2062 359 2109 μή
376 2077 435 2108 μοι
450 2062 597 2107 βεβήκῃ.
625 2061 743 2097 πολλὰ
759 2062 826 2109 γὰρ
843 2064 915 2098 τοῖς
933 2062 1080 2109 ι’γμένοις

312 2117 482 2151 ἔστελλον
499 2115 600 2150 αὐτὸν
619 2115 767 2151 ἱκεσίους
784 2115 925 2160 πέμπων
942 2116 1051 2157 λιτὰς,

313 2169 528 2204 αὖτόστολον
544 2167 730 2215 πέμψαντά
747 2166 780 2213 μ’
801 2168 954 2203 ἐκσῶσαι
973 2169 1101 2215 δόμοις.

312 2221 392 2257 ἀλλ’
411 2220 430 2267 ἢ
450 2220 616 2266 τέθνηκεν,
637 2220 656 2267 ἢ
675 2222 718 2256 τὰ
735 2225 802 2256 τῶν
820 2221 992 2262 διακόνων,

313 2276 358 2311 ὣς
376 2274 475 2315 εἰκὸς,
495 2271 599 2320 οἶμαι,
620 2275 745 2319 τούμὸν
763 2274 799 2309 ἐν
817 2278 950 2323 σμικρῷ
966 2274 1068 2322 μέρος

311 2326 507 2373 ποιούμενοι
525 2328 585 2363 τὸν
603 2325 707 2363 οἴκαδ’
728 2329 869 2375 ἤπειγον
887 2329 1029 2363 στόλον.

312 2383 371 2417 νῦν
388 2379 431 2421 δ’,
457 2381 492 2417 ε’ς
514 2381 556 2416 σὲ
576 2381 643 2428 γὰρ
661 2382 800 2426 πομπόν
817 2395 855 2415 τε
873 2380 994 2416 καύτὸν
1011 2381 1160 2429 ἄγγελον
1197 2394 1260 2427 500

311 2434 393 2479 ἥκω,
414 2433 460 2468 σὺ
479 2436 608 2476 σῶσον,
629 2433 674 2469 σύ
692 2434 726 2480 μ’
746 2432 903 2478 ἐλέησον,
923 2433 1069 2482 εἰσορῶν

314 2488 359 2523 ὡς
376 2487 486 2522 πάντα
504 2486 596 2521 δεινὰ
614 2486 855 2523 κάπικινδύνως
871 2489 1013 2534 βροτοῖς

314 2541 419 2575 κεῖται
435 2538 555 2575 παθεῖν
571 2539 633 2584 μὲν
651 2538 699 2580 εὖ,
718 2539 839 2576 παθεῖν
857 2540 893 2575 δὲ
913 2540 1049 2588 θᾶτερα.

311 2593 378 2640 χρὴ
398 2592 426 2628 δ’
447 2593 541 2628 ἐκτὸς
559 2591 639 2628 ἄντα
655 2594 817 2638 πημάτων
835 2593 878 2628 τὰ
896 2592 974 2629 δείν’
994 2596 1088 2642 ὁρᾶν.

311 2644 426 2692 χῶταν
443 2659 495 2682 τις
512 2644 550 2680 εὖ
568 2646 619 2690 ζῇ,
639 2649 817 2690 τηνικαῦτα
835 2647 894 2681 τὸν
911 2646 991 2689 βίον
1199 2660 1258 2693 505

315 2700 456 2734 σκοπεῖν
472 2699 637 2743 μάλιστα,
657 2699 702 2744 μὴ
722 2699 922 2746 διαφθαρεὶς
939 2700 1041 2746 λάθῃ.
1166 2697 1258 2751 [ἀντ.

311 2750 459 2798 οἴκτειρ’,
474 2751 571 2795 ἅναξ·
600 2753 742 2787 πολλῶν
759 2752 882 2796 ἔλεξεν
900 2754 1096 2790 δυσοίστων
1113 2756 1225 2791 πόνων

315 2803 410 2844 ἆθλ’,
430 2802 486 2840 οἷα
504 2806 620 2850 μηδεὶς
637 2809 705 2841 τῶν
723 2805 811 2851 ε’μῶν
828 2805 927 2851 τύχοι
946 2806 1073 2852 φίλων.

314 2858 344 2893 εἶ
363 2857 399 2892 δὲ
417 2856 570 2903 πικροὺς,
590 2856 687 2901 ἄναξ,
707 2857 819 2903 ἕχθεις
836 2857 1021 2905 Ἀτρείδας,

315 2910 382 2958 ἐγὼ
400 2910 473 2956 μὲν,
492 2910 532 2944 τὸ
551 2910 667 2944 κείνων
685 2911 786 2945 κακὸν
803 2911 889 2959 τῷδε
906 2911 1024 2958 κέρδος

312 2962 581 3009 μετατιθέμενος,
600 2962 745 3009 ἔνθαπερ
764 2963 973 3009 ἐπιμέμονεν,

314 3016 366 3052 ἐπ’
385 3016 556 3051 εὗστόλου
573 3016 711 3061 ταχείας
729 3016 809 3052 νεὼς

313 3067 515 3117 πορεύσαιμ’
535 3068 576 3103 ἂν
594 3068 628 3104 ἐς
647 3069 782 3114 δόμους,
802 3070 863 3105 τὰν
881 3070 966 3105 θεῶν

314 3122 451 3168 νέμεσιν
468 3121 639 3168 ἐκφυγών.

313 3175 377 3222 ὅρα
395 3174 441 3209 σὺ
458 3175 503 3220 μὴ
522 3176 580 3210 νῦν
597 3174 660 3219 μέν
676 3189 728 3212 τις
745 3175 885 3223 εὐχερὴς
904 3179 1025 3223 παρῇς,

315 3228 396 3264 ὅταν
414 3228 451 3263 δὲ
468 3227 629 3273 πλησθῇς
646 3229 706 3273 τῆς
723 3230 829 3263 νόσου
847 3229 1023 3276 ξυνουσίᾳ,

314 3281 384 3317 τότ’
403 3281 464 3316 οὐκ
481 3280 533 3316 ἔθ’
552 3281 652 3317 αὑτὸς
670 3282 742 3317 τοῖς
758 3282 876 3328 λόγοις
893 3281 1026 3320 τούτοις
1043 3284 1165 3330 φανῇς.

312 3335 447 3381 ἥκιστα·
477 3332 567 3369 τοῦτ’
585 3334 646 3369 οὐκ
664 3333 743 3369 ἔσθ’
763 3333 854 3370 ὅπως
870 3334 946 3370 ποτ’
966 3335 1013 3373 εἷς
1031 3337 1089 3382 ἐμὲ

314 3387 484 3424 τοῦνειδος
501 3386 588 3431 ἕξεις
606 3387 742 3423 ἐνδίκως
758 3387 936 3422 ὀνειδίσαι.

315 3439 395 3476 ἀλλ’
414 3440 544 3486 αἰσχρὰ
561 3439 676 3485 μέντοι
695 3442 762 3474 σοῦ
779 3440 821 3487 γέ
836 3439 870 3485 μ’
890 3440 1107 3490 ἐνδεέστερον

315 3494 401 3542 ξένῳ
419 3494 565 3539 φανῆναι
582 3493 668 3539 πρὸς
686 3493 725 3527 τὸ
744 3493 873 3540 καίριον
889 3496 1015 3529 πονεῖν.

313 3546 392 3582 ἀλλ’
412 3545 443 3581 εἷ
460 3546 562 3586 δοκεῖ,
583 3546 751 3591 πλέωμεν,
773 3545 936 3592 ὁρμάσθω
955 3547 1073 3593 ταχύς·

314 3598 360 3647 χῆ
379 3601 457 3636 ναῦς
473 3599 540 3646 γὰρ
558 3598 632 3644 ἄξει
650 3599 730 3634 κούκ
748 3597 1032 3647 ἀπαρνηθήσεται.

1192 491 1252 531 465

1192 814 1256 847 450

1192 1078 1253 1112 475

1193 1335 1257 1375 480

1195 1599 1256 1639 485

1197 1871 1261 1903 490

1198 2130 1259 2163 495

1201 2873 1262 2905 510

1201 2981 1259 3012 5¹5

1202 3246 1264 3278 5²0

1201 3509 1260 3543 5²5

1302 486 1359 516 ΦΙ.

1307 965 1380 995 ΧΟ.

1306 1124 1383 1154 ΕΜ.

1316 1920 1390 1951 ΝΕ.

1319 2126 1397 2155 ΕΜ.

1318 2232 1392 2262 ΝΕ.

1318 2286 1396 2315 ΕΜ.

1319 2338 1392 2367 ΝΕ.

1318 2444 1397 2473 ΕΜ.

1324 2496 1397 2526 ΝΕ.

1318 2602 1396 2632 ΕΜ.

1319 2707 1392 2737 ΝΕ.

1319 2760 1396 2790 ΕΜ.

1319 2866 1392 2895 ΝΕ.

1318 2919 1397 2948 ΕΜ.

1319 3024 1376 3054 ΦΙ.

1318 3130 1391 3160 ΝΕ.

1317 3237 1382 3267 ΕΜ

1318 3395 1390 3425 ΝΕ.

1315 3606 1392 3639 ΕΜ.

1404 376 1507 420 μόνον
1526 373 1598 407 θεοὶ
1617 373 1759 414 σώζοιεν
1776 374 1813 406 ἓκ
1832 385 1867 406 τε
1888 371 1994 416 τῆσδε
2011 371 2074 417 γῆς

1405 426 1492 473 ἡμᾶς
1510 425 1589 462 ὅποι
1606 422 1636 460 τ’
1655 424 1787 460 ἐνθένδε
1803 422 2042 470 βουλοίμεσθα
2058 423 2173 459 πλεῖν.

1408 480 1434 516 ὦ
1453 479 1623 526 φίλτατον
1640 478 1701 524 μὲν
1718 475 1820 524 ἦμαρ,
1840 476 1980 523 ἥδιστος
1998 475 2026 512 δ’
2046 475 2142 523 ἀνὴρ,

1408 533 1511 580 φίλοι
1529 532 1565 567 δὲ
1585 533 1712 574 ναῦται,
1732 533 1804 567 πῶς
1822 529 1863 565 ἂν
1881 529 1959 575 ὑμῖν
1977 528 2130 576 ἐμφανὴς

1407 588 1495 634 ἔργῳ
1513 584 1684 632 γενοίμην,
1705 584 1749 620 ὥς
1765 583 1799 629 μ’
1820 582 1942 618 ἔθεσθε
1958 582 2158 629 προσφιλῆ.

1405 638 1520 684 ἴωμεν,
1541 637 1568 672 ὦ
1585 639 1657 678 παῖ,
1677 635 1918 684 προσκύσαντε
1936 635 1996 680 τὴν
2014 636 2084 670 ἔσω

1408 693 1523 727 ἄοικον
1541 690 1742 734 εἶσοίκησιν,
1764 690 1808 726 ὣς
1825 704 1868 735 με
1887 689 1940 724 καὶ
1958 688 2068 734 μάθῃς

1408 744 1469 791 ἀφ’
1490 745 1536 779 ὢν
1554 744 1682 787 διέζων,
1704 743 1748 779 ὥς
1766 744 1794 778 τ’
1813 743 1901 788 ἔφυν
1919 741 2106 788 εὐκάρδιος.

1411 796 1502 844 οἶμαι
1519 797 1587 845 γὰρ
1606 796 1675 831 οὐδ’
1696 796 1737 831 ἂν
1755 794 1904 842 ὄμμασιν
1921 796 2025 840 μόνην
2043 794 2123 829 θέαν

1409 852 1519 886 ἄλλον
1535 850 1690 893 λαβόντα
1707 849 1798 894 πλὴν
1816 849 1898 895 ἐμοῦ
1916 849 2036 894 τλῆναι
2053 847 2145 882 τάδε·

1410 905 1476 952 ἐγὼ
1495 903 1523 939 δ’
1544 903 1670 950 ἀνάγκῃ
1688 901 1886 950 προῦμαθον
1905 901 2062 948 στέργειν
2080 901 2176 935 κακά.

1409 958 1607 1003 ἐπίσχετον,
1627 955 1799 1002 μάθωμεν.
1829 955 1930 1002 ἄνδρε
1946 954 2016 1002 γὰρ
2033 952 2107 994 δύο,

1411 1013 1429 1046 ὁ
1448 1011 1509 1056 μὲν
1527 1010 1608 1046 νεὼς
1627 1010 1691 1054 σῆς
1710 1009 1889 1053 ναυβάτης,
1909 1010 1927 1043 ὁ
1947 1007 1976 1043 δ’
1995 1006 2202 1054 ἀλλόθρους,

1409 1065 1585 1111 χωρεῖτον,
1607 1062 1652 1098 ὢν
1669 1061 1832 1108 μαθόντες
1849 1060 1945 1097 αὖθις
1963 1058 2105 1096 εἴσιτον.

1411 1116 1604 1163 Ἀχιλλέως
1620 1117 1693 1156 παῖ,
1713 1115 1811 1150 τόνδε
1828 1115 1887 1150 τὸν
1905 1113 2128 1161 ξυνέμπορον,

1412 1170 1449 1207 ὃς
1466 1169 1507 1215 ἦν
1525 1170 1606 1206 νεὼς
1625 1170 1690 1214 σῆς
1709 1168 1774 1204 σὺν
1792 1168 1885 1203 δυοῖν
1902 1167 2026 1202 ἄλλοιν
2043 1165 2176 1213 φύλαξ,

1412 1221 1569 1260 ἐκέλευσ’
1588 1221 1664 1268 ε’μοί
1683 1236 1725 1256 σε
1742 1223 1809 1257 ποῦ
1828 1224 1937 1267 κυρῶν
1955 1218 2024 1265 ε’ίης
2041 1220 2190 1267 φράσαι,

1412 1276 1551 1323 ἐπείπερ
1568 1275 1769 1322 ἀντέκυρσα,
1788 1274 1939 1318 δοξάζων
1955 1274 2018 1319 μὲν
2035 1273 2088 1313 οὓ,

1413 1329 1499 1376 τύχῃ
1519 1329 1558 1365 δέ
1572 1343 1645 1365 πως
1661 1329 1747 1375 πρὸς
1763 1329 1886 1363 ταυτὸν
1903 1326 2079 1374 ὁρμισθεὶς
2095 1325 2212 1362 πέδον.

1413 1383 1529 1420 πλέων
1545 1383 1612 1430 γὰρ
1631 1382 1676 1418 ὡς
1693 1380 1880 1428 ναύκληρος
1897 1381 1937 1415 οὐ
1954 1381 2079 1428 πολλῷ
2097 1380 2214 1428 στόλῳ

1415 1437 1453 1481 ἐξ
1469 1435 1577 1471 Ἰλίου
1593 1436 1680 1483 πρὸς
1697 1431 1790 1469 οἷκον
1807 1434 1842 1470 ἐς
1858 1433 1920 1478 τὴν
1937 1435 2103 1480 εὔβοτρυν

1416 1488 1633 1536 Πεπάρηθον,
1652 1488 1697 1524 ὡς
1714 1489 1845 1533 ἤκουσα
1863 1486 1943 1523 τοὺς
1961 1484 2081 1522 ναύτας
2099 1484 2153 1521 ὅτι

1417 1544 1475 1577 σοὶ
1492 1543 1616 1578 πάντες
1633 1538 1699 1576 εἶεν
1717 1540 2106 1581 συννεναυστοληκότες,

1418 1595 1517 1639 ἔδοξέ
1532 1609 1591 1640 μοι
1608 1594 1653 1639 μὴ
1673 1595 1768 1640 σῖγα,
1786 1592 1868 1639 πρὶν
1883 1591 2060 1639 φράσαιμί
2076 1605 2147 1630 σοι,

1418 1650 1477 1683 τὸν
1495 1649 1606 1684 πλοῦν
1623 1646 1810 1685 ποιεῖσθαι,
1828 1646 2063 1692 προστυχόντι
2080 1647 2147 1678 τῶν
2163 1641 2263 1682 ἰ’σων.

1419 1702 1518 1736 οὐδὲν
1537 1699 1582 1735 σύ
1599 1715 1666 1736 που
1685 1697 1852 1734 κάτοισθα
1869 1701 1936 1733 τῶν
1954 1699 2084 1732 σαυτοῦ
2100 1696 2190 1744 πέρι,

1419 1754 1441 1789 ἃ
1459 1756 1572 1789 τοῖσιν
1588 1752 1799 1800 Ἀργείοισιν
1816 1751 1907 1797 ἀμφὶ
1926 1753 1992 1786 σοῦ
2010 1750 2068 1786 νέα

1419 1804 1625 1852 Βουλεύματ’
1643 1805 1731 1840 ἐστί·
1760 1804 1821 1840 κοῦ
1837 1806 1941 1850 μόνον
1957 1801 2190 1849 βουλεύματα,

1418 1859 1498 1896 ἀλλ’
1517 1861 1600 1907 ἔργα
1619 1857 1771 1906 δρώμεν’,
1792 1858 1852 1892 οὐκ
1870 1857 1915 1892 ἔτ’
1936 1855 2178 1904 ἐξαργούμενα.

1418 1913 1497 1949 ἀλλ’
1517 1912 1537 1958 ἡ
1555 1914 1654 1960 χάρις
1672 1912 1734 1957 μὲν
1751 1913 1811 1957 τῆς
1827 1909 2028 1958 προμηθίας,
2048 1909 2134 1954 ξένε,

1419 1967 1449 2002 εἷ
1465 1966 1511 2012 μὴ
1531 1967 1630 2002 κακὸς
1647 1966 1797 2011 πέφυκα,
1817 1962 2020 2010 προσφιλὴς
2035 1964 2138 2008 μενεῖ·

1424 2016 1564 2061 φράσον
1582 2013 1611 2049 δ’
1630 2014 1716 2060 ἅπερ
1733 2012 1766 2061 γ’
1785 2014 1921 2058 ἔλεξας,
1942 2015 1987 2051 ὣς
2003 2014 2100 2059 μάθω
2118 2013 2153 2048 τί
2168 2028 2227 2060 μοι
2263 2025 2266 2028 “

1424 2069 1586 2114 νεώτερον
1602 2065 1766 2112 βούλευμ’
1785 2065 1842 2102 ἀπ’
1861 2066 2025 2114 Ἀργείων
2042 2067 2144 2113 ἔχεις.

1422 2121 1569 2167 φροῦδοι
1588 2119 1763 2156 διώκοντές
1782 2134 1824 2154 σε
1842 2122 1983 2168 ναυτικῷ
2003 2121 2120 2167 στόλῳ

1424 2173 1541 2217 Φοῖνιξ
1559 2175 1578 2208 ὁ
1595 2172 1753 2219 πρέσβυς
1771 2170 1806 2207 οἵ
1820 2187 1858 2207 τε
1875 2173 2017 2217 Θησέως
2035 2174 2142 2219 κόροι.

1422 2227 1467 2262 ὡς
1486 2224 1523 2260 ἐκ
1539 2225 1618 2267 βίας
1634 2224 1668 2271 μ’
1688 2225 1837 2269 ἄξοντες,
1856 2224 1877 2270 ἢ
1895 2227 2015 2272 λόγοις
2031 2226 2136 2261 πάλιν
2150 2238 2160 2266 ;

1423 2279 1484 2314 οὐκ
1502 2275 1578 2314 οἶδ’·
1609 2276 1759 2314 ἀκούσας
1777 2277 1806 2313 δ’
1824 2278 1972 2325 ἄγγελος
1989 2278 2128 2324 πάρειμί
2146 2292 2218 2314 σοι.

1421 2330 1441 2376 ἦ
1460 2334 1565 2366 ταῦτα
1583 2331 1623 2376 δὴ
1642 2331 1759 2375 Φοῖνιξ
1777 2345 1814 2365 τε
1830 2331 1891 2377 χοῖ
1909 2331 2134 2375 ξυνναυβάται

1423 2382 1511 2419 οὕτω
1531 2383 1606 2419 καθ’
1626 2383 1732 2431 ὁρμὴν
1750 2384 1878 2430 δρῶσιν
1894 2383 2076 2431 Ἀτρειδῶν
2092 2385 2216 2432 χάριν;

1427 2438 1472 2473 ὡς
1490 2436 1583 2472 ταῦτ’
1603 2437 1734 2472 ἐπίστω
1753 2436 1906 2484 δρώμεν’,
1926 2437 1966 2472 οὔ
1983 2436 2148 2482 μέλλοντ’
2166 2438 2231 2474 ἔτι.

1423 2493 1495 2526 πῶς
1514 2489 1573 2525 οὖν
1589 2489 1783 2526 Ὀδυσσεὺς
1799 2491 1885 2537 πρὸς
1902 2489 1973 2526 τάδ’
1993 2490 2054 2525 οὐκ
2072 2490 2283 2538 αὐτάγγελος

1426 2545 1526 2579 πλεῖν
1542 2541 1583 2587 ἦν
1601 2542 1755 2588 ἔτοιμος;
1784 2541 1804 2588 ἢ
1823 2544 1938 2589 φόβος
1955 2557 2007 2580 τις
2024 2539 2118 2590 εἶργέ
2133 2557 2184 2579 νιν
2197 2556 2208 2584 ;

1423 2598 1530 2632 κεῖνός
1546 2595 1578 2643 γ’
1598 2595 1651 2631 ἐπ’
1670 2596 1780 2631 ἄλλον
1797 2594 1890 2643 ἄνδρ’
1907 2598 1927 2632 ὁ
1945 2594 2076 2633 Τυδέως
2092 2611 2130 2631 τε
2147 2597 2227 2637 παῖς

1424 2650 1604 2690 ἔστελλον,
1624 2647 1706 2694 ἡνίκ’
1727 2649 1937 2696 ε’ξανηγόμην
1954 2649 2034 2696 ε’γώ.

1421 2703 1507 2748 πρὸς
1524 2703 1623 2737 ποῖον
1639 2701 1681 2738 αὖ
1699 2701 1786 2737 τόνδ’
1806 2702 1906 2738 αὐτὸς
1923 2701 2116 2739 οὑδυσσεὺς
2133 2702 2252 2744 ἔπλει;

1421 2753 1463 2799 ἦν
1481 2753 1521 2799 δή
1540 2769 1603 2791 τις.
1632 2755 1726 2790 ἀλλὰ
1743 2755 1839 2790 τόνδε
1856 2769 1914 2800 μοι
1932 2758 2067 2802 πρῶτον
2084 2755 2225 2802 φράσον

1423 2807 1475 2843 τίς
1493 2808 1600 2843 ἐστίν·
1630 2807 1670 2842 ἃν
1687 2808 1792 2855 λέγῃς
1810 2808 1847 2843 δὲ
1865 2808 1915 2855 μὴᾼ
1929 2809 2036 2854 φώνει
2053 2808 2153 2855 μέγα.

1423 2859 1472 2895 ὅδ’
1491 2859 1567 2895 ἔσθ’
1588 2863 1607 2895 ὁ
1626 2862 1757 2897 κλεινός
1776 2875 1834 2896 σοι
1852 2860 2072 2906 Φιλοκτήτης,
2092 2860 2180 2905 ξένε.

1422 2912 1467 2958 μή
1487 2911 1545 2948 νύν
1562 2913 1596 2958 μ’
1615 2914 1673 2960 ἔρῃ
1692 2914 1734 2948 τὰ
1750 2912 1894 2957 πλείον’,
1914 2913 1993 2949 ἀλλ’
2013 2913 2098 2949 ὅσον
2115 2915 2220 2960 τάχος

1422 2966 1540 3001 ἔκπλει
1559 2968 1704 3001 σεαυτὸν
1721 2967 1908 3011 ξυλλαβὼν
1925 2967 1962 3001 ἐκ
1979 2967 2087 3012 τῆσδε
2102 2968 2178 3014 γῆς.

1423 3019 1458 3053 τί
1475 3020 1597 3065 φησιν,
1618 3019 1644 3054 ὦ
1662 3021 1744 3060 παῖ,
1774 3019 1808 3054 τί
1824 3034 1867 3064 με
1885 3020 1969 3054 κατὰ
1987 3021 2112 3055 σκότον
2128 3019 2213 3055 ποτὲ

1422 3072 1590 3118 διεμπολᾷ
1607 3073 1747 3119 λόγοισι
1765 3074 1851 3119 πρός
1869 3071 1903 3107 σ’
1921 3074 1939 3107 ὁ
1958 3073 2147 3116 ναυβάτης;

1421 3125 1482 3159 οὐκ
1497 3122 1572 3160 οἶδά
1590 3140 1643 3160 πω
1661 3125 1695 3160 τί
1712 3126 1815 3171 φησι·
1844 3125 1897 3160 δεῖ
1913 3124 1942 3160 δ’
1961 3125 2063 3161 αὐτὸν
2078 3125 2194 3172 λέγειν

1423 3179 1457 3215 ἐς
1481 3180 1557 3224 φῶς
1576 3177 1594 3212 ὃ
1618 3178 1725 3222 λέξει,
1744 3179 1830 3225 πρὸς
1844 3179 1887 3213 σὲ
1905 3178 1987 3223 κάμὲ
2005 3177 2132 3214 τούσδε
2149 3193 2199 3214 τε.

1423 3229 1449 3265 ὦ
1468 3230 1591 3277 σπέρμ’
1610 3230 1813 3276 Ἀχιλλέως,
1832 3229 1878 3277 μή
1891 3246 1934 3276 με
1952 3231 2118 3276 διαβάλῃς
2136 3235 2272 3280 στρατῷ

1419 3283 1559 3330 λέγονθ’
1579 3282 1600 3318 ἃ
1619 3283 1664 3328 μὴ
1684 3284 1747 3319 δεῖ·
1775 3283 1878 3320 πόλλ’
1898 3283 1965 3331 ἐγὼ
1983 3283 2100 3319 κείνων
2116 3282 2183 3320 ὕπο

1421 3336 1510 3383 δρῶν
1527 3336 1728 3383 ἀντιπάσχω
1745 3337 1883 3384 χρηστά
1899 3336 1945 3384 γ’,
1964 3333 2010 3372 οἷ’
2027 3337 2111 3384 ἀνὴρ
2128 3338 2243 3383 πένης.

1420 3388 1487 3435 ἐγώ
1506 3388 1569 3434 εἶμ’
1589 3388 1776 3436 Ἀτρείδαις
1795 3388 1974 3435 δυσμενής·
2003 3388 2103 3426 οὗτος
2120 3389 2159 3424 δέ
2174 3405 2232 3435 μοι

1419 3442 1525 3487 φίλος
1543 3441 1718 3489 μέγιστος,
1739 3441 1844 3478 οὕνεκ’
1862 3442 2036 3490 Ἀτρείδας
2054 3444 2187 3489 στυγεῖ.

1420 3495 1472 3530 δεῖ
1488 3493 1528 3539 δὴ
1549 3493 1582 3529 σ’
1602 3495 1709 3543 ἔμοιγ’
1729 3495 1874 3531 ἐλθόντα
1893 3496 2075 3542 προσφιλῆ
2094 3497 2207 3542 λόγων

1419 3546 1550 3594 κρύψαι
1567 3549 1653 3594 πρὸς
1672 3548 1756 3593 ἡμᾶς
1773 3547 1885 3594 μηδέν’
1905 3547 1950 3582 ὧν
1967 3546 2122 3592 ἀκήκοας-

1419 3600 1482 3648 ὅρα
1500 3601 1533 3635 τί
1550 3602 1668 3642 ποιεῖς,
1689 3603 1762 3637 παῖ.
1818 3606 1892 3638 NE.
1922 3604 2041 3638 σκοπῶ
2059 3601 2151 3650 κάγὼ
2167 3602 2288 3639 πάλαι.

2290 487 2354 520 530

2296 1016 2359 1051 540

2300 1284 2360 1318 545

2304 1551 2364 1584 550

2304 1815 2366 1850 555

2305 2335 2368 2378 ⁵⁶5

2305 2609 2369 2643 57⁰

2305 2873 2367 2908 575

2306 3131 2368 3172 580

2305 3395 2365 3438 58⁵
2426 3435 2427 3438 ,
