2488 3860
183 264 268 318 888
1082 264 1409 314 ΕΥΡΙΠΙΔΟΥ

285 372 321 409 ἔν
337 371 365 408 τ’
385 370 512 419 ὅμμασι
530 368 737 420 σκυθρωπόν.
774 370 844 410 ε’ίθε
859 373 938 418 παῖς
956 372 1032 419 ε’μὸς

286 425 423 490 εὔθηρος
440 424 500 468 εἴη,
519 427 643 473 μητρὸς
659 425 825 467 εἰκασθεὶς
841 428 988 474 τρόποις,

287 476 336 513 ὅτ’
355 479 390 514 ἐν
408 478 568 514 νεανίαισι
587 479 747 523 Θηβαίοις
765 478 854 525 θαμὰ

287 529 430 596 θηρῶν’
413 530 577 579 οριγνῷτῖ
614 531 705 567 ἀλλὰ
722 531 898 577 θεομαχεῖν
914 532 1016 577 μόνον
1141 545 1175 567 12
1180 544 1196 576 5
1201 544 1217 576 5

284 580 354 619 οἷός
370 581 401 617 τ’
421 583 553 621 ἐκεῖνος.
590 583 812 629 νουθετητέος,
831 585 949 630 πάτερ,

286 636 344 670 σοί
361 633 392 670 τ’
412 635 487 671 ἐστὶ
505 635 602 680 κάμοὶ
618 635 664 681 μὴ
683 637 808 682 σοφοῖς
824 635 955 683 χαίρειν
972 638 1092 673 κακοῖς.

285 689 351 725 τοῦ
370 686 480 734 ’qv-⁴1⁴2
505 688 556 724 τίς
573 687 672 724 αὐτὸν
689 687 778 735 δεῦρ’
798 688 838 723 ἂν
856 688 940 735 ὄψιν
957 688 1004 726 εἰς
1023 688 1102 734 ε’μὴν

287 739 468 783 καλέσειεν,
488 740 532 776 ὧς
549 738 602 784 ἴδῃ
620 755 663 786 με
679 740 739 785 τὴν
757 740 932 785 εὐδαίμονα
942 755 954 781 ,·

186 795 255 827 ΚΑ.
284 791 351 837 φεῦ
369 792 447 837 φεῦ·
475 792 693 839 φρονήσασαι
710 792 771 838 μὲν
788 790 832 831 οἷ’
851 792 1015 839 ἐδράσατε
1144 796 1222 828 1260

286 843 448 891 ἀλγήσετ’
469 845 573 892 ἄλγος
590 845 707 889 δεινόν·
735 845 764 881 εἶ
783 845 819 885 δέ
837 845 892 883 διὰ
909 845 1031 886 τέλους

288 898 322 932 ἐν
339 897 414 944 τῷδ’
434 897 485 937 ἀεὶ
501 895 635 942 μενεῖτ’,
655 898 690 934 ἐν
707 894 734 946 ᾧ
752 896 947 940 καθέστατε,

289 949 348 984 οὐκ
366 950 566 995 εὐτυχοῦσαι
584 949 692 994 δόξετ’
712 949 788 995 οὐχὶ
806 950 994 995 δυστυχεῖν.

185 1006 281 1036 ΑΓΑ.
309 1002 343 1036 τί
360 1002 388 1036 δ’
407 1002 446 1038 οὒ
464 1004 573 1040 καλῶς
590 1000 699 1043 τῶνδ’,
718 1001 738 1046 ἢ
757 1001 791 1037 τί
807 1002 963 1047 λυπηρῶς
980 1003 1072 1047 ἔχεις

185 1060 254 1089 ΚΑ.
282 1057 414 1099 πρῶτον
429 1055 491 1100 μὲν
507 1055 541 1091 ἐς
557 1053 646 1090 τόνδ’
666 1053 769 1100 αἰθέρ’
789 1053 878 1098 ὄμμα
896 1054 960 1088 σὸν
976 1054 1085 1099 μέθες.
1143 1057 1220 1098 1265

183 1112 279 1142 ΑΓΛ.
309 1105 391 1142 ἰδού·
417 1107 452 1150 τί
466 1121 524 1152 μοι
540 1106 628 1148 τόνδ’
648 1106 826 1150 ἐξυπεῖπας
843 1106 1001 1152 εἷσορᾶνς

184 1164 256 1196 KA.
285 1158 333 1193 ἔθ’
353 1158 461 1202 αὑτὸς,
479 1161 503 1204 ἤ
519 1172 576 1201 σοι
593 1158 784 1204 μεταβολὰς
801 1158 891 1203 ἔχειν
908 1157 1018 1200 δοκεῖς

188 1217 280 1246 ΑΓΛ.
306 1212 537 1258 λαμπρότερος
554 1210 574 1256 ἢ
591 1211 671 1257 πρὶν
688 1211 741 1246 καὶ
759 1210 1014 1257 διιπετέστερος.

183 1269 255 1299 ΚΑ.
285 1265 324 1298 τὸ
342 1264 379 1298 δὲ
395 1264 539 1309 πτοηθὲν
555 1261 625 1300 τόδ’
645 1263 693 1299 ἔτι
712 1266 757 1307 σῇ
774 1263 873 1309 ψυχῇ
891 1263 1004 1309 πάρα,-

186 1322 278 1352 ΑΓΑ.
308 1317 366 1351 οὐκ
384 1314 457 1360 οἶδα
474 1317 596 1353 τοῦπος
612 1317 722 1358 τοῦτο,
741 1315 897 1363 γίγνομαι
915 1315 953 1352 δέ
969 1330 1041 1353 πως
1144 1327 1223 1361 1270

288 1369 409 1411 ἔννους,
428 1367 677 1414 μετασταθεῖσα
694 1370 759 1403 τῶν
775 1368 882 1415 πάρος
900 1367 1042 1414 φρενῶν.

186 1427 254 1456 KA.
288 1421 400 1457 κλύοις
418 1421 459 1457 ἂν
476 1419 533 1457 οὖν
549 1435 592 1462 τι,
612 1417 816 1467 κάποκρίναι’
837 1420 877 1456 ἂν
894 1421 1038 1466 σαφῶς,·

186 1479 280 1509 ΑΓΑ-
309 1475 353 1513 ὡς
371 1473 582 1519 ἐκλέλησμαί
597 1471 631 1519 γ’
651 1471 672 1508 ἃ
689 1473 795 1519 πάρος
813 1471 959 1518 εἴπομεν,
976 1475 1092 1522 πάτερ.

186 1532 254 1563 KA.
288 1527 321 1567 ,ἐς
338 1529 434 1562 ποῖον
451 1524 553 1572 ἦλθες
570 1522 660 1561 οἶκον
677 1522 839 1570 ὑμεναίων
855 1525 960 1571 pira,-

187 1584 279 1614 ΑΓΑ.
310 1583 448 1628 σπαρτῷ
465 1578 499 1625 μ’
519 1579 654 1617 ἔδωκας,
674 1578 718 1614 ὡς
734 1576 890 1625 λέγουσ’,
911 1578 1049 1625 Ἐχίονι.
1146 1592 1223 1626 1275

187 1637 255 1667 KA.
286 1632 337 1668 τίς
354 1630 412 1667 οὖν
430 1631 465 1667 ἐν
482 1630 583 1667 οἴκοις
599 1632 677 1672 παῖς
696 1631 826 1678 ἐγένετο
845 1632 897 1679 σφ’
914 1634 1038 1673 πόσεις

187 1690 280 1720 ΑΓΑ.
309 1684 466 1726 Πενθεὺς,
485 1684 546 1730 ἐμῇ
563 1698 600 1718 τε
617 1684 671 1720 καὶ
688 1684 814 1730 πατρὸς
831 1686 994 1730 κοινωνίᾳ.

187 1743 257 1775 ΚΑ.
286 1737 374 1774 τίνος
390 1738 574 1784 πρόσωπον
591 1735 662 1780 δῆτ’
683 1736 719 1771 ἐν
736 1735 897 1784 ἀγκάλαις
913 1737 1002 1783 ἔχεις
1011 1751 1023 1778 t

188 1795 281 1825 ΑΓΛ.
309 1789 455 1833 λέοντος,
475 1789 519 1826 ὥς
535 1787 570 1835 γ’
590 1789 743 1834 ἔφασκον
759 1790 793 1824 αἱ
812 1788 1008 1836 θηρώμεναι.

188 1849 258 1878 KA.
288 1842 417 1888 σκέψαι
436 1856 493 1877 νυν
510 1840 627 1888 ὀρθῶς,
645 1840 777 1887 βραχὺς
794 1842 813 1876 ὁ
830 1841 958 1887 μόχθος
976 1841 1122 1882 εἰσιδεῖν.
1147 1847 1227 1878 1280

187 1901 281 1931 ΑΓΑ.
309 1895 356 1936 ἔα,
375 1894 410 1930 τί
425 1893 589 1934 λεύσσως
616 1892 650 1935 τί
667 1893 812 1940 φέρομαι
829 1894 897 1933 τόδ’
920 1894 955 1929 ἐν
970 1895 1107 1943 χεροῖν,

189 1953 259 1984 ΚΑ.
287 1947 437 1994 ἄθρησον
453 1947 532 1983 αὐτὸ
551 1946 605 1985 καὶ
623 1946 839 1992 σαφέστερον
855 1946 950 1991 μάθε.

189 2006 281 2037 ΔΓΑ.
310 2002 376 2047 ὁρῶ
393 1999 555 2046 μέγιστον,
571 1998 677 2045 ἄλγος
694 1997 713 2042 ή
731 1998 860 2035 τάλαιν’
881 2000 958 2046 ἐγώ.

190 2058 256 2089 KA.
290 2057 360 2098 μῶν
378 2066 435 2087 σοι
452 2051 563 2089 λέοντι
582 2050 736 2096 φαίνεται
752 2052 989 2097 προσεικέναι,-

190 2113 285 2143 ArA.
313 2105 383 2148 οὒκ,
403 2104 493 2139 ἀλλὰ
512 2103 664 2142 Πενθέως
681 2102 701 2148 ἡ
720 2103 847 2140 τάλαιν’
866 2105 934 2150 ἔχω
952 2106 1046 2153 κάρα.
1149 2109 1226 2151 1285

191 2163 260 2195 ΚΑ.
292 2158 492 2207 ᾠμωγμένον
508 2171 549 2204 γε
565 2155 717 2204 πρόσθεν
734 2156 754 2202 ἢ
773 2157 815 2192 σὲ
832 2158 1009 2203 γνωρίσαι.

191 2218 285 2248 ΑΓΛ.
313 2211 363 2247 τίς
381 2210 511 2247 ἔκτανέν
529 2224 600 2251 νινε
626 2212 697 2246 πῶς
715 2209 795 2252 ε’μᾶς
811 2207 887 2253 ἦλθ’
908 2212 942 2248 ἐς
957 2212 1082 2258 χέραςε

191 2270 263 2301 KA.
296 2261 430 2307 δύστην’
450 2261 590 2307 ἀλήθει’,
611 2262 655 2298 ὧς
673 2262 708 2298 ἐν
725 2262 764 2297 οὐ
783 2265 884 2310 καιρῷ
901 2265 1010 2311 πάρει.

191 2324 286 2353 ΑΓΛ.
314 2315 400 2362 λέγ’,
421 2316 464 2351 ὡς
481 2315 520 2350 τὸ
537 2315 670 2360 μέλλον
688 2314 805 2362 καρδία
821 2314 945 2362 πήδημ’
965 2317 1045 2362 ἔχει.

192 2375 260 2407 ΚΑ.
294 2368 338 2405 σύ
357 2382 406 2403 νιν
424 2367 578 2403 κατέκτας
595 2367 648 2403 καὶ
667 2367 863 2414 κασίγνηται
882 2369 992 2404 σέθεν.
1153 2383 1232 2416 1290

192 2430 284 2460 ΑΓΛ.
312 2424 377 2457 ποῦ
396 2419 426 2456 δ’
446 2417 568 2460 &ln-'3
595 2418 615 2465 ἦ
634 2419 704 2456 κατ’
723 2418 823 2463 οἶκόν,
843 2421 863 2466 ἢ
881 2422 989 2459 ποίοις
1005 2423 1141 2462 τόποις,·

194 2482 261 2512 ΚΑ.
293 2474 396 2520 οὗπερ
413 2473 493 2520 πρὶν
510 2471 676 2509 Ἀκτέωνα
693 2473 856 2520 διέλαχον
874 2475 979 2512 κύνες.

192 2535 286 2564 ΑΓΑ.
313 2527 346 2562 τί
364 2526 391 2561 δ’
412 2527 445 2563 ἐς
463 2524 638 2572 Κιθαιρῶν’
657 2525 741 2570 ἦλθε
760 2527 952 2573 δυσδαίμων
969 2526 1047 2570 ὅδε,-

194 2587 263 2618 KA.
295 2580 462 2626 ἐκερτόμει
481 2578 557 2613 θεὸν
575 2578 639 2615 σάς
657 2593 694 2613 τε
710 2579 873 2624 βακχείας
890 2580 1014 2625 μολών.

193 2640 287 2671 ΑΓΛ.
315 2632 406 2678 ἡμεῖς
425 2631 453 2667 δ’
472 2631 581 2666 ἐκεῖσε
598 2631 662 2666 τίνι
679 2632 792 2679 τρόπῳ
810 2631 995 2679 κατήραμεν
1005 2646 1017 2672 ,·
1154 2645 1231 2678 ¹²95

195 2693 265 2723 KA.
295 2686 443 2731 ἐμάνητε,
462 2685 558 2720 πᾶσά
574 2683 604 2719 τ’
624 2682 851 2730 ἐξεβακχεύθη
869 2686 978 2722 πόλις.

195 2746 289 2776 ΔΓΑ.
318 2738 480 2774 Διόνυσος
497 2736 580 2781 ἡμᾶς
598 2735 713 2774 &lm-’-
741 2736 815 2783 ἄρτι
832 2737 996 2782 μανθάνω.

196 2797 264 2827 ΚΑ.
295 2788 395 2837 ὕβριν
412 2788 443 2834 γ’
462 2788 650 2836 ὑβρισθείς.
690 2788 767 2824 θεὸν
783 2790 849 2836 γὰρ
867 2789 931 2835 οὐχ
948 2788 1089 2837 ἡγεῖσθέ
1104 2803 1164 2826 νιν.

196 2850 290 2880 ΔΓΑ.
317 2844 355 2877 τὸ
374 2841 539 2888 φίλτατον
557 2842 592 2877 δὲ
612 2844 709 2886 σῶμα
725 2843 791 2877 ποῦ
808 2842 935 2887 παιδὸς,
953 2843 1080 2889 πάτερε

197 2902 265 2932 KA.
299 2895 365 2941 ἐγὼ
382 2895 480 2939 μόλις
496 2893 564 2929 τόδ’
584 2892 803 2940 ἐξερευνήσας
820 2894 926 2941 φέρω.
1156 2908 1235 2939 1300

197 2955 290 2985 ΑΓΑ.
318 2945 338 2992 ἦ
356 2949 422 2983 πᾶν
440 2946 475 2980 ἐν
491 2945 626 2994 ἄρθροις
645 2946 913 2993 συγκεκλῃμένον
930 2947 1060 2988 καλῶςι

198 3007 267 3038 ΚΑ.
449 3008 469 3030 ⁴·
609 3008 628 3029 ο
752 3007 772 3031 ⁸
896 2999 915 3020 '¹

199 3059 294 3089 ΑΓΛ.
322 3049 443 3086 Πενθεῖ
461 3051 498 3086 δὲ
514 3050 548 3086 τί
564 3052 664 3098 μέρος
681 3050 878 3098 ἀφροσύνης
894 3051 1039 3099 προσῆκ’
1058 3051 1138 3098 ε’μῆς
1148 3065 1159 3091 ,·

201 3111 269 3142 ΚΑ.
301 3104 378 3149 ὑμῖν
395 3102 519 3149 ἐγένεθ’
539 3102 663 3148 ὅμοιος,
683 3104 722 3138 οὐ
741 3104 855 3146 σέβων
872 3103 958 3139 θεόν.

300 3155 418 3202 τοιγὰρ
436 3154 568 3202 ξυνῆψε
585 3156 709 3191 πάντας
727 3155 761 3192 ἐς
777 3156 856 3200 μίαν
871 3157 1020 3201 βλάβην,

302 3209 386 3253 ὑμᾶς
402 3221 439 3242 τε
456 3208 551 3242 τόνδε
569 3206 610 3249 θ’,
631 3207 720 3242 ὥστε
738 3208 890 3243 διολέσαι
909 3209 1030 3254 δόμους
1158 3219 1236 3252 1505

304 3258 391 3305 κᾶμ’,
410 3259 506 3296 ὅστις
523 3260 655 3296 ἄτεκνος
672 3259 822 3306 ἀρσένων
838 3260 966 3296 παίδων
983 3261 1103 3308 γεγὸς,

302 3313 360 3357 τῆς
380 3312 442 3357 σῆς
458 3311 528 3347 τόδ’
548 3312 652 3358 ἔρνος,
672 3310 698 3345 ὦ
715 3312 866 3352 τάλαινα,
886 3311 1003 3357 νηδύος

304 3363 468 3410 αἴσχιστα
486 3364 541 3400 καὶ
558 3364 699 3399 κάκιστα
716 3362 906 3399 κατθανόνθ’
926 3367 1005 3411 ὁρῶ,

303 3414 331 3466 ᾧ
349 3415 428 3460 δῶμ’
447 3415 623 3462 ἀνέβλεφ’,
643 3414 679 3452 ὃς
697 3418 860 3461 συνεῖχες,
881 3416 906 3451 ὦ
923 3418 1048 3458 τέκνον,

303 3468 426 3513 τούμὸν
442 3467 625 3515 μέλαθρον,
644 3468 762 3504 παιδὸς
780 3468 818 3512 ἐξ
837 3470 916 3513 ἐμῆς
932 3470 1050 3516 γεγὼς,
1161 3480 1241 3511 1310

302 3523 402 3557 πόλει
419 3535 456 3556 τε
472 3521 598 3567 τάρβος
614 3517 715 3564 ἦσθα·
741 3521 800 3555 τὸν
816 3520 956 3567 γέροντα
975 3522 1011 3556 δὲ

305 3573 414 3613 οὐδεὶς
431 3572 578 3623 ὑβρίζειν
595 3570 704 3619 ἤθελ’,
723 3572 866 3622 εἶσορῶν
885 3574 923 3608 τὸ
942 3575 1005 3610 σὸν

1367 371 1460 419 κάρα·
1487 369 1581 416 δίκην
1596 368 1662 418 γὰρ
1679 367 1777 415 ἀξίαν
1793 368 1991 417 ἐλάμβανεν.

1367 427 1424 460 νῦν
1441 422 1472 460 δ’
1492 425 1528 460 ἐκ
1545 424 1655 469 δόμων
1671 423 1786 468 άτιμος
1803 422 2056 469 ἐκβεβλήσομαι

1367 480 1385 512 ὁ
1405 477 1537 522 Κάδμος
1554 477 1573 511 ό
1590 475 1704 522 μέγας,
1723 474 1760 514 ὃς
1775 475 1815 512 τὸ
1832 475 1990 520 Θηβαίων
2006 475 2102 523 γένος
2219 487 2256 520 ¹3
2266 486 2297 521 15

1366 530 1517 575 ἔσπειρα,
1537 527 1714 574 κάξήμησα
1731 529 1916 568 κάλλιστον
1932 527 2039 575 θέρος.

1367 581 1393 615 ὦ
1411 579 1550 627 φίλτατ’
1569 580 1706 627 ἀνδρῶν,
1726 580 1780 618 καὶ
1795 581 1861 627 γὰρ
1879 579 1985 618 οὐκέτ’
2005 579 2051 623 ὢν
2067 579 2156 627 ὅμως

1366 637 1432 668 τῶν
1449 633 1624 679 φιλτάτων
1640 631 1747 679 ἔμοιγ’
1766 631 1944 679 ἀριθμήσει
1960 631 2094 675 τέκνων,

1368 685 1476 720 οὐκέτι
1493 685 1622 732 γενείου
1639 685 1737 723 τοῦδε
1755 684 1920 732 θιγγάνων
1935 686 2023 732 χερὶ,

1367 739 1426 773 τὸν
1442 739 1566 784 μητρὸς
1582 737 1690 775 αὐδῶν
1705 737 1832 784 πατέρα
1844 736 2064 784 προοπτύξει,
2078 737 2203 781 τέκνον,
2223 751 2300 783 ¹320

1366 790 1487 837 λέγων,
1506 789 1557 826 τίς
1573 789 1690 831 ἀδικεῖ,
1709 789 1760 828 τίς
1777 786 1814 825 σ’
1833 789 1992 835 ἀτιμάζει»
2010 790 2123 841 γέρον,

1367 842 1417 878 τίς
1436 842 1501 887 σὴν
1516 843 1682 888 ταράσσει
1700 841 1836 887 καρδίαν
1851 842 1999 889 λυπηρὸς
2017 841 2084 884 611,-

1367 894 1454 941 λέγ’,
1473 895 1517 931 ὡς
1535 895 1665 937 κολάζω
1682 894 1740 932 τὸν
1757 893 1931 933 ἀδικοῦντά
1948 894 1996 937 α’,
2014 894 2041 934 ὦ
2057 896 2174 942 πάτερ.

1369 949 1426 983 νῦν
1444 946 1473 983 δ’
1493 946 1610 984 ἅθλιος
1627 945 1687 992 μέν
1704 945 1767 992 εἶμ’
1786 946 1864 994 ἐγὼ,
1883 946 2019 992 τλήμων
2035 947 2071 983 δὲ
2089 948 2147 993 σὺ,

1370 1000 1484 1046 οἰκτρὰ
1502 999 1539 1034 δὲ
1555 997 1675 1046 μήτηρ,
1692 998 1854 1046 τλήμονες
1871 999 1908 1038 δὲ
1927 998 2098 1050 σύγγονοι.
2225 1014 2300 1045 1325

1370 1052 1399 1086 εἷ
1418 1051 1448 1087 δ’
1468 1052 1562 1087 ἔσται
1580 1050 1675 1091 ὅστις
1690 1053 1852 1097 δαιμόνων
1868 1051 2082 1098 ὑπερφρονεῖ,

1369 1105 1403 1141 ἐς
1419 1104 1508 1140 τοῦδ’
1528 1103 1678 1152 ἀθρήσας
1696 1104 1837 1144 θάνατον
1854 1103 2003 1150 ἡγείσθω
2021 1102 2127 1143 θεούς.

1268 1162 1336 1191 ΧΟ.
1368 1158 1408 1192 τὸ
1424 1159 1487 1192 σὸν
1503 1156 1564 1202 μὲν
1581 1158 1687 1204 ἀλγῶ,
1707 1157 1830 1202 Κάδμε·
1858 1155 1920 1192 σὸς
1938 1156 1968 1191 δ’
1987 1157 2057 1202 ἔχει
2075 1155 2168 1201 δίκην

1369 1211 1447 1246 παῖς
1463 1209 1581 1247 παιδὸς
1598 1209 1696 1254 ἀξίαν
1712 1210 1782 1255 μὲν,
1801 1208 1958 1256 ἀλγεινὴν
1975 1209 2011 1247 δὲ
2030 1208 2097 1244 σοι’.

1271 1269 1364 1298 ΑΓΛ.
1394 1262 1420 1297 ὦ
1437 1263 1555 1310 πάτερ,
1573 1264 1652 1310 ὁρᾷς
1667 1263 1734 1310 γὰρ
1750 1260 1824 1307 τᾶμ’
1843 1261 1916 1310 ὅσῳ
1933 1261 2162 1308 μετεστράφη,
2227 1273 2306 1305 1330

1777 1320 1797 1340 ο

1270 1375 1324 1404 ΔῙ.
1777 1377 1794 1395 ⁰

1372 1421 1502 1468 δράκων
1517 1420 1653 1468 γενήσει
1670 1420 1879 1467 μεταβαλὼν,
1899 1419 2006 1466 δάμαρ
2023 1433 2060 1457 τε
2078 1418 2123 1464 σὴ

1373 1472 1602 1520 ἐκθηριωθεῖσ’
1623 1473 1727 1520 ὄφεος
1744 1471 1886 1518 ἀλλάξει
1904 1470 2019 1514 πἰποϋ»

1373 1524 1413 1570 ἦν
1425 1523 1546 1573 Ἀρεος
1563 1527 1666 1572 ἔσχες
1683 1525 1870 1573 Ἀρμονίαν,
1889 1523 2005 1570 θνητὸς
2022 1523 2141 1572 ww&-

1373 1578 1455 1624 ὅχον
1473 1579 1509 1613 δὲ
1525 1580 1675 1624 μόσχων,
1694 1578 1848 1625 χρησμὸς
1866 1578 1910 1615 ὣς
1925 1576 2020 1624 λέγει
2039 1576 2131 1617 Διὸς,

1373 1632 1452 1676 ἐλᾷς
1469 1631 1539 1676 μετ’
1559 1631 1699 1677 ἀλόχου,
1718 1631 1900 1678 βαρβάρων
1917 1628 2108 1677 ἡγούμενος.

1372 1684 1505 1720 πολλὰς
1523 1684 1559 1719 δὲ
1577 1684 1714 1730 πέρσεις
1731 1682 1899 1731 ἀναρίθμῳ
1918 1679 2140 1729 στρατεύματι
2229 1691 2305 1724 1335

1373 1738 1500 1773 πόλεις·
1529 1736 1607 1771 ὅταν
1625 1736 1661 1771 δὲ
1679 1735 1802 1780 Λοξίου
1819 1733 2025 1782 χρηστήριον

1374 1790 1599 1851 διαρπάσωσι,
1618 1790 1740 1827 νόστον
1756 1788 1875 1825 ἄθλιον
1891 1788 1994 1828 πάλιν

1376 1840 1561 1887 σχήσουσι·
1589 1856 1631 1877 σε
1650 1840 1679 1876 δ’
1693 1840 1797 1907 Ἀρης
1814 1840 1991 1885 Ἁρμονίαν
2007 1853 2044 1878 τε
2060 1838 2211 1886 ῥνσπβι,

1374 1894 1529 1941 μακάρων
1545 1892 1575 1929 τ’
1595 1895 1629 1931 ἐς
1645 1891 1720 1930 αἶαν
1737 1894 1801 1930 σὸν
1818 1892 2011 1940 καθιδρύσει
2028 1892 2118 1934 fiunt

1375 1946 1464 1981 ταῦτ’
1485 1947 1561 1992 ουχὶ
1577 1945 1696 1991 θνητοῦ
1713 1947 1838 1993 πατρὸς
1856 1945 1999 1993 ἐκγεγὼς
2015 1940 2106 1992 λεγω
2231 1955 2309 1986 1340

1376 2000 1550 2040 Διόνυσος,
1569 1998 1660 2035 ἀλλὰ
1678 2000 1788 2043 Ζηνός·
1816 1999 1846 2035 εἷ
1864 1998 1900 2035 δε
1919 1998 2110 2044 σωφρονεῖν

1377 2050 1507 2099 ἔγνωθ’,
1527 2050 1577 2086 ὅτ’
1597 2051 1655 2086 οὐκ
1673 2050 1824 2096 ἠθέλετε,
1844 2052 1902 2087 τὸν
1920 2052 1999 2088 Διὸς
2015 2051 2117 2097 γόνον

1377 2102 1592 2149 εὐδαιμονοῖτ’
1612 2104 1652 2139 ἂν
1670 2102 1848 2150 σύμμαχον
1865 2102 2065 2148 κεκτημένοι.

1275 2163 1369 2193 ΑΓΛ.
1391 2159 1544 2198 Διόνυσε,
1563 2155 1783 2201 λισσόμεσθά
1801 2156 1846 2200 π’,
1865 2154 2072 2201 ἠδικήκαμεν.

1276 2216 1331 2246 ΔΙ.
1379 2209 1440 2257 ὄψ’
1460 2207 1592 2255 ἐμάθεθ’
1612 2208 1707 2254 ἡμᾶς,
1724 2207 1780 2243 ὅτε
1798 2207 1828 2244 δ’
1850 2209 1960 2253 ἐχρῆν,
1981 2208 2040 2244 οὐκ
2057 2206 2165 2253 ᾔδετε.
2234 2219 2310 2250 ¹3⁴5

1276 2269 1368 2301 ΑΓΔ.
1389 2264 1575 2310 ἐγνώκαμεν
1592 2260 1693 2296 ταῦτ’·
1721 2259 1801 2295 ἀλλ’
1821 2261 1994 2307 ἐπεξέρχει
2011 2260 2098 2300 λίαν.

1277 2322 1332 2351 ΔΙ.
1379 2317 1432 2351 καὶ
1449 2316 1514 2363 γὰρ
1531 2315 1616 2362 πρὸς
1632 2314 1733 2358 ὑμῶν,
1754 2313 1830 2350 θεὸς
1846 2313 1966 2360 γεγὼς,
1986 2312 2178 2359 ὑβριζόμην.

1278 2375 1371 2404 ΑΓΑ.
1393 2369 1495 2416 ὀργὰς
1511 2367 1631 2414 πρέπει
1650 2366 1745 2402 θεοὺς
1763 2365 1826 2412 οὐχ
1844 2364 2042 2411 ὁμοιοῦσθαι
2058 2366 2206 2411 βροτοῖς.

1277 2428 1332 2457 ΔΙ.
1378 2423 1483 2456 πάλαι
1500 2420 1578 2455 τάδε
1597 2419 1676 2455 Ζεὺς
1693 2418 1794 2463 οὑμὸς
1812 2419 1988 2456 ἐπένευσεν
2004 2416 2125 2464 πατήρ.

1277 2480 1372 2510 ΑΓΛ.
1394 2474 1474 2513 αἰαῖ,
1495 2473 1655 2514 δέδοκται,
1674 2471 1820 2517 πρέσβυ,
1840 2469 2002 2516 τλήμονες
2018 2468 2139 2517 φυγαί.
2236 2479 2314 2512 1350

1278 2533 1335 2562 ΔΙ.
1382 2526 1416 2560 τί
1433 2527 1515 2571 δῆτα
1531 2523 1675 2570 μέλλεθ’
1696 2524 1780 2570 άπερ
1798 2523 1980 2570 ἀναγκαίως
1997 2523 2091 2568 ἔχεις

1279 2585 1346 2614 ΚΑ.
1381 2578 1406 2613 ὦ
1424 2579 1547 2619 τέκνον,
1567 2577 1610 2613 ὡς
1629 2577 1662 2613 ἐς
1680 2577 1786 2611 δεινὸν
1804 2575 1953 2622 ἤλθομεν
1971 2576 2081 2615 κακὸν,

1381 2630 1426 2667 σύ
1444 2631 1474 2666 θ’
1493 2631 1512 2675 ἡ
1531 2631 1670 2665 τάλαινα
1687 2628 1850 2676 σύγγονοί
1865 2643 1903 2663 τε
1921 2629 1980 2664 σαὶ
1999 2635 2019 2661 ⁴*

1381 2684 1447 2730 ἐγώ
1466 2682 1496 2719 θ’
1517 2684 1535 2717 ὁ
1553 2681 1688 2727 τλήμων
1704 2682 1900 2728 βαρβάρους
1917 2679 2083 2726 ἀφίξομαι

1379 2738 1487 2784 γέρων
1503 2735 1663 2781 μέτοικος·
1691 2735 1740 2769 ἔτι
1758 2733 1794 2769 δε
1811 2748 1868 2779 μοι
1885 2735 1924 2768 τὸ
1943 2732 2117 2778 θέσφατον

1381 2789 1428 2825 εἷς
1437 2788 1574 2824 Ἑλλάδ’
1587 2787 1723 2835 ἀγαγεῖν
1734 2787 1859 2833 μιγάδα
1869 2786 2047 2832 βάρβαρον
2057 2785 2213 2830 στρατόν.
2237 2794 2315 2828 1335

1383 2843 1436 2876 καὶ
1453 2841 1512 2886 τὴν
1521 2839 1651 2887 Ἀρεως
1668 2839 1757 2874 παῖδ’
1775 2838 1964 2885 Ἁρμονίαν,
1984 2834 2122 2883 δάμαρτ’
2142 2836 2234 2882 ε’μήν,

1382 2894 1511 2940 δράκων
1528 2893 1700 2939 δρακαίνης
1718 2890 1863 2957 φύσιν”
1843 2905 1990 2937 εχουσαν
2007 2889 2137 2936 ἀγρίαν,

1383 2945 1479 2989 άξω’
1481 2946 1520 2981 πὶ
1536 2945 1672 2990 βωμοὺς
1690 2945 1743 2978 καὶ
1760 2944 1890 2989 τάφους
1905 2941 2136 2988 Ἐλληνικονς,

1383 2997 1563 3045 ἡγούμενος
1579 2998 1771 3044 λόγχαισιν,
1791 2995 1867 3031 οὐδὲ
1884 2994 2056 3039 παύσομαι

1384 3053 1490 3085 κακῶν
1509 3051 1528 3084 ὁ
1546 3048 1693 3094 τλήμων,
1713 3049 1789 3083 οὐδὲ
1806 3049 1864 3083 τὸν
1881 3047 2082 3089 καταιβάτην
2239 3047 2317 3089 1360

1384 3101 1566 3149 Ἀχέροντα
1582 3100 1735 3137 πλεύσας
1751 3100 1881 3146 ἥσυχος
1896 3099 2092 3146 γενήσομαι.

1282 3159 1375 3189 ΑΓΛ.
1396 3154 1422 3188 ὦ
1439 3156 1557 3201 πάτερ,
1577 3154 1643 3200 ἐγὼ
1661 3153 1698 3188 δὲ
1716 3155 1781 3188 σοῦ
1799 3154 1960 3199 στερεῖσα
1977 3150 2159 3196 φεύξομαι.

1283 3212 1351 3242 KA.
1383 3207 1416 3241 τί
1432 3205 1468 3252 μ’
1488 3206 1720 3252 ἀμφιβάλλεις
1735 3205 1867 3251 χερσὶν,
1887 3203 1913 3238 ὃ
1930 3203 2070 3239 τάλαινα
2086 3204 2158 3243 παῖ,

1386 3258 1475 3305 ὅρνις
1493 3259 1582 3295 ὅπως
1600 3258 1732 3303 κηφῆνα
1747 3258 1939 3303 πολιόχρως
1957 3254 2094 3295 κύκνου

1282 3316 1378 3346 ΔΓΑ.
1397 3313 1457 3346 ποῖ
1471 3311 1537 3357 γὰρ
1555 3312 1738 3357 τράπωμαι,
1757 3308 1915 3355 πατρίδος
1932 3305 2185 3351 ε’κβεβλημένηε
2238 3308 2312 3351 1365

1285 3368 1352 3398 ΚΑ.
1385 3363 1443 3397 οὐκ
1462 3360 1545 3404 οἶδα,
1565 3363 1688 3397 τέκνον·
1717 3363 1857 3408 σμικρὸς
1874 3359 2047 3406 ἐπίκουρος
2063 3357 2185 3405 πατήρ.

1285 3420 1379 3450 ΑΓΛ.
1399 3414 1501 3460 χωρ’,
1520 3414 1546 3449 ὦ
1563 3413 1744 3461 μέλαθρον,
1762 3412 1867 3458 χαῖρ’,
1885 3411 1911 3446 ὦ
1928 3410 2064 3460 πατρῴα

1385 3469 1494 3503 πόλις·
1522 3466 1664 3502 ἐκλείπω
1683 3465 1717 3501 «τ’
1736 3465 1792 3506 ἐπὶ
1808 3462 1974 3509 δυστυχίᾳ

1386 3519 1498 3564 φυγὰς
1517 3519 1552 3553 ἐκ
1571 3518 1739 3562 θαλάμων.
1787 3529 1789 3532 ·

1287 3575 1354 3609 ΚΑ.
1387 3571 1503 3618 στεῖχέ
1520 3585 1586 3611 νυν,
1607 3569 1632 3605 ὦ
1649 3571 1719 3612 παῖ,
1738 3570 1797 3605 τὸν
1815 3566 2010 3616 Ἀρισταίου
2234 3576 2313 3613 1370
