2488 3860
0 1146 22 1199 i„

0 0 35 1024 f

994 307 1495 352 ΑΠΟΣΠΑΣΜΑΤΙΑ.

274 411 374 450 Ἀλλ’
392 413 514 460 ἀρτίως
531 415 712 452 κατελιπον
728 414 831 462 αὐτὴν
847 414 1024 463 σμωμένην

274 467 311 502 ἐν
328 470 368 512 τῇ
384 467 514 515 πυέλῳ.

222 519 313 559 327.
335 515 402 565 (4.)
431 517 640 557 Scholiasta
656 519 917 569 Aristophanis
938 519 1103 559 Acharn.
1123 532 1160 557 v.
1182 521 1217 557 3.

170 574 209 609 et
226 569 361 608 Suidas
378 571 416 607 in
433 573 824 622 ψαμμακοσιογάργαρα,

272 625 421 672 Ἀνδρῶν
438 628 588 663 ἐπακτῶν
603 626 690 664 πᾶσ’
710 625 883 676 ε’γάργαιρ’
904 629 1010 664 ἑστία.

221 678 309 714 328.
331 675 400 726 (5.)
437 677 571 715 Suidas
604 685 643 716 et
678 680 942 728 grammaticus
979 678 1144 717 Bekkeri
1179 691 1218 728 p.

168 729 260 776 423,
278 729 344 767 32.
380 730 708 780 Ἀπεχρῆσαντοε

273 784 358 822 Τοὺς
375 785 497 832 ἄνδρας
513 785 752 833 ἀπεχρήσαντο
769 786 848 823 τοὺς
864 788 1126 834 παιδοσπόρους.

168 835 319 874 Omisso
339 836 492 873 nomine
517 835 654 874 fabulae
677 849 826 874 versum
849 838 976 875 attulit
1003 837 1216 887 Etymolog.

167 889 225 926 M.
257 902 294 938 p.
329 889 418 931 124,
447 889 510 934 27,
538 896 577 927 et
599 890 713 927 verba
734 892 814 930 τοὺς
836 892 958 940 ἄνδρας
981 891 1219 939 ἀπεχρήσαντο

101 991 106 994 ,
168 942 306 980 Pouux
323 942 395 984 1x‚
417 942 506 979 153.

221 996 309 1032 329.
329 994 399 1045 (6.)
428 994 561 1032 Suidas
584 995 623 1031 in
647 1008 684 1033 v.
711 998 791 1045 χρὴ,
815 997 966 1046 Λέγουσι
992 996 1032 1032 δέ
1052 1012 1136 1033 ποτε
1162 997 1217 1032 καὶ

163 1050 234 1099 χρῆ
253 1048 346 1085 ’σται
363 1050 436 1085 ἀντὶ
453 1052 514 1085 τοῦ
531 1050 593 1085 δεῖ.
610 1068 666 1076 --
681 1050 733 1086 ’A.
754 1058 792 1086 Λ.

265 1100 317 1138 ’H
337 1103 569 1150 καρδιώττειςς
596 1103 688 1138 ἀλλὰ
704 1106 776 1139 πῶς
792 1104 859 1150 χρὴ
878 1101 971 1138 ’σται
987 1104 1117 1143 ποιεῖν;

219 1155 309 1192 330.
323 1152 394 1204 (7)
422 1153 628 1202 Photiusp.
640 1156 729 1196 290,
746 1157 806 1192 16.
836 1154 1012 1201 Νεαλὴςὲ
1043 1155 1220 1191 ἐκτείνεται

166 1209 207 1244 τὸ
225 1223 258 1244 α.
296 1207 545 1256 Ἀριστοφάνης
566 1210 724 1254 Λημνίαις

266 1259 356 1299 ‘Eos
373 1261 492 1306 νεαλής
510 1261 606 1296 ἐστιν
622 1262 724 1307 αὐτὴν
740 1262 800 1306 τὴν
817 1260 933 1307 ἀκμήν.

167 1314 370 1361 Μένανδρος.
409 1313 506 1349 unde
529 1312 692 1362 suppleri
717 1317 842 1362 potest
866 1311 1102 1361 Phrynichus
1121 1311 1219 1348 Bek-

166 1364 247 1404 keri
272 1379 308 1415 p.
326 1365 388 1411 52,
408 1366 470 1402 19.

219 1419 310 1456 331.
330 1418 401 1468 (8.)
432 1417 568 1454 Pollux
603 1417 653 1460 X,
688 1420 751 1455 25.
809 1420 895 1456 Ἀπὸ
921 1423 988 1454 τῶν
1013 1420 1156 1464 μοχλῶν
1181 1419 1220 1453 τὸ

166 1475 191 1492 “
205 1475 403 1519 Μόχλωσον
420 1473 480 1518 τὴν
498 1471 624 1518 θῦραν”
644 1474 679 1508 ἐν
697 1473 855 1518 Λημνίαις
872 1472 1154 1519 Ἀριστοφάνους.

221 1526 310 1562 332.
334 1523 402 1573 (9.)
433 1523 578 1570 Suidas,
590 1524 637 1561 Ὠ
665 1522 710 1575 (ᾧ
735 1524 868 1561 Junius
886 1524 1010 1572 Adag.
1040 1522 1109 1564 IV,
1140 1523 1218 1570 13.)

166 1581 233 1616 νῦν
267 1578 414 1627 θερμοὶ
444 1578 602 1624 βωμοίζ
637 1580 693 1614 ἐπὶ
723 1582 790 1614 τῶν
822 1579 878 1614 διὰ
911 1580 1037 1625 χρόνον
1069 1577 1220 1622 σπουδῆς

166 1635 411 1680 τυγχανόντων.
449 1632 701 1678 Ἀριστοφάνης
718 1633 755 1667 δὲ
774 1632 810 1667 ἐν
828 1633 987 1677 Λημνίαις

270 1685 339 1730 Τὴν
357 1685 539 1730 κρατίστην
552 1685 691 1731 δαίμον’,
707 1684 746 1730 ἧς
759 1687 817 1720 νῦν
835 1684 957 1732 θερμός
971 1683 1044 1719 ἐσθ’
1060 1684 1079 1718 ὁ
1091 1684 1217 1728 βωμός.

166 1739 267 1784 δηλοῖ
292 1739 330 1774 δὲ
356 1738 409 1774 ὅτι
433 1737 487 1773 ἀεί
509 1752 596 1775 τινες
619 1739 710 1785 παρὰ
734 1741 805 1774 τοῖς
821 1737 1011 1782 Ἀθηναίοις
1032 1736 1122 1780 ξένοι
1148 1735 1219 1771 θεοὶ

167 1792 341 1837 ἐτιμῶντο.
398 1791 547 1836 Δαίμονα
583 1794 707 1826 autem
743 1789 832 1826 dicit
868 1787 1025 1829 Bendin,
1059 1787 1130 1823 hoc
1162 1792 1220 1823 est

166 1843 349 1880 Diadum:
380 1842 427 1879 de
455 1855 531 1891 qua
556 1842 714 1879 Photius
740 1855 778 1892 p.
799 1842 888 1884 251,
912 1841 946 1879 7.
967 1840 1219 1878 emendandus

166 1907 216 1934 cx
234 1895 424 1945 Hesychio
442 1895 480 1932 in
499 1898 642 1946 Μεγάλη
662 1898 749 1934 θεός.

219 1957 307 1994 333.
330 1955 419 2006 (ιο.)
447 1955 654 1994 Athenaeus
671 1955 764 1998 VII,
785 1969 821 2005 p.
842 1955 920 1992 302
940 1954 976 1991 d.

272 2019 341 2054 Οὔκ
358 2019 504 2066 ἔγχελυν
522 2019 693 2061 Βοιωτίαν,
713 2020 753 2054 οὐ
770 2020 929 2067 γλαῦκον,
950 2017 1027 2064 οὐχὶ
1046 2016 1166 2053 θύννου

272 2073 514 2120 ὑπογάστριον.

166 2121 293 2161 Verba
309 2125 457 2173 ἔγχελυν
475 2126 636 2161 Βοιωτίαν
653 2122 776 2160 attulit
793 2136 829 2173 p.
852 2124 926 2159 299
945 2122 982 2159 b.

220 2186 307 2222 334.
327 2184 419 2234 (ιι.)
447 2186 654 2222 Athenaeus
671 2183 761 2230 VII,
781 2198 818 2234 p.
840 2186 912 2221 311
936 2184 972 2220 d.

271 2248 321 2284 ob
339 2249 473 2294 κρανίον
489 2250 673 2296 λάβρακος,
694 2248 773 2293 οὐχὶ
791 2249 941 2295 κάραβον
957 2245 1133 2294 πρίασθαι.

220 2300 309 2337 335.
331 2299 420 2349 (1².)
449 2299 586 2351 Pollux
603 2298 673 2344 IX,
701 2299 790 2335 126.

270 2353 511 2390 Πεντελίθοισί
528 2353 559 2389 θ’
579 2356 664 2399 ὁμοῦ
681 2354 823 2399 λεκάνης
839 2351 1114 2401 παραθραῦμασι.

219 2405 307 2442 336.
330 2404 420 2454 (13.)
447 2405 664 2455 Etymolog.
684 2405 741 2442 M.
761 2418 798 2454 p.
814 2407 903 2448 283,
920 2407 981 2441 45.
1040 2399 1217 2454 (Gudian.

166 2469 202 2506 Ρ.
226 2458 314 2547 Ῑὸξξ
331 2456 446 2560 ’(1ξὶ)δέ
461 2509 668 2560 Bentleius)
683 2513 836 2560 γυναῖκες
852 2511 912 2547 τὸν
925 2511 1109 2559 δορίαλλον
1126 2512 1216 2559 φρά-

321 2578 467 2612 γνυνται.

166 2614 275 2652 Conf.
303 2615 516 2664 Hesychius
540 2616 579 2653 in
604 2619 814 2665 Δορυαλλός,
834 2616 967 2655 Suidas
991 2615 1030 2653 in
1048 2619 1218 2666 Δόριλλος
1239 2591 1242 2602 ‘

166 2672 206 2705 et
223 2668 422 2706 scholiasta
439 2668 577 2706 Ranar.
595 2682 632 2706 v.
651 2670 741 2706 519.

221 2720 308 2758 337.
331 2718 424 2770 (14.)
451 2721 711 2771 Harpocratio,
732 2723 1110 2771 Ἀρκτεῦσαιζ-ὅτι
1128 2723 1166 2760 δὲ
1183 2724 1218 2758 αἱ

167 2773 404 2822 ἀρκτευόμεναι
427 2776 588 2823 παρθένοι
609 2777 763 2824 άρκτοι
789 2778 966 2813 καλοῦνται
985 2778 1166 2825 Εὐριπίδης
1184 2777 1219 2811 ἐν

167 2826 359 2876 Ὑψιπύλη,
377 2828 632 2876 Ἀριστοφάνης
651 2831 821 2875 Λημνίαις.

222 2881 310 2917 338.
342 2878 433 2928 (15.)
486 2880 746 2929 Harpocratim
785 2882 1014 2920 Μέταυλοςί
1063 2884 1158 2918 ἔστιν
1198 2880 1218 2925 ἡ

167 2934 301 2983 ῥυπαρὰ
317 2935 483 2981 λεγομένη
502 2936 600 2980 αὐλὴ,
620 2934 659 2970 οὗ
684 2935 814 2983 ὄρνιθες
831 2933 930 2979 ἦσαν.
967 2935 1219 2982 Ἀριστοφάνης

170 2987 339 3033 Λημνίαις.

222 3039 310 3074 339.
333 3038 423 3088 (16.)
453 3038 589 3075 Pollux
604 3038 697 3081 VII,
719 3040 805 3075 139.

169 3092 328 3138 Λημνίαις
345 3091 458 3139 εἴρηκε
475 3094 530 3128 καὶ
549 3093 781 3139 ναυφῦλαξ.

222 3144 311 3179 340.
336 3142 426 3194 (17.)
454 3143 591 3180 Pollux
603 3143 696 3186 VII,
720 3146 806 3181 152.
862 3146 926 3180 Καὶ
939 3147 958 3180 ὁ
976 3145 1037 3191 μὲν
1049 3145 1115 3191 πρὸ
1134 3143 1221 3189 ὧρας

168 3197 410 3242 πεπαινόμενος
434 3199 558 3244 καρπὸς
580 3202 748 3246 πρῷμος
771 3199 808 3233 ἐν
834 3198 991 3242 Λημνίαις
1007 3195 1218 3244 Ἀριστοφά-

861 3040 1112 3087 Ἀριστοφάνης
1130 3038 1166 3074 δὲ
1185 3038 1220 3072 ἐν

122 3280 124 3283 .
169 3250 354 3286 muse-r&
370 3251 408 3285 δὲ
425 3249 632 3297 φυτευτήρια
653 3255 721 3285 τῶν
738 3250 852 3286 σύκων
876 3251 1045 3286 συκίδας
1061 3248 1218 3295 Ἀριστο·

170 3303 280 3349 φάνης
298 3303 334 3337 ἐν
350 3305 423 3339 ταῖς
440 3304 608 3348 Λημνίαις.

222 3363 309 3399 341.
325 3363 416 3412 (ι8.)
443 3363 648 3401 Scholiasta
660 3363 878 3413 Lysistratae
890 3377 926 3400 v.
943 3365 1030 3400 308.
1059 3365 1133 3400 Τὸν
1146 3364 1218 3409 φα-

169 3416 256 3454 νὸντ
285 3418 397 3463 φανὸν
425 3419 488 3464 μὲν
517 3420 586 3455 πᾶν
615 3420 655 3454 τὸ
686 3420 808 3465 φαῖνον
839 3420 991 3459 ἐκάλουν,
1020 3418 1056 3452 ἐκ
1087 3417 1124 3451 δὲ
1155 3420 1221 3450 τῶν

173 3469 363 3515 ἀμπελίνων
388 3471 448 3507 τὰς
472 3471 651 3517 λαμπάδας
677 3469 920 3515 κατεσκεύαζον
945 3470 994 3507 εἷς
1019 3469 1156 3516 ἔξαψιν,
1176 3467 1220 3505 ὣς

170 3523 223 3561 καὶ
242 3522 279 3559 ἐν
297 3523 456 3570 Λημνίας
471 3524 576 3572 φησί.

2221 305 2303 353 ’731

1679 471 1891 505 ΝΑΥΑΓΟΣ.

1316 568 1403 607 342.
1425 568 1495 620 (ι.)
1525 569 1659 620 Spuria
1691 572 1771 609 haec
1803 571 1927 608 fabula
1958 571 2124 620 judicata
2158 569 2228 608 fuit
2262 571 2307 607 ab

1261 623 1397 661 criticis
1413 624 1621 662 veteribus:
1651 624 1734 661 vide
1761 625 1883 661 locum
1911 624 2143 674 grammatici
2169 624 2207 660 in
2231 622 2308 661 Ex-

1261 677 1396 725 cerptis
1423 677 1469 714 de
1496 677 1676 714 comoedia
1706 690 1742 726 p.
1777 676 1929 714 XVIII.
1985 680 2045 716 Δὶς
2071 681 2214 725 ναυαγὸς
2241 676 2311 713 dici

1261 729 1408 766 videtur
1442 730 1541 778 apud
1576 729 1766 766 Pollucem
1802 730 1853 773 X,
1891 731 1952 767 33.
2009 734 2166 768 Καλεῖται
2201 732 2238 767 δὲ
2273 732 2311 766 τὰ

1262 784 1423 820 κλινίδιον
1441 785 1495 820 καὶ
1513 783 1713 831 κλιντὴριον,
1733 784 1777 821 ὡς
1795 785 1831 820 ἐν
1851 786 2044 833 Διοναυάγῳ
2062 784 2311 832 Ἀριστοφάνης

1261 838 1329 885 ἔφη
1362 839 1385 855 “
1399 838 1441 873 Τί
1470 851 1513 883 με
1539 837 1566 871 ὦ
1596 837 1720 883 πονηρὲ
1752 837 1913 884 ἐξορίζεις
1939 839 2057 885 ὥσπερ
2085 835 2311 885 κλιντήρων.”

1262 888 1395 926 Codex
1410 888 1617 927 Vossianus
1635 891 1686 927 δὶς
1704 891 1847 938 ναυάγῳ.

1711 1108 1861 1138 ΝΗΣΟΙ.

1314 1184 1374 1222 De
1400 1184 1511 1233 hujus
1538 1197 1682 1234 quoque
1716 1185 1852 1222 fabulae
1878 1189 2028 1222 auctore
2056 1185 2102 1222 ab
2129 1184 2313 1222 veteribus

1263 1237 1397 1275 criticis
1430 1237 1638 1274 dubitatum
1669 1238 1760 1275 fuit:
1803 1238 1887 1274 vide
1923 1237 2047 1275 locum
2082 1238 2314 1288 grammatici

1262 1291 1376 1327 modo
1402 1295 1648 1341 memoratum
1683 1297 1721 1327 et
1747 1290 1950 1332 Pollucem,
1979 1291 2085 1339 cujus
2121 1292 2235 1328 verba
2265 1291 2314 1328 ad

1262 1343 1398 1393 fragm.
1419 1343 1497 1381 350
1515 1343 1718 1380 attulimus.

1316 1399 1402 1434 343.
1425 1397 1494 1446 (1.)
1525 1396 1730 1433 Scholiasta
1753 1395 1892 1433 Avium
1919 1409 1954 1432 v.
1985 1396 2073 1433 297.
2112 1397 2259 1435 Εἵσοδος
2277 1400 2313 1434 δέ

1260 1451 1396 1498 λέγεται
1422 1448 1445 1496 ᾗ
1469 1453 1488 1486 ὁ
1514 1453 1621 1498 χορὸς
1647 1449 1792 1486 εἴσεισιν
1816 1453 1851 1486 ἐν
1874 1454 1913 1496 τῇ
1942 1455 2061 1495 σκηνῇ.
2101 1454 2155 1487 καὶ
2183 1453 2218 1487 ἐν
2240 1453 2314 1488 ταῖς

1264 1504 1394 1550 Νὴσοις

1837 1557 1936 1592 Εἶσὶν
1954 1557 1991 1591 δέ
2007 1572 2073 1592 που

1367 1610 1435 1645 aim
1454 1609 1523 1644 κατ’
1542 1609 1644 1654 αὐτὴν
1662 1608 1702 1654 ἣν
1718 1609 1860 1652 βλέπεις
1877 1610 1937 1654 τὴν
1951 1608 2096 1644 εἴσοδον.

1317 1663 1404 1698 344.
1452 1661 1502 1707 2.)
1533 1659 1701 1696 Stobaeus
1719 1660 1801 1703 LV,
1823 1661 1855 1698 7.
1895 1662 2164 1709 Ἀριστοφάνους
2187 1662 2311 1709 Νῆσων

1358 1712 1406 1750 Ὠ
1424 1719 1514 1762 μῶρε
1531 1718 1632 1762 μῶρε,
1652 1717 1755 1750 ταῦτα
1772 1715 1866 1750 πάντ’
1887 1716 1922 1749 έν
1939 1714 2011 1760 τῇδ’
2031 1716 2091 1756 ἕνι,

1365 1768 1468 1803 οἶκεῖν
1484 1769 1545 1814 μὲν
1563 1768 1599 1802 ἐν
1616 1767 1709 1816 ἀγρῷ
1728 1770 1847 1803 τοῦτον
1865 1769 1900 1802 ἐν
1917 1770 1964 1816 τῷ
1981 1767 2088 1816 γηδίῳ

1365 1821 1603 1868 ἀπαλλαγέντα
1620 1825 1687 1856 τῶν
1704 1819 1775 1855 κατ’
1795 1821 1922 1867 ἀγορὰν
1938 1822 2152 1867 πραγμάτων,

1367 1876 1564 1919 κεκτημένον
1582 1874 1756 1920 ζευγάριον
1774 1873 1895 1908 οἰκεῖον
1911 1876 2020 1916 βοοῖν,

1367 1927 1469 1963 ἔπειτ’
1489 1926 1620 1962 ἀκούειν
1636 1926 1830 1972 προβατίων
1846 1926 2087 1973 βληχωμένων,

1367 1981 1489 2027 τρυγός
1506 1995 1543 2015 τε
1562 1979 1678 2025 φωνὴν
1696 1979 1743 2015 εἷς
1760 1980 1902 2023 λεκάνην
1920 1979 2120 2026 ὠθουμένης,

1367 2033 1447 2082 ὄψῳ
1468 2033 1504 2068 δὲ
1521 2031 1672 2079 χρῆσθαι
1691 2031 1871 2071 σπινίδίοις
1889 2049 1925 2069 τε
1943 2035 1996 2069 καὶ
2014 2034 2158 2080 κίχλαις,

1368 2087 1422 2121 καὶ
1439 2086 1484 2132 μὴ
1502 2084 1690 2133 περιμένειν
1708 2087 1746 2131 ἐξ
1763 2086 1888 2133 ἀγορᾶς
1906 2085 2041 2132 ι’χθῦδια

1366 2141 1497 2186 τριταῖα
1513 2139 1724 2184 πολυτίμητα
1741 2140 2019 2184 βεβασανισμένα

1367 2192 1417 2227 ἐπ’
1438 2191 1655 2239 ἰχθυοπώλου
1672 2193 1762 2238 χειρὶ
1779 2193 2052 2239 παρσνομωτάτῃ.
2272 2205 2310 2226 10

1315 2245 1402 2280 345.
1425 2243 1494 2293 (3.)
1522 2243 1659 2279 Pollux
1675 2242 1745 2284 VI,
1767 2245 1828 2279 45.
1884 2247 1947 2280 Καὶ
1972 2244 2124 2280 θλαστὰς
2141 2244 2178 2278 δέ
2197 2244 2311 2281 ε’λαιας

1263 2300 1299 2334 ἐν
1316 2298 1447 2344 Νησοις
1464 2299 1505 2333 ἂν
1519 2296 1628 2344 εὕροις
1640 2296 1921 2343 Ἀριστοφάνους.
1959 2294 2133 2332 Athenaei
2151 2295 2310 2343 epitome

1262 2350 1316 2393 Π,
1336 2363 1373 2399 Ρ.
1394 2352 1443 2387 56
1460 2350 1498 2386 b.
1554 2349 1760 2395 Μνημονεύει
1773 2354 1840 2384 τῶν
1855 2350 2015 2386 θλαστῶν
2027 2350 2136 2385 ἐλαῶν
2150 2348 2308 2396 ’Λριστο-
2353 2390 2357 2395 .

1261 2407 1371 2452 φάνης
1389 2405 1412 2423 “
1427 2404 1588 2440 θλαστὰς
1604 2404 1712 2439 ποιεῖν
1729 2401 1864 2439 ε’λάας.”
1916 2403 2021 2439 πάλιν

1367 2458 1416 2494 Οὔ
1433 2459 1554 2492 ταυτόν
1571 2456 1666 2493 ἐστιν
1683 2456 1830 2501 ἁλμάδες
1848 2456 1902 2491 καὶ
1920 2455 2113 2502 στέμφυλα.

1261 2512 1315 2547 καὶ
1331 2509 1405 2557 μετ’
1424 2510 1525 2557 ὀλίγα

1368 2565 1529 2600 θλαστὰς
1544 2563 1610 2608 γὰρ
1629 2558 1712 2597 εἶναι
1730 2562 1879 2606 κρεῖττόν
1897 2561 1992 2597 ἐστιν
2009 2561 2169 2606 ἁλμάδος.

1315 2618 1401 2652 346.
1423 2613 1493 2664 (4.)
1522 2612 1808 2660 Suidas,''Egex‘
1840 2613 1867 2648 ὦ
1894 2613 1981 2660 φίλ’
2006 2613 2119 2659 ἥλιεε
2150 2612 2307 2660 Ἀριστο·

1260 2671 1369 2717 φάνης
1388 2669 1517 2715 Νήσοις

1858 2718 1974 2763 Λέξεις
1990 2718 2056 2765 ἄρα

1364 2775 1480 2821 ὥσπερ
1499 2774 1540 2808 τὰ
1557 2770 1662 2808 παιδί’
1682 2771 1772 2817 ἕξεχ’
1793 2770 1819 2806 ὦ
1837 2771 1914 2817 φίλ’
1933 2771 2020 2817 ἥλιε.

1262 2825 1371 2864 conf.
1400 2824 1618 2862 Eustathius
1636 2836 1672 2871 p.
1694 2823 1782 2865 881,
1803 2824 1863 2858 42.

1315 2888 1402 2928 347.
1425 2888 1495 2938 (5.)
1526 2886 1731 2924 Scholiasta
1756 2884 1895 2922 Avium
1919 2899 1955 2922 v.
1985 2886 2075 2924 439.
2123 2885 2241 2923 Ἔοικε
2272 2887 2308 2922 δὲ

1263 2944 1442 2980 Παναίτιον
1460 2942 1640 2991 κωμῳδεῖν,
1659 2939 1698 2975 ὃν
1715 2940 1769 2976 καὶ
1786 2940 1823 2974 ἐν
1840 2939 1970 2986 Νῆσοις

1574 2993 1775 3029 Καταλιπὸν
1791 2993 1973 3029 Παναίτιον

1363 3048 1514 3093 πίθηκον.

1264 3098 1393 3135 Suidas
1411 3099 1451 3135 in
1468 3098 1626 3144 διαθήκην
1643 3097 1842 3143 διαθώμεθα.

1316 3154 1402 3187 348.
1425 3150 1494 3199 (6.)
1525 3149 1737 3198 Etymolog.
1758 3148 1815 3185 M.
1835 3161 1872 3198 p.
1893 3150 1981 3193 338,
2001 3150 2063 3185 52.
2090 3148 2306 3196 Ἐνδημοςε

1263 3207 1282 3240 ὁ
1304 3206 1350 3251 μὴ
1377 3205 1567 3250 ἀποδημῶν,
1593 3204 1782 3248 ἐπίδημος
1808 3203 1846 3238 δὲ
1865 3206 1890 3239 ’ὁ
1918 3203 2086 3249 ἐπιδημῶν
2109 3202 2217 3247 ξένος.
2255 3202 2308 3238 καὶ

1261 3258 1354 3305 παρὰ
1372 3256 1616 3305 Ἀριστοφάνει
1634 3257 1670 3291 ἐν
1686 3255 1816 3301 Νὴσοις

1572 3306 1673 3345 Ἀλλ’
1693 3308 1733 3343 οὐ
1749 3309 1909 3355 τυγχάνει

1364 3361 1523 3408 ἐπίδημος
1539 3361 1595 3398 ὢν.

1261 3415 1396 3461 λέγεται
1409 3415 1446 3450 δὲ
1459 3415 1538 3462 περὶ
1549 3417 1610 3450 τοῦ
1623 3413 1837 3452 Ποσειδῶνος
1854 3412 1907 3449 ὅτι
1921 3413 1981 3449 οὔκ
1994 3412 2148 3459 ἐπιδημεῖ
2162 3410 2306 3458 Ἰσθμοῖ,

1262 3467 1382 3514 κυρίως
1399 3467 1579 3514 εἷρημένον.
1616 3468 1681 3514 οὐχ
1700 3466 1787 3503 οὕτω
1803 3467 1871 3515 γὰρ
1880 3465 2040 3513 Ἴσθμιος
2056 3466 2077 3502 ὁ
2093 3464 2172 3504 θεὸς
2188 3465 2235 3503 ὃς
2250 3464 2304 3504 διὰ

1260 3521 1384 3557 παντὸς
1402 3520 1470 3555 ἐκεῖ
1486 3519 1680 3566 διατρίβειν.
