2488 3860
224 258 306 317 866

207 1425 276 1456 xc»

207 1529 264 1561 10.

205 1891 271 1923 ΑΓ.

203 1992 270 2023 AIx

202 2042 261 2073 It»

201 2094 269 2126 AI&

202 2147 258 2178 10.

199 2200 267 2231 AIn

199 2252 257 2284 10.

198 2305 263 2336 A12

318 379 379 423 ἤδη
397 378 425 415 δ’
444 378 686 428 ὑπερβαίνοντα
702 379 802 428 γεῖσα
818 379 954 428 τειχέων
1164 387 1245 419 1180

315 431 440 474 βάλλει
458 434 602 480 κεραυνῷ
620 431 700 469 Ζεύς
717 441 778 468 νιν·
807 433 973 478 ἐκτύπησε
990 431 1028 470 δὲ

314 483 418 528 χθὼν,
439 484 527 518 ὥστε
545 485 655 519 δεῖσαι
671 486 808 523 πάντας·
837 486 873 521 ἐκ
891 487 927 522 δὲ
946 487 1112 532 κλιμάκων

316 536 543 582 ἐσφενδονᾶτο
560 537 665 583 χωρὶς
681 536 842 582 ἀλλήλων
857 538 956 584 μέλη,

316 589 412 633 κόμαι
429 589 490 633 μὲν
508 588 555 624 εἷς
563 587 755 634 Ὄλυμπον,
775 587 856 636 αἷμα
873 588 902 626 δ’
921 592 955 627 ἐς
971 590 1089 637 χθόνα,

313 643 424 685 χεῖρες
441 640 478 675 δὲ
495 642 549 675 καὶ
566 640 645 676 κῶλ’
665 642 709 678 ὧς
726 640 870 687 κύκλωμ’
888 642 1026 687 Ἰξίονος

314 692 492 727 εἱλίσσετ’·
522 693 556 729 ἐς
571 694 635 740 γῆν
652 693 681 728 δ’
699 694 845 741 ἔμπυρος
861 695 976 730 πίπτει
994 697 1118 742 νεκρός.

315 745 359 780 ὡς
377 743 405 780 δ’
424 741 688 792 εἶδ’*Αδραστος
705 748 792 792 Ζῆνα
808 747 971 793 πολέμιον
989 750 1134 797 στρατῷ,

314 797 379 840 ἔξω
396 798 530 844 τάφρου
547 798 684 833 καθῖσεν
700 798 860 846 Ἀργείων
878 802 1035 846 στρατόν.

313 850 345 883 οἱ
363 848 392 884 δ’
410 848 453 885 αὖ
468 847 546 896 παρ’
563 849 654 895 ἡμῶν
672 851 782 895 δεξιὸν
799 852 879 888 Διὸς
895 852 992 898 τέρας

313 900 438 938 ἶδόντες
456 901 637 947 ἐξήλαυνον
654 904 808 948 ἁρμάτων
825 903 927 949 ὄχους

313 953 426 999 ἱππῆς,
446 954 583 989 ὁπλῖταί
599 954 628 989 τ’
646 955 694 990 εἷς
709 954 786 1000 μέσ’
804 955 966 1004 Ἀργείων
982 954 1073 992 ὅπλα

1161 648 1237 688 1185

1164 917 1243 951 ¹¹90

312 1006 467 1053 ξυνῆψαν
484 1007 580 1053 ἔγχη,
598 1008 705 1042 πάντα
722 1006 751 1042 δ’
769 1005 810 1051 ἦν
826 1010 911 1052 ὁμοῦ
928 1009 1024 1043 κακά·

311 1058 484 1103 ἔθνησκον,
504 1058 681 1102 ἐξέπιπτον
698 1058 847 1106 ἀντύγων
863 1059 942 1100 ἄπο,

311 1111 431 1158 τροχοί
447 1111 476 1144 τ’
496 1109 625 1156 ἐπήδων
641 1111 758 1155 ἄξονές
774 1110 804 1146 τ’
822 1111 873 1147 ἐπ’
891 1112 1006 1156 ἄξοσι,

317 1163 425 1210 νεκροὶ
443 1164 480 1198 δέ
498 1165 623 1210 νεκροῖς
641 1162 881 1210 ἐξεσωρεύονθ’
900 1166 996 1209 ὁμοῦ.

310 1214 446 1262 πύργων
462 1215 523 1261 μὲν
540 1214 598 1250 οὗν
614 1216 676 1260 γῆς
693 1216 840 1261 ἔσχομεν
857 1217 1076 1263 κατασκαφὰς

310 1268 345 1304 ἐς
361 1268 421 1312 τὴν
437 1269 612 1314 παροῦσαν
629 1266 763 1314 ἡμέραν·
793 1267 823 1302 εἶ
840 1269 870 1303 δ’
887 1268 1027 1314 εὐτυχὴς

310 1320 406 1354 ἔσται
423 1321 462 1354 τὸ
478 1320 600 1354 λοιπὸν
616 1319 674 1364 ἥδε
690 1321 746 1366 γῆ,
766 1319 855 1356 θεοῖς
870 1321 978 1365 μέλει.

310 1368 383 1418 [καὶ
401 1374 458 1407 νῦν
474 1372 540 1418 γὰρ
558 1371 659 1415 αὐτὴν
676 1371 839 1413 δαιμόνων
856 1372 971 1407 ἔσωσέ
986 1371 1069 1419 τις.]

307 1422 409 1455 καλὸν
425 1421 464 1455 τὸ
482 1422 584 1455 νικᾶν·
613 1419 642 1455 εἶ
660 1421 688 1456 δ’
708 1421 849 1466 ἀμείνον’
868 1423 900 1457 οἶ
919 1422 990 1457 θεοὶ

307 1473 439 1519 γνώμην
456 1473 606 1518 ἔχουσιν,
626 1473 767 1518 εὐτυχὴς
784 1471 854 1518 εἵην
871 1474 947 1517 ἐγώ.

309 1527 418 1560 καλῶς
435 1525 477 1559 τὰ
494 1527 559 1560 τῶν
578 1524 661 1560 θεῶν
679 1525 731 1560 καὶ
749 1526 790 1560 τὰ
807 1527 866 1571 τῆς
882 1524 986 1572 τύχης
1003 1526 1087 1572 ἔχει·

306 1577 423 1613 παῖδές
439 1592 476 1612 τε
492 1578 557 1624 γάρ
576 1591 632 1622 μοι
651 1578 734 1621 ζῶσι
752 1578 963 1627 κάκπέφευγε
978 1580 1035 1626 γῆ.

308 1630 421 1675 Κρέων
439 1628 466 1665 δ’
486 1631 572 1665 ἔοικε
590 1634 656 1665 τῶν
673 1631 760 1675 ἐμῶν
777 1631 1022 1676 νυμφευμάτων

307 1685 372 1716 τῶν
389 1680 417 1716 τ’
438 1680 580 1717 Οἰδίπου
598 1681 764 1726 δύστηνος
781 1683 973 1718 ἀπολαῦσαι
991 1686 1107 1724 κακῶν,
1156 1697 1233 1730 1205

306 1735 423 1770 παιδὸς
441 1734 625 1782 στερηθεὶς,
644 1737 684 1780 τῇ
703 1736 802 1770 πόλει
818 1735 878 1779 μὲν
895 1736 1052 1781 εὐτυχῶς,
1090 1758 1092 1761 -

308 1786 375 1830 ἰδίᾳ
394 1787 430 1821 δὲ
448 1788 598 1831 λυπρῶς.
627 1786 706 1821 ἀλλ’
724 1786 845 1822 ἄνελθέ
860 1802 918 1832 μοι
934 1789 1049 1827 πάλιν,

306 1834 340 1870 τί
355 1836 435 1873 τάπὶ
452 1834 582 1873 τούτοις
598 1836 687 1872 παῖδ’
707 1838 773 1883 ἐμὼ
791 1838 996 1885 δρασείετον.

307 1888 345 1922 ἔα
362 1888 403 1922 τὰ
420 1890 535 1924 λοιπά·
565 1888 652 1935 δεῦρ’
671 1889 722 1924 ἀεὶ
739 1890 804 1937 γὰρ
822 1890 983 1936 εὐτυχεῖς.

309 1942 395 1974 τοῦτ’
415 1940 462 1977 εἷς
478 1939 629 1977 ὕποπτον
646 1938 752 1982 εἶπας·
780 1941 839 1977 οὐκ
857 1942 981 1979 ἐατέον.

306 1987 418 2031 μεῖζόν
435 2001 468 2023 τι
484 1988 617 2036 χρῄζεις
633 1991 752 2027 παῖδας
769 1990 789 2037 ἢ
809 1992 1065 2037 σεσωσμένους;

307 2039 360 2073 καὶ
378 2040 561 2077 τάπίλοιπά
577 2041 610 2088 γ’
629 2041 658 2077 εἶ
676 2044 784 2079 καλῶς
801 2045 948 2090 πράσσω
967 2043 1091 2081 κλύειν.

305 2091 403 2136 μέθες
419 2092 466 2138 μ’·
495 2094 616 2140 ἔρημος
632 2097 709 2131 παῖς
726 2096 943 2132 ὑπασπιστοῦ
962 2097 1070 2133 σέθεν.

305 2147 403 2180 κακόν
421 2159 453 2180 τι
471 2145 597 2183 κεύθεις
615 2148 669 2182 καὶ
687 2148 819 2194 στέγεις
835 2149 900 2184 ὑπὸ
919 2152 1041 2196 σκότῳ.

304 2199 363 2233 οὐκ
381 2197 422 2234 ἅν
438 2212 479 2245 γε
496 2197 626 2243 λέξαιμ’
645 2197 696 2233 ἐπ’
715 2198 875 2246 ἀγαθοῖσι
894 2204 970 2238 σοῖς
987 2204 1079 2239 κακά.

303 2247 343 2293 ἢν
359 2248 404 2295 μή
421 2265 463 2295 με
480 2249 618 2298 φεύγων
635 2250 784 2298 ἐκφύγῃς
800 2253 884 2299 πρὸς
901 2252 1028 2300 αἰθέρα.

300 2300 380 2336 αἶαῖ·
409 2302 444 2338 τί
459 2302 493 2346 μ’
512 2303 572 2337 οὐκ
590 2301 706 2340 εἴασας
723 2304 762 2348 ἐξ
779 2305 965 2351 εὐαγγέλου

299 2353 413 2400 φήμης
430 2355 599 2396 ἀπελθεῖν,
619 2356 711 2391 ἀλλὰ
727 2359 872 2401 μηνῦσαι
889 2358 971 2393 κακά
985 2370 995 2399 ;

298 2407 345 2440 τὼ
362 2407 459 2442 παῖδε
477 2408 523 2442 τὼ
541 2408 592 2442 σὼ
609 2409 786 2453 μέλλετον,
805 2409 1002 2454 τολμήματα

297 2456 474 2505 α’ίσχιστα,
493 2461 597 2508 χωρὶς
613 2463 815 2507 μονομαχεῖν
831 2463 954 2499 παντὸς
972 2466 1130 2510 στρατοῦ,
1153 2477 1242 2514 1²20⁴

296 2511 453 2555 λέξαντες
468 2511 654 2560 Ἀργείοισι
671 2514 871 2559 Καδμείοισί
887 2529 924 2549 τε

297 2563 332 2599 ἐς
349 2566 460 2600 κοινὸν
477 2562 548 2600 οἷον
564 2564 683 2611 μήποτ’
703 2565 839 2612 ὤφελον
855 2569 972 2615 λόγον.

295 2613 489 2662 Ἐτεοκλέης
507 2617 536 2653 δ’
555 2618 680 2665 ὑπῆρξ’
699 2618 755 2654 ἀπ’
773 2619 888 2666 ὀρθίου
907 2620 1042 2657 σταθεὶς

294 2666 436 2716 πύργου,
457 2668 619 2707 κελεύσας
638 2673 719 2718 σῖγα
736 2672 873 2718 κηρῦξαι
891 2676 1036 2721 στρατῷ.

294 2721 395 2765 ἔλεξε
413 2721 454 2763 δ’,
474 2722 500 2757 ὦ
517 2724 579 2770 γῆς
596 2721 762 2760 Ἑλλάδος
781 2726 1007 2770 στρατηλάται

295 2777 431 2809 Δαναῶν
448 2774 477 2809 τ’
497 2775 648 2821 ἀριστῆς,
668 2774 764 2822 οἵπερ
781 2776 897 2821 ἤλθετ’
918 2777 1044 2818 ἐνθάδε,

1166 1180 1178 1202 Ι
1187 1179 1242 1212 195

1161 1437 1174 1459 1
1181 1436 1240 1460 200

1161 1958 1238 1984 12¹0

1154 2214 1232 2248 1215

1149 2739 1225 2773 1225

295 2826 431 2871 Κάδμου
448 2841 485 2862 τε
501 2828 596 2868 λαὸς,
614 2826 697 2872 μήτε
715 2829 940 2865 Πολυνείκους
956 2830 1056 2877 χάριν

293 2877 411 2924 ψυχὰς
427 2879 644 2924 ἀπεμπολᾶτε
659 2879 740 2925 μήθ’
758 2880 849 2925 ἡμῶν
866 2879 962 2928 ὕπερ.

292 2927 358 2976 ἐγὼ
374 2931 440 2977 γὰρ
457 2931 556 2968 αὐτὸς
572 2932 667 2967 τόνδε
686 2932 834 2968 κίνδυνον
849 2934 961 2978 μεθεὶς

290 2985 392 3026 μόνος
410 2983 555 3029 συνάψω
574 2986 702 3046 συγγόν
747 2985 845 3032 τώμῷ
862 2987 984 3031 μάχην·

290 3031 350 3066 κᾶν
366 3031 426 3076 μὲν
444 3032 550 3066 κτάνω
567 3034 645 3068 τόνδ
657 3059 668 3073 ,
688 3048 706 3068 ο
721 3047 778 3069 κον
796 3034 922 3080 οῖκήσω
940 3037 1050 3081 μόνος,

290 3081 487 3128 ἡσσώμενος
505 3084 542 3118 δὲ
559 3085 644 3132 τῷδε
661 3087 850 3132 παραδώσω
868 3090 980 3123 πόλιν.

291 3135 384 3182 ὑμεῖς
402 3136 431 3170 δ’
448 3135 545 3182 ἀγῶν’
565 3136 707 3182 ἀφέντες
722 3137 876 3185 Ἀργείαν
893 3139 999 3185 χθόνα

293 3187 469 3227 νίσσεσθε,
487 3187 605 3231 βίοτον
622 3189 666 3234 μὴ
683 3191 838 3227 λιπόντες
855 3192 982 3228 ἐνθάδε.

298 3235 475 3287 [σπαρτῶν
492 3254 529 3275 τε
545 3241 627 3278 λαὸς
644 3242 731 3281 ἅλις,
751 3241 833 3279 ὅσος
851 3245 953 3278 κεῖται
971 3239 1111 3292 θανών]
1146 3254 1222 3288 1235

295 3291 431 3329 τοσαῦτ’
451 3292 564 3336 ἔλεξε·
594 3294 656 3329 σὸς
674 3293 710 3328 δὲ
728 3295 932 3339 Πολυνείκης
948 3299 1046 3344 γόνος

297 3345 333 3380 ἐκ
350 3345 476 3388 τάξεων
493 3343 625 3391 ὤρουσε
642 3344 778 3390 κάπῄνει
794 3348 930 3394 λόγους.

297 3398 417 3433 πάντες
434 3394 464 3431 δ’
481 3396 711 3443 ἐπερρόθησαν
727 3397 873 3445 Ἀργεῖοι
890 3401 967 3435 τάδε

292 3446 429 3491 Κάδμου
446 3459 482 3481 τε
498 3447 595 3486 λαὸς,
614 3445 660 3483 ὣς
676 3446 771 3482 δίκαι’
789 3447 976 3493 ἡγούμενοι.

292 3499 346 3535 ἐπὶ
367 3498 482 3534 τοῖσδε
499 3497 528 3534 δ’
547 3496 761 3543 ἐσπείσαντο,
781 3499 840 3534 κάν
856 3501 1064 3548 μεταιχμίοις

293 3549 410 3602 ὅρκους
428 3550 587 3598 συνῆψαν
603 3551 752 3598 ἐμμενεῗν
769 3554 1009 3599 στρατηλάται.

1146 3000 1224 3031 ¹²30

1144 3514 1222 3548 ¹²40

1283 1525 1341 1555 10.

1277 1837 1352 1869 AN.

1276 1942 1335 1975 10.

1276 1993 1350 2024 Afflff.

1275 2046 1350 2076 .AhL

1274 2098 1349 2129 Affiff.

1275 2151 1350 2181 ⁴AN.

1273 2203 1347 2234 .Arff.

1274 2255 1347 2286 Afflff.

1275 2307 1349 2339 ΛΦΨ.

1274 2359 1332 2391 ΙΟ.

1273 2518 1344 2548 XCL

1123 266 1452 320 ΕΥΡῙΠῙΔΟΥ

1382 379 1442 423 ἤδη
1461 377 1490 413 δ’
1508 378 1670 424 ἔκρυπτον
1688 378 1786 424 σῶμα
1802 379 2011 428 παγχάλκοις
2029 376 2148 419 ὅπλοις

1381 431 1499 465 δισσοὶ
1517 430 1674 477 γέροντος
1692 431 1832 467 Οἰδίπου
1849 433 1984 469 νεανίαι·

1381 483 1482 529 φίλοι
1500 482 1528 517 δ’
1548 482 1723 528 ἐκόσμουν,
1742 485 1846 529 τῆσδε
1862 486 1923 530 μέν
1938 488 2068 533 πρόμον
2084 486 2206 533 χθονὸς

1383 538 1541 581 σπαρτῶν
1558 535 1709 582 άριστῆς,
1728 537 1786 571 τὸν
1803 537 1840 572 δὲ
1859 539 2028 574 Δαναῖδῶν
2044 538 2151 585 ἄκροι.

1382 588 1485 622 ἔσταν
1502 587 1538 622 δὲ
1555 588 1710 633 λαμπρὼ,
1729 589 1848 634 χρῶμά
1864 589 1892 623 τ’
1911 590 1970 625 οὐκ
1987 588 2190 636 ἠλλαξάτην,

1382 638 1546 685 μαργῶντ’
1566 640 1621 675 ἐπ’
1640 639 1843 685 ἀλλήλοισιν
1860 642 1942 678 ἱέναι
1959 643 2052 689 δόρυ.

1383 691 1596 735 παρεξιόντες
1614 691 1642 727 δ’
1661 692 1767 729 ἄλλος
1784 694 1930 730 ἄλλοθεν
1947 696 2071 738 φίλων,

1383 744 1500 787 λόγοις
1519 743 1705 791 ἐθάρσυνον
1721 760 1758 780 τε
1777 745 1946 791 κάξηύδων
1961 748 2051 783 τάδε·

1385 794 1597 836 Πολύνεικες,
1618 796 1653 830 ἐν
1671 797 1729 831 σοὶ
1746 798 1847 841 Ζηνὸς
1864 797 2013 844 ὀρθῶσαι
2030 799 2154 846 βρέτας

1386 849 1555 893 τρόπαιον,
1568 846 1688 895 Ἀργει
1706 848 1734 882 τ’
1753 847 1872 884 εὐκλεᾶ
1889 850 2003 886 δοῦναι
2019 853 2136 899 λόγον·

1384 898 1563 934 Ἐτεοκλέα
1581 899 1610 935 δ’
1629 899 1681 941 αὖ,
1702 903 1759 936 νῦν
1775 903 1909 939 πόλεως
1925 903 2138 950 ὑπερμαχεῖς,

1386 954 1444 987 νῦν
1462 952 1650 989 καλλίνικος
1666 954 1842 999 γενόμενος
1859 953 2038 1001 σκήπτρων
2055 958 2196 1002 κρατεῖς.

1386 1003 1457 1039 τάδ’
1476 1002 1647 1051 ἠγόρευον,
1665 1007 1934 1052 παρακαλοῦντες
1951 1007 1986 1044 ἐς
2000 1009 2126 1054 μάχην.

1386 1057 1519 1101 μάντεις
1536 1057 1573 1091 δὲ
1590 1056 1669 1102 μῆλ’
1688 1057 1852 1104 ἔσφαζον,
1871 1058 2038 1106 ἐμπύρους
2053 1059 2081 1095 τ’
2100 1061 2208 1107 ἀκμὰς
2239 1071 2318 1109 1255

1387 1107 1499 1155 ῥήξεις
1516 1107 1544 1143 τ’
1565 1109 1708 1154 ἐνώμων,
1727 1110 1879 1157 ὑγρότητ’
1899 1112 2057 1154 ἐναντίαν,

1387 1160 1490 1207 ἄκραν
1507 1175 1543 1196 τε
1560 1161 1720 1206 λαμπάδ’,
1739 1161 1759 1208 ἣ
1778 1163 1869 1198 δυοῖν
1886 1163 1985 1211 ὅρους
2002 1165 2084 1212 ἔχει,

1388 1213 1477 1257 νίκης
1493 1227 1530 1248 τε
1548 1215 1640 1258 σῆμα
1657 1215 1711 1249 καὶ
1728 1215 1770 1250 τὰ
1786 1218 1852 1251 τῶν
1868 1215 2085 1263 ἡσσωμένων.

1388 1263 1478 1304 ἀλλ’,
1497 1264 1530 1300 εἴ
1543 1265 1603 1301 τιν’
1622 1266 1727 1312 ἀλκὴν
1743 1266 1763 1312 ἢ
1783 1269 1914 1313 σοφοὺς
1932 1269 2020 1314 ἔχεις
2037 1271 2172 1318 λόγους,

1387 1316 1407 1362 ἦ
1425 1318 1543 1364 φίλτρ’
1562 1318 1708 1366 ἐπῳδῶν,
1729 1320 1849 1365 στεῖχ’,
1869 1319 2033 1367 ἐρήτυσον
2049 1323 2146 1359 τέκνα

1387 1370 1494 1414 δεινῆς
1512 1370 1667 1414 ἁμίλλης,
1687 1372 1731 1407 ὣς
1748 1374 1767 1406 ὁ
1785 1372 1932 1409 κίνδυνος
1949 1372 2062 1418 μέγας.

1389 1416 1459 1464 [καὶ
1477 1418 1586 1455 τᾶθλα
1604 1421 1695 1455 δεινὰ
1712 1420 1837 1467 δάκρυά
1854 1435 1912 1456 σοι
1928 1422 2117 1469 γενήσεται,

1385 1469 1523 1504 δισσοῖν
1540 1471 1700 1517 στερείσῃ
1718 1471 1788 1517 τῇδ’
1808 1473 1844 1508 ἐν
1860 1471 1964 1519 ἡμέρᾳ
1981 1475 2139 1517 τέκνοιν.]

1387 1519 1413 1555 ὦ
1429 1521 1556 1563 τέκνον,
1575 1523 1690 1567 ἔξελθ’
1709 1522 1881 1571 Ἀντιγόνη
1900 1525 2010 1569 δόμων
2027 1526 2147 1572 πάρος·

1384 1573 1444 1607 οὐκ
1462 1574 1497 1609 ἐν
1513 1575 1661 1622 χορείαις
1678 1576 1756 1611 οὐδὲ
1772 1575 2021 1623 παρθενεύμασι

1384 1628 1442 1660 νῦν
1459 1640 1517 1661 σοι
1533 1630 1707 1675 προχωρεῖ
1721 1629 1884 1673 δαιμόνων
1902 1630 2120 1665 κατάστασις.

1384 1677 1462 1713 ἀλλ’
1482 1679 1573 1726 ἄνδρ’
1592 1680 1721 1727 ἀρίστω
1739 1681 1792 1715 καὶ
1810 1680 1999 1728 κασιγνήτω
2015 1681 2114 1716 σέθεν

1383 1730 1417 1766 ἐς
1434 1730 1577 1767 θάνατον
1595 1731 1763 1769 ἐκνεύοντε
1780 1734 1935 1769 κωλῦσαί
1952 1749 1993 1769 σε
2011 1734 2065 1769 δεῖ

1381 1782 1443 1826 ξὺν
1458 1785 1558 1831 μητρὶ
1575 1787 1615 1829 τῇ
1634 1786 1680 1830 σῇ
1697 1786 1742 1831 μὴ
1759 1787 1844 1833 πρὸς
1861 1786 2027 1829 ἀλλήλοιν
2045 1787 2153 1821 θανεῖν

1380 1834 1455 1876 τίν’,
1474 1835 1501 1870 ὦ
1518 1839 1664 1872 τεκοῦσα
1681 1839 1798 1886 μῆτερ,
1817 1838 1978 1883 ἔκπληξιν
1995 1839 2071 1874 νέαν

1383 1887 1502 1933 φίλοις
1518 1889 1628 1926 ἆῦτεῖς
1645 1891 1748 1926 τῶνδε
1766 1892 1926 1936 δωμάτων
1941 1892 2048 1938 πάρος
2061 1903 2070 1932 ;

1381 1937 1408 1974 ὦ
1426 1939 1580 1988 θύγατερ,
1600 1943 1689 1986 ἔρρει
1706 1946 1778 1978 σῶν
1795 1942 2003 1988 κασιγνήτων
2018 1943 2108 1986 βίος.

1378 1993 1449 2026 πῶς
1467 1987 1582 2031 εἶπας;
1637 1996 1695 2025 ΙΟ.
1719 1991 1847 2037 ,αἰχμὴν
1864 2007 1898 2029 ες
1914 1997 1992 2037 μίαν
2009 1989 2227 2027 καθέστατον.

1378 2041 1412 2076 οἳ
1429 2040 1499 2089 ’γὼ,
1518 2043 1552 2079 τί
1569 2042 1691 2087 λέξεις,
1710 2044 1835 2091 μῆτερ;
1875 2049 1932 2079 10.
1954 2044 1994 2078 οὐ
2012 2043 2100 2090 φίλ’,
2120 2043 2198 2079 ἀλλ’
2218 2042 2313 2080 ἕπου.

1377 2096 1447 2134 ποῖ,
1462 2095 1673 2142 παρθενῶνας
1683 2093 1876 2137 ἐκλιποῦσ’;
1906 2102 1963 2131 10.
1984 2097 2046 2131 ἀνὰ
2060 2097 2217 2143 στρατόν.
2237 2108 2314 2142 1275

1379 2146 1553 2192 αἰδούμεθ’
1572 2147 1691 2194 ὄχλον.
1746 2154 1804 2184 ῙΟ.
1833 2149 1893 2183 οὐκ
1911 2149 1946 2184 ἐν
1963 2147 2106 2194 αἰσχύνῃ
2125 2148 2167 2183 τὰ
2184 2149 2243 2184 σά.
2274 2161 2278 2163 “

1377 2199 1493 2245 δράσω
1511 2201 1548 2235 δὲ
1566 2201 1606 2245 δὴ
1624 2201 1678 2241 τί;
1734 2207 1790 2236 ΙΟ.
1820 2203 1994 2248 συγγόνων
2011 2199 2129 2237 λύσεις
2145 2201 2226 2246 ἔριν.

1376 2252 1410 2286 τί
1427 2252 1553 2299 δρῶσα,
1572 2255 1700 2300 μῆτερ;
1754 2259 1813 2288 ῙΟ.
1841 2252 2086 2300 προσπίτνουσ’
2105 2253 2186 2298 ἐμοῦ
2201 2254 2298 2301 μέτα.

1378 2303 1462 2350 ἡγοῦ
1481 2305 1527 2340 σὺ
1544 2307 1628 2352 πρὸς
1644 2305 1824 2352 μεταίχμι’,
1844 2306 1884 2340 οὐ
1900 2305 2099 2351 μελλητέον.

1378 2357 1481 2403 ἔπειγ’
1500 2359 1623 2405 ἔπειγε,
1644 2356 1799 2404 θύγατερ·
1829 2359 1885 2398 ὣς,
1904 2357 1944 2403 ἢν
1960 2358 2021 2404 μὲν
2038 2357 2165 2404 φθάσω

1376 2410 1496 2446 παῖδας
1512 2412 1579 2454 πρὸ
1597 2412 1738 2458 λόγχης,
1757 2411 1859 2455 οὑμὸς
1877 2410 1913 2445 ἐν
1929 2411 2011 2457 φάει
2027 2410 2117 2453 βίος,

1376 2461 1517 2497 θανοῦσι
1535 2461 1564 2498 δ’
1582 2464 1694 2499 αὐτοῖς
1711 2462 1927 2499 συνθανοῦσα
1944 2463 2109 2509 κείσομαι.

1373 2514 1443 2549 alat
1459 2515 1539 2550 αἷαῖ·

1376 2568 1543 2615 τρομερὰν
1559 2569 1666 2615 φρίκᾳ
1683 2568 1848 2616 τρομερὰν
1864 2567 1959 2615 φρέν’
1978 2568 2059 2614 ἔχω·

1378 2619 1432 2654 διὰ
1452 2621 1561 2667 σάρκα
1578 2621 1606 2656 δ’
1626 2621 1708 2666 ἐμὰν

1375 2671 1475 2709 ἔλεος
1492 2674 1592 2710 ἔλεος
1609 2675 1711 2719 ἔμολε
1727 2674 1868 2721 ματέρος
1885 2673 2045 2710 δειλαίας.

1375 2724 1496 2771 δίδυμα
1512 2727 1608 2762 τέκεα
1623 2728 1764 2774 πότερος
1781 2726 1846 2774 ἄρα
1862 2728 2004 2774 πότερον
2020 2725 2165 2772 αἱμάξει,

1378 2776 1416 2811 ἶώ
1434 2793 1491 2823 μοι
1509 2781 1631 2819 πόνων,

1375 2829 1413 2864 ἰὼ
1431 2833 1506 2871 Ζεῦ,
1527 2831 1565 2866 ἷὼ
1583 2834 1639 2878 γᾶ,

1375 2884 1519 2929 ὁμογενῆ
1538 2884 1648 2931 δέραν,
1668 2885 1810 2931 ὁμογενῆ
1828 2883 1947 2930 ψυχὰν

1375 2934 1416 2969 δι’
1436 2935 1600 2976 ἀσπίδων,
1620 2935 1662 2971 δι’
1681 2937 1848 2982 αῖμάτων;

1374 2986 1500 3022 τάλαιν’
1520 2988 1598 3034 ἐγὼ,
1617 2989 1768 3028 τάλαινα,

1373 3037 1517 3082 πότερον
1534 3037 1598 3083 ἄρα
1616 3037 1710 3072 νέκυν
1727 3036 1888 3082 ὀλόμενον
1907 3034 2027 3083 ἀχήσω
2042 3047 2051 3076 ;

1375 3088 1442 3132 φεῦ
1461 3088 1502 3122 δᾶ
1520 3089 1588 3134 φεῦ
1606 3089 1660 3128 δᾶ,

1375 3139 1507 3183 δίδυμοι
1524 3139 1634 3186 θῆρες,
1654 3141 1769 3186 φόνιαι
1786 3140 1912 3187 ψυχαὶ,

1377 3191 1450 3236 δορὶ
1466 3191 1676 3236 βαλλόμεναι

1376 3240 1483 3276 πέσεα
1499 3241 1607 3276 πέσεα
1625 3241 1692 3277 δάϊ’
1710 3240 1818 3287 αὐτίχ’
1837 3241 2025 3286 αἱμάξετον.

2231 549 2309 584 1245

2239 813 2318 845 ¹²50

2239 1328 2319 1362 1260

2244 1581 2320 1623 1265

2239 1853 2316 1885 ¹270

2231 2362 2311 2394 1280

2235 2529 2312 2558 στρ.

2234 2571 2312 2614 ¹²⁸5

2231 2843 2310 2878 1²90

2189 3043 2280 3075 ¹294,
2292 3043 2310 3076 5

2235 3083 2308 3119 ἀντ.

2213 3238 2312 3286 [ι3οο

1376 3294 1526 3336 τάλανες,
1544 3291 1564 3327 ὅ
1581 3307 1614 3329 τι
1630 3294 1713 3330 ποτέ
1728 3296 1922 3342 μονομάχον
1939 3293 1993 3331 ἐπὶ
2011 3291 2109 3342 φρέν’
2128 3291 2283 3339 ἦλθέτην,

1375 3344 1441 3388 βοᾷ
1460 3344 1624 3390 βαρβάρῳ

1374 3394 1493 3441 ῖακχὰν
1511 3396 1694 3432 στενακτὰν

1374 3445 1560 3490 μελομέναν
1577 3448 1703 3493 νεκροῖς
1719 3445 1859 3492 δάκρυσι
1877 3443 2041 3492 θρηνήσω.

1376 3497 1501 3543 σχεδὸν
1516 3495 1604 3544 τύχα
1619 3498 1728 3534 πέλας
1744 3498 1864 3543 φόνου·

1374 3550 1477 3598 κρινεῖ
1492 3550 1582 3598 φάος
1597 3551 1637 3586 τὸ
1650 3549 1797 3597 μέλλον.
2221 3561 2299 3600 1305
