2488 3860
1001 280 1484 324 ΑΠΟΣΠΑΣΜΑΤΙΑ.
1915 279 1919 285 “
2222 277 2302 319 601

225 395 313 434 137.
340 393 562 432 Aristoteles
582 393 628 430 de
646 392 784 430 Poetic.
801 405 834 430 c.
854 393 919 429 44.
932 405 970 441 p.
985 393 1048 429 94.
1066 390 1217 439 Tyrwh.
1250 388 1418 426 Primum
1435 390 1560 426 locum
1579 388 1704 426 attulit
1721 388 1826 425 Plato
1844 388 1890 425 de
1909 385 2070 438 Republ.
2088 385 2163 425 III.
2174 401 2213 437 p.
2228 388 2299 425 391

172 447 315 495 (XXV.
333 461 372 497 p.
394 449 457 485 69.
479 445 633 496 Herm.)
680 448 817 496 Ὠσπερ
840 448 876 483 ἐν
895 447 1067 494 Ἠλέκτρα
1090 447 1123 481 οἱ
1146 444 1218 482 Πύ-
1252 455 1284 479 e.
1339 447 1415 481 Πᾶς
1431 446 1497 492 γὰρ
1516 446 1621 493 ἐαυτῷ
1639 446 1841 491 συγγνώμην
1858 443 1927 488 ἕξει
1945 447 2032 493 κακῷ
2050 442 2133 486 ὄντι,
2151 443 2303 481 πεισθεὶς

171 503 226 539 θια
242 503 516 551 ἀπαγγέλλοντες
532 501 553 547 ἢ
572 502 608 537 ἐν
627 504 761 538 Μυσοῖς
778 504 797 537 ὁ
819 502 956 549 ἄφωνος
974 499 1163 548 (Τήλεφος)
1185 500 1221 535 ἐκ
1252 498 1297 535 ὣς
1313 497 1380 546 ἄρα
1396 501 1533 534 τοιαῦτα
1549 498 1740 544 πράττουσί
1757 513 1794 533 τε
1812 497 1865 532 καὶ
1883 499 2048 544 ἔπραττον
2064 498 2119 533 καὶ

175 557 293 605 Γεγέας
310 557 357 594 εἷς
374 556 434 602 τὴν
451 556 588 592 Μυσίαν
605 555 705 601 ἥκων.
1329 607 1338 619 =
1428 606 1436 619 ἱ
1487 606 1496 618 ’
1548 606 1555 619 1
1572 552 1614 587 Οἱ
1632 552 1717 587 θεῶν
1733 551 1947 617 ξὶῖχίσποροι

1305 605 2011 707 m..-

200 710 286 748 Fuit
302 709 508 760 tetralogiae
526 710 732 760 Lycurgeae
749 725 757 746 :
786 709 871 747 vide
889 709 937 746 ad
953 708 1181 758 Lycurgum·
1305 715 1418 749 κοῦπω
1432 696 1534 760 (lib‘ri
1552 714 1606 749 καὶ
1624 712 1733 758 οὔπω)
1751 713 1839 759 σφιν
1857 712 2011 757 ἐξίτηλον
2024 709 2105 757 αἷμα
2122 711 2300 757 δαιμόνων.

226 776 312 812 138.
340 774 545 811 Athenaeus
572 773 643 811 ΧῙ,
669 787 707 823 p,
735 775 811 811 503
840 787 874 810 c.
929 775 1117 822 Νίκανδρος
1144 774 1174 809 δ’
1203 776 1221 809 ὁ
1253 764 1440 802 Lucianus
1458 764 1532 802 vol.
1554 764 1628 801 III.
1648 777 1686 813 p.
1707 765 1796 801 501.
1844 766 1955 811 Μανίᾳ
1974 767 2130 812 σώφρονι
2147 768 2215 800 τῶν
2231 765 2302 812 ψυ-

171 829 392 878 Θυατειρηνός
416 830 593 866 καλεῖσθαί
610 831 699 876 φησι
723 830 900 876 ψυκτῆρας
924 829 978 864 καὶ
1002 829 1082 865 τοὺς
1104 828 1218 864 άλσώ-
1252 824 1334 866 Χῶν,
1353 819 1434 856 ὅσαι
1458 821 1562 865 Ζηνὸς
1590 821 1692 868 ἐγγὺς
1718 820 1772 855 καὶ
1800 819 1884 854 θεῶν
1910 819 2128 866 ἀγχίσποροι,
2148 819 2258 865 φησὶν
2284 821 2304 853 ὁ

170 884 239 921 δεις
256 885 309 919 καὶ
333 884 496 920 συσκίους
519 886 645 920 τόπους
667 883 746 919 τοὺς
768 885 839 919 τοῖς
863 884 951 919 θεοῖς
974 882 1163 928 ἀνειμένους
1188 883 1223 917 ἐν
1252 876 1420 922 Τραγίκός·
1474 872 1697 908 Pllltffl'ChUS
1721 870 1858 914 ΜΟΥῗῡῑῙ-
1878 883 1915 919 P·
1939 872 2012 907 603
2038 883 2072 907 a·
2126 873 2167 907 Τῖ
2188 873 2255 920 γὰρ
2281 872 2302 917 ἦ

170 935 221 974 οἷς
238 937 334 973 ἐστιν
350 937 535 984 ἀναψῦξαι,
589 936 764 983 Αἰσχύλος
783 938 984 972 Νεανίσκοις
1235 905 1395 983 Ιπλατεῖα
1417 930 1513 975 χώρα
1535 926 1622 974 πρὸς
1644 929 1704 963 τὸν
1728 927 1859 961 ἄλυπον
1881 926 1983 967 βίον;
2016 926 2076 960 οὐκ
2099 924 2228 963 ἇκοῦεις
2244 928 2304 962 τοῦ

329 990 458 1038 Σαύρας
475 991 692 1026 ὑποσκίοισιν
710 991 746 1026 ἐν
763 991 975 1037 ψυκτηρίοις.
1234 988 1239 995 ’
1253 983 1428 1019 Ταντάλου
1445 981 1608 1029 λε’γθννος
1626 981 1661 1017 ἐν
1677 984 1718 1026 Τῇ
1738 980 1906 1028 ΤΡαὙῳδῖᾳ

171 1046 282 1092 Αὔρας
297 1042 567 1079 Valckenarius
585 1042 632 1078 ad
651 1042 897 1091 Hippolytum
915 1055 952 1090 p.
978 1043 1051 1078 184
1068 1041 1107 1077 b.
1360 1036 1489 1083 Σπείρω
1508 1035 1537 1072 δ’
1558 1036 1704 1082 ἄρουραν
1722 1034 1841 1080 δώδεχ’
1861 1033 1993 1080 ἡμερῶν
2011 1033 2100 1075 ὁδὸν,

227 1098 313 1133 139.
351 1095 575 1144 Hesychius,
611 1096 854 1144 Ἀρείφατον
889 1098 995 1142 λῆμα
1012 1109 1020 1131 :
1064 1095 1219 1143 ἰσχυρὸν,
1360 1090 1544 1137 Βερέκυντα
1561 1093 1685 1136 Χῶρθν·

170 1151 254 1193 ἀντὶ,
267 1150 366 1198 *Apa
385 1151 504 1187 ἐοικός,
560 1149 735 1196 Αἰσχύλος
753 1150 965 1187 Νεανίσκοις,
1257 1141 1353 1188 (haec
1370 1142 1484 1179 verba
1501 1141 1627 1178 attulit
1645 1140 1756 1177 etiam
1774 1153 1810 1188 p.
1833 1139 1908 1177 778
1925 1138 1983 1185 b.)
2004 1137 2075 1176 εἶτα
2098 1140 2169 1187 μετ’
2189 1140 2306 1189 ὀλίγον

226 1204 313 1240 140.
344 1202 566 1251 Hesychius,
584 1203 881 1251 Ἀφοίβαντονε
911 1204 1109 1251 ἀκάθαρτον.
1162 1204 1220 1238 Al·
1253 1196 1415 1245 λέγοντος

171 1257 304 1305 σχῦλος
322 1258 533 1294 Νεανίσκοις.
1414 1251 1526 1296 Οὑμὸς
1544 1250 1580 1286 δὲ
1598 1251 1727 1296 πότμος
1745 1250 1874 1297 οὐρανῷ
1892 1252 2000 1295 κυρῶν
2017 1247 2085 1283 ἅνω

225 1312 312 1346 141.
343 1309 500 1346 Photius
535 1322 573 1357 p.
613 1310 702 1350 326,
739 1310 800 1345 15.
854 1310 1033 1346 ὀκτὼπαν
1069 1312 1221 1357 ποταμὸν
1415 1305 1511 1351 ἔραζε
1527 1305 1642 1340 πίπτει
1660 1304 1715 1338 καί
1731 1319 1773 1349 με
1789 1303 1994 1350 προσφωνεῖ
2008 1303 2099 1343 τάδε,

170 1364 344 1411 Αἶσχῦλος
357 1365 579 1400 διαπέπλευκε
590 1364 802 1400 Νεανίσκοις.
834 1362 1058 1412 Hesychius,
1074 1364 1141 1400 Ὀκ
1152 1367 1223 1400 τώ·
1415 1359 1584 1405 γίγνωσκε
1601 1357 1809 1404 Τἆνθρώπέια
1825 1356 1870 1401 μὴ
1889 1355 2007 1398 σέβειν
2024 1355 2121 1403 ἆ’γᾶν·
2142 1405 2150 1413 ,

170 1431 271 1455 nas:
299 1419 462 1465 ποταμός,
1258 1408 1318 1445 lta
1345 1408 1443 1445 enim
1474 1410 1668 1446 Porsonus
1695 1408 1735 1444 in
1761 1406 1922 1443 Miscell.
1947 1419 1984 1455 p.
2011 1409 2100 1443 212.
2124 1405 2306 1444 librorum

1258 1461 1479 1510 scripturam
1503 1461 1663 1499 correxit
1687 1463 1791 1509 θυμὸς
1817 1462 1855 1497 δὲ
1878 1461 1959 1497 ποθ’
1985 1463 2069 1507 ἁμὸς
2095 1461 2224 1510 οὐρανῷ
2241 1481 2306 1495 —-.

458 1559 465 1566 ·
627 1497 869 1528 ΝΗΡΗῙΔΕΣ·
892 1558 900 1565 .
1259 1514 1365 1551 Nihil
1393 1515 1510 1565 igitur
1539 1515 1577 1551 in
1608 1514 1666 1550 his
1702 1513 1872 1551 versibus
1908 1513 2097 1561 agendum
2136 1518 2306 1561 superest

226 1561 312 1597 142·
343 1559 550 1597 Schollasta
567 1559 753 1610 Euripidis
771 1560 953 1598 Phoemss.
968 1573 1003 1598 V·
1020 1563 1109 1599 209-
1166 1565 1224 1600 Αἱ-
1258 1579 1369 1617 quam
1386 1574 1432 1606 ut
1447 1574 1660 1619 postremus
1677 1566 1776 1616 apud
1794 1565 2017 1603 Strabonem
2034 1578 2163 1603 versus
2181 1578 2305 1602 emen-

173 1615 304 1664 σκῦλος
319 1612 465 1664 quei‘on
1265 1623 1385 1664 detur,
1419 1622 1482 1658 ubi
1509 1619 1593 1656 libri
1622 1618 1682 1656 alii
1710 1620 1841 1667 ἐρέχθει
1865 1617 1924 1653 vel
1952 1619 2120 1665 ἐρέχθεον,
2148 1622 2186 1653 et
2218 1618 2247 1651 δ’
2268 1614 2305 1650 in

386 1672 650 1718 Δελφινοφόρον
666 1672 793 1706 πόντου
810 1669 927 1705 πεδίον
1261 1674 1406 1711 duobus
1423 1674 1614 1710 omissum.

386 1725 661 1771 διαμειψάμενοι.
1239 1730 1243 1743 '
1316 1728 1400 1765 147.
1431 1727 1602 1764 Stobaeus
1622 1724 1802 1767 CXVIII,
1826 1726 1860 1761 1.
1915 1724 2094 1772 Αἰσχύλου
2112 1727 2243 1771 Νιόβης

229 1778 315 1813 143.
345 1776 552 1813 Scholiasta
570 1775 718 1812 Pindari
734 1774 850 1811 Nem.
871 1773 941 1816 VI,
963 1774 1024 1812 85.
1081 1778 1226 1825 Δίκρουν
1364 1784 1478 1820 Μόνος
1496 1784 1580 1819 θεῶν
1595 1782 1662 1828 γὰρ
1682 1781 1831 1817 Θάνατος
1849 1780 1888 1814 οὐ
1906 1780 2022 1827 δώρων
2039 1780 2111 1827 ἐρᾷ,

173 1832 347 1879 γὰρ’ὥστε
364 1830 424 1867 δύο
443 1831 548 1876 ἀκμὰς
566 1832 667 1877 ἔχειν,
686 1831 741 1865 καὶ
763 1832 823 1875 μιᾷ
840 1831 930 1874 βολῇ
950 1830 1040 1865 ὥστε
1058 1831 1166 1867 δισσὰ
1183 1833 1226 1867 τὰ
1365 1835 1434 1872 οὔτ’
1454 1836 1494 1872 ἄν
1511 1851 1544 1872 τι
1563 1834 1651 1870 θύων
1669 1834 1736 1869 οὔτ’
1758 1833 1969 1869 ἐπισπένδων
1986 1833 2088 1876 ὄνοις,

173 1884 346 1933 τραύματα
362 1884 623 1932 ἀπεργάζεσθαι.
653 1885 707 1919 καὶ
718 1883 894 1929 Αἰσχύλος
912 1883 948 1917 ἐν
966 1882 1111 1931 Νηρεΐσι
1130 1885 1155 1904 “
1166 1886 1224 1920 κά·
1364 1890 1404 1924 οὐ
1421 1892 1538 1936 βωμός
1555 1889 1650 1924 ἐστιν
1668 1888 1744 1923 οὐδὲ
1765 1887 1990 1931 παιωνίζεται.

173 1953 277 1984 μακος
301 1936 368 1974 εἶσι
392 1939 536 1984 κάμακος
558 1939 754 1985 γλώσσημα
778 1935 999 1973 διπλάσιον.”
1053 1935 1227 1986 AEschyli
1362 1945 1467 1989 μόνου
1485 1945 1521 1979 δὲ
1541 1942 1654 1978 Πειθὼ
1673 1943 1839 1987 δαιμόνων
1856 1941 2053 1977 ἀποστατεῖ.

173 2002 303 2027 versus
320 1990 468 2027 videtur
484 1989 598 2026 fuisse
1259 1993 1423 2031 Primum
1434 2007 1582 2032 versum
1593 1994 1700 2030 affert
1710 1992 1979 2040 Aristophanes
1991 1993 2131 2029 Ranar.
2141 2005 2178 2029 v.
2194 1993 2306 2030 1392.

334 2046 490 2091 Κάμακος
508 2044 537 2080 δ’
557 2042 626 2080 εἶσι
643 2045 840 2092 γλώσσημα
857 2043 1013 2080 διπλοῦν.
1260 2046 1458 2084 scholiasta
1476 2046 1671 2097 Sophoclis
1684 2046 1821 2082 Electr.
1835 2058 1871 2081 v.
1889 2047 1975 2082 139.
2014 2044 2147 2082 Suidas
2164 2045 2204 2081 in
2219 2048 2307 2095 πάγ-

175 2100 239 2133 aut
256 2095 357 2134 Εἷσιν
374 2099 520 2144 κάμακος
535 2100 595 2145 γλ.
616 2096 648 2131 ὃ·
1259 2116 1380 2142 κοινος,
1400 2101 1598 2138 scholiasta
1621 2098 1805 2147 Euripidis
1829 2098 1970 2134 Alcest.
1991 2111 2028 2134 v.
2048 2099 2112 2134 56.
2133 2103 2210 2134 tres
2233 2099 2307 2147 pri-

228 2151 316 2188 144.
345 2150 569 2199 Hesychius,
594 2151 855 2200 Ἐναροκτάντας
882 2152 920 2187 δὲ
943 2152 1063 2200 φθογγ
1081 2152 1129 2201 (δ’
1148 2155 1219 2201 ὅφ-
1259 2165 1341 2189 mos
1358 2166 1487 2190 versus
1505 2152 1704 2190 scholiasta
1723 2150 1877 2187 Homeri
1895 2150 1999 2186 Iliad.
2020 2168 2043 2194 ι,
2066 2151 2152 2188 159.
2173 2156 2212 2187 et
2229 2151 2309 2188 Eu-

175 2206 300 2253 θογγος
317 2204 362 2241 L.
382 2203 612 2251 Dindorfius)
627 2232 635 2239 .
652 2230 661 2239 .
676 2231 684 2240 .
705 2207 800 2240 κότος
817 2205 913 2251 ὑψοῦ
931 2206 1033 2242 τέλος
1050 2206 1222 2243 ἀθανάτων
1259 2206 1417 2243 stathius
1443 2220 1481 2255 p.
1512 2207 1600 2248 744,
1631 2206 1668 2240 2.
1696 2203 1761 2241 ubi
1786 2216 1822 2241 v.
1854 2203 1890 2239 3.
1920 2203 2097 2251 scriptum
2128 2205 2199 2241 οὐδ’
2232 2207 2308 2241 ἔστι

175 2258 347 2305 άπολέψει
362 2257 564 2304 (ἀπολείψει
582 2254 780 2304 Musurus)
800 2257 978 2303 Αἰσχύλος
991 2259 1027 2293 ἐν
1044 2257 1218 2307 Νηρεΐσιν.
1258 2262 1387 2307 βωμός.
1418 2265 1456 2295 et
1490 2272 1527 2296 V.
1561 2261 1597 2295 2.
1627 2260 1759 2301 λάβοις.
1826 2256 1938 2304 Apud
1970 2255 2161 2292 Stobaeum
2192 2262 2306 2296 ναοῖς;

175 2311 208 2345 οἱ
224 2311 515 2356 ὑπομνηματισταὶ
538 2311 630 2357 παρὰ
647 2312 686 2346 τὸ
707 2307 862 2356 (Odyss.
882 2325 919 2356 χ,
939 2308 1051 2358 412.)
1259 2312 1358 2348 unde
1385 2312 1569 2349 Dobraeus
1595 2313 1698 2348 ὄνοις.
1753 2309 1876 2345 Primo
1902 2309 2024 2344 versui
2050 2309 2148 2356 apud
2174 2310 2307 2346 scholi-

221 2364 302 2413 Ὀὐχ
321 2364 399 2407 ὁσίη
418 2363 635 2409 φθιμένοισιν
652 2362 703 2399 ἐπ’
723 2363 886 2408 ἀνδράσιν
903 2363 1142 2410 εὐχετάασθαι·
1260 2369 1379 2401 astam
1417 2365 1611 2413 Sophoclis
1647 2369 1685 2400 et
1721 2361 1874 2399 suidam
1916 2361 2163 2409 subjiciuntur
2197 2363 2308 2399 verba

175 2416 228 2452 ἵνα
242 2413 264 2461 ᾗ
277 2419 296 2451 ὁ
310 2419 398 2459 νοῦς,
412 2418 431 2451 ὁ
445 2417 481 2451 δὲ
495 2416 733 2462 ε’ναροκτάντας
749 2414 891 2450 θάνατον
902 2417 948 2461 μὴ
966 2414 1039 2463 (μοι
1053 2412 1221 2461 Musur.)
1262 2421 1376 2457 Μόνος
1402 2421 1441 2455 οὐ
1464 2419 1597 2466 δέχεται
1622 2419 1788 2466 γλυκερᾶς
1813 2416 1914 2463 μέρος
1941 2416 2089 2459 ἐλπίδος,
2109 2428 2191 2464 quae
2209 2415 2309 2452 unde

175 2467 444 2513 ε’πικαυχώμενος
466 2467 505 2503 τὸ
531 2469 566 2502 ἐκ
591 2472 658 2503 τῶν
682 2467 767 2503 θεῶν
789 2468 891 2504 τέλος
914 2468 1008 2511 ὑψοῦ
1026 2468 1222 2515 ἀπολείψει,
1263 2478 1413 2519 sumpta
1431 2471 1504 2507 sint
1521 2470 1698 2507 nescitur.

176 2521 218 2555 τὰ
235 2523 302 2555 τῶν
319 2520 490 2556 ἀθανάτων
507 2519 593 2568 ὕψη,
613 2522 667 2556 καὶ
685 2521 740 2556 ε’πὶ
757 2521 835 2558 τοὺς
853 2521 995 2567 ἐχθροὺς
1012 2521 1095 2567 ἥξει.
1142 2520 1220 2557 Eu·
1320 2526 1405 2560 148.
1435 2524 1702 2572 Aristophanes
1719 2521 1858 2557 Avium
1875 2532 1912 2557 v.
1937 2520 2048 2557 1246.

177 2571 334 2610 stathius
360 2585 398 2623 p.
424 2574 515 2618 437‚
542 2575 604 2610 20.
658 2573 718 2610 Ἐκ
747 2577 808 2610 τοῦ
840 2574 980 2622 ἐναίρειν
1006 2576 1060 2610 καὶ
1087 2575 1224 2611 κτείνειν
1363 2576 1438 2626 'Ap‘
1458 2576 1547 2614 οἶσθ’
1568 2578 1619 2613 ὅτι
1638 2577 1718 2621 Ζεὺς
1736 2574 1768 2610 εἴ
1782 2591 1824 2621 με
1840 2574 1988 2620 λυπήσει
2005 2575 2102 2622 πέρα,

176 2628 414 2676 ἐναροκτάντας
431 2631 450 2664 ὁ
469 2629 622 2665 θάνατος.
1370 2632 1523 2679 μέλαθρα
1539 2633 1600 2678 μὲν
1618 2632 1719 2666 αὐτοῦ
1738 2631 1792 2664 καὶ
1810 2630 1934 2674 δόμους
1949 2628 2135 2676 Ἀμφίονος

232 2681 319 2716 145.
348 2679 570 2728 Hesychius,
583 2680 675 2727 Ἀθή
681 2696 702 2727 ρ
719 2695 727 2717 :
752 2682 953 2729 ἐπιδορατίς.
976 2683 1221 2730 μεταφορικῶς.
1371 2687 1613 2722 καταιθαλώσω
1631 2685 1862 2731 πυρφόροισιν
1879 2682 2022 2723 αἷετοῖς;

178 2734 351 2782 Αἰσχύλος
370 2737 486 2782 Νηρεῖ.
1265 2737 1330 2774 ubi
1357 2738 1555 2774 scholiasta
1580 2741 1766 2784 corrupte,
1792 2736 1867 2771 Καὶ
1893 2736 2040 2781 δόμους
2064 2734 2307 2782 Ἀμφίονοςε

625 2815 778 2844 NIOBE·
1265 2793 1300 2827 ἐκ
1331 2794 1460 2838 Νιόβης
1489 2791 1677 2838 Αῖσχῦλου.
1716 2789 1907 2837 ἐξέρριπται
1935 2789 1974 2824 δέ
2003 2788 2031 2824 τ’
2060 2787 2246 2836 Ἀμφίονος
2274 2790 2310 2824 ἐκ

178 2876 401 2916 Dissertatio
420 2876 626 2913 Hermanni
642 2876 682 2913 in
700 2876 840 2925 opusc·
861 2877 933 2913 V01·
954 2877 1026 2914 ῘῙῙ·
1045 2891 1084 2926 Ρ·
1105 2878 1170 2916 37·
1263 2847 1650 2944 pellqzlagisl'lesychius
1661 2896 1762 2933 Ἐπώ
1769 2898 1849 2940 ζειν
1864 2909 1873 2932 :
1897 2895 2118 2941 ἐπικαθῆσθαι
2129 2897 2201 2932 τοῖς
2218 2895 2307 2931 ὦοῖς.

233 2943 321 2979 146.
351 2941 488 2978 strabo
514 2940 606 2977 XII.
630 2953 668 2989 p.
688 2943 779 2978 580.
834 2942 1009 2989 Αἰσχύλος
1035 2944 1072 2979 δὲ
1100 2946 1226 2991 συγχεῖ
1264 2952 1439 2999 Αἰσχύλος
1457 2953 1567 2996 Νιόβῃ
1585 2952 1819 2997 μετα<1>ορυ<ῶς

178 2998 214 3033 ἐν
230 2999 269 3043 τῇ
289 2998 412 3042 Νιόβῃ·
441 2997 532 3044 φησὶ
554 2996 621 3043 γὰρ
645 2996 749 3041 ἐκείνη
773 2996 1031 3042 μνησθήσεσθαι
1057 3001 1124 3033 τῶν
1146 2999 1224 3050 περὶ
1690 3004 1864 3051 Ἐφημένη
1882 3003 1994 3050 τάφον

181 3052 349 3088 Τάνταλον
1370 3059 1495 3094 τέκνοις
1513 3059 1619 3101 ἕπωζε
1635 3059 1706 3094 τοῖς
1723 3058 1932 3102 τεθνηκόσιν.

500 3100 560 3140 Οἷς
577 3102 613 3138 ἐν
629 3101 740 3152 Ἰδαίῳ
757 3104 855 3152 πάγῳ
1265 3111 1322 3147 De
1342 3110 1463 3148 Niobe
1487 3109 1657 3157 sepulcro
1683 3109 1884 3145 liberorum
1907 3106 2092 3144 assidente
2118 3105 2202 3143 vide
2227 3118 2310 3154 quae

232 3158 312 3195 Διὸς
327 3156 486 3206 πατρῴαν
502 3155 620 3202 βωμός
637 3156 722 3191 ἔστι·
1265 3163 1360 3200 infra
1378 3163 1426 3199 ad
1443 3162 1611 3211 Phryges
1628 3161 1831 3198 afferentur
1848 3166 1887 3197 et
1905 3159 2138 3196 scholiastam
2159 3159 2308 3195 Prome-

180 3212 234 3247 καὶ
255 3213 359 3246 πάλιν
377 3212 401 3231 “
413 3210 559 3246 Σίπυλον
574 3209 699 3245 Ἰδαίαν
721 3209 783 3245 άνὰ
807 3204 813 3259 Ι
836 3208 982 3257 χθόνα.”
1021 3212 1074 3247 καὶ
1098 3214 1117 3248 ὁ
1141 3213 1224 3247 Τάν-
1265 3217 1343 3252 thei
1360 3229 1396 3253 v,
1418 3217 1508 3251 433.
1563 3213 1802 3250 Eustathium
1819 3226 1857 3262 p.
1883 3214 1995 3254 1343,
2017 3213 2078 3248 62.
2113 3213 2223 3256 1940,
2245 3213 2307 3248 64.

182 3267 282 3302 ταλος
297 3264 392 3312 λέγει
1266 3269 1322 3305 De
1342 3268 1472 3316 quibus
1491 3267 1584 3303 dixit
1603 3267 1839 3303 Hermannus
1856 3278 1881 3314 p
1913 3266 1978 3301 42.
1997 3265 2062 3300 43.

283 3318 414 3364 Σπείρω
433 3317 462 3352 δ’
481 3316 627 3364 ἄρουραν
644 3316 763 3362 δώδεχ’
783 3315 913 3364 ἡμερῶν
930 3318 1022 3360 ὁδὸν,
1320 3322 1407 3357 150.
1437 3319 1654 3368 Hephaestio
1671 3332 1709 3368 p.
1726 3320 1761 3357 7.
1781 3319 1840 3355 ed.
1858 3315 1976 3354 Gaisf.
1996 3315 2059 3352 ubi
2078 3315 2124 3352 de
2142 3321 2308 3365 correpta

285 3369 471 3418 Βερέκυντα
487 3373 611 3416 χῶρον,
630 3369 695 3405 ἕνθ’
714 3369 935 3417 Ἀδραστείας
952 3371 1028 3409 ἕδος
1267 3373 1499 3422 diphthongo
1517 3371 1608 3421 agit,
1627 3373 1802 3420 Αἰσχύλος
1820 3373 1856 3408 ἐν
1874 3373 1984 3417 Νιόβῃ

277 3422 372 3469 Ἴδης
389 3439 426 3459 τε
443 3424 646 3469 μυκηθμοῖσι
664 3423 718 3458 καὶ
734 3422 952 3470 βρυχήμασιν

1363 3426 1504 3474 Ἴστρος
1520 3426 1675 3464 τοιαύτας
1691 3426 1877 3474 παρθένους
1894 3428 2083 3470 λοχευεται-

285 3477 428 3526 ἔρπουσι
446 3476 561 3524 μήλων
577 3478 644 3514 πᾶν
662 3476 690 3512 δ’
710 3476 846 3525 ὀρεχθεῖ
861 3477 975 3514 πέδον.

1265 3479 1437 3516 Afferunt
1455 3478 1592 3516 omisso
1609 3478 1741 3517 fabulae
1769 3477 1918 3517 nomine
1938 3474 2143 3515 Priscianus
2159 3486 2197 3525 p.
2219 3475 2306 3514 562.

1210 3535 1230 3569 4
1253 3544 1279 3569 Η
