2488 3860
585 802 1156 857 ΕΥΡΙΠΙΔΟΥ
1230 804 1890 857 ΗΡΑΚΛΕΙΔΑΙ.

612 1185 785 1216 ῙΟΛΑΟΣ»

285 1235 397 1270 Πάλαι
413 1232 488 1270 ποτ’
507 1233 582 1269 ἐστὶ
600 1233 688 1270 τοῦτ’
707 1233 781 1279 ἐμοὶ
799 1232 1008 1281 δεδογμένον,

285 1289 304 1322 ὁ
322 1287 382 1333 μὲν
400 1287 525 1322 δίκαιος
542 1289 612 1323 τοῖς
629 1287 736 1322 πέλας
753 1284 879 1332 πέφυκ’
899 1286 993 1333 ἀνὴρ,

286 1341 304 1375 ὁ
325 1340 354 1375 δ’
375 1340 408 1376 ἐς
425 1340 464 1374 τὸ
483 1339 597 1382 κέρδος
615 1338 692 1384 λῆμ’
713 1339 800 1384 ἔχων
817 1338 987 1384 ἀνειμένον

285 1394 384 1428 πόλει
402 1390 431 1427 τ’
451 1392 621 1438 ἄχρηστος
639 1392 691 1425 καὶ
711 1392 968 1427 συναλλάσσειν
984 1393 1102 1441 βαρὺς,

287 1445 374 1490 αὑτῷ
393 1444 421 1479 δ’
441 1445 588 1491 ἄριστος·
616 1441 690 1479 οἶδα
708 1443 736 1478 δ’
758 1446 795 1479 οὐ
812 1445 907 1492 λόγῳ
924 1445 1049 1490 μαθών.

288 1498 353 1544 ἐγὼ
370 1497 436 1544 γὰρ
455 1497 544 1531 αἰδοῖ
560 1497 613 1531 καὶ
630 1498 669 1531 τὸ
689 1497 850 1544 συγγενὲς
869 1498 994 1539 σέβων,

288 1550 365 1594 ἐξὸν
382 1549 450 1584 κατ’
462 1548 590 1596 Ἀργος
607 1548 743 1594 ἡσύχως
761 1550 872 1592 ναίειν,
891 1552 1002 1585 πόνων

287 1602 458 1638 πλείστων
475 1602 642 1647 μετέσχον
660 1599 707 1637 εἷς
724 1603 805 1649 ἀνὴρ
822 1602 1015 1648 “Ηρακλέει,

288 1653 336 1689 ὅτ’
353 1653 392 1698 ἣν
409 1653 488 1698 μεθ’
509 1653 609 1699 ἡμῶν·
638 1657 695 1689 νῦν
713 1654 741 1690 δ’
762 1656 833 1691 ἐπεὶ
851 1654 920 1689 κατ’
936 1656 1075 1702 οὐρανὸν

289 1707 381 1749 ναίει,
400 1707 441 1741 τὰ
459 1708 564 1742 κείνου
583 1706 667 1742 τέκν’
686 1709 773 1754 ἔχων
790 1708 855 1743 ὑπὸ
872 1710 1007 1754 πτεροῖς

290 1761 386 1802 σώζω
405 1758 489 1800 τάδ’,
510 1761 608 1796 αὐτὸς
626 1760 780 1805 δεόμενος
799 1760 978 1807 σωτηρίας.

290 1813 361 1847 ἐπεὶ
377 1812 442 1859 γὰρ
461 1813 568 1847 αὐτῶν
584 1814 646 1859 γῆς
664 1812 867 1859 ἀπηλλάχθη
886 1813 1006 1860 πατὴρ,

288 1868 420 1911 πρῶτον
437 1866 497 1909 μὲν
514 1864 598 1910 ἡμᾶς
615 1864 709 1910 ἤθελ’
730 1865 924 1913 Εὐρυσθεὺς
942 1868 1079 1902 κτανεῖν·

290 1916 369 1952 ἀλλ’
391 1917 579 1964 ἐξέδραμεν.
609 1919 661 1952 καὶ
678 1920 779 1954 πόλις
796 1918 857 1963 μὲν
875 1916 1013 1963 οἴχεται,

288 1970 386 2017 ψυχὴ
406 1969 436 2004 δ’
457 1970 578 2015 ἐσώθη,
607 1969 778 2018 φεύγομεν
796 1970 823 2006 δ’
843 1970 1019 2016 ἀλώμενοι,

290 2024 399 2068 ἄλλην
415 2021 472 2058 ἀπ’
492 2024 599 2068 ἄλλης
619 2024 823 2070 ἐξορίζοντες
840 2025 952 2059 πόλιν.

288 2077 373 2121 πρὸς
389 2078 459 2112 τοῖς
475 2076 541 2122 γὰρ
560 2077 677 2113 ἄλλοις
696 2079 749 2113 καὶ
767 2075 835 2111 τόδ’
855 2076 1048 2124 Εὐρυσθεὺς
1067 2079 1176 2114 κακοῖς

290 2125 431 2175 ὕβρισμ’
449 2129 482 2164 ἐς
499 2128 583 2173 ἡμᾶς
601 2127 746 2174 ἠξίωσεν
763 2129 915 2176 ὑβρίσαι·

291 2181 429 2226 πέμπων
447 2180 530 2216 ὅπου
548 2183 610 2228 γῆς
627 2183 823 2219 πυνθάνοιθ’
838 2183 1029 2229 ἱδρυμένους

292 2233 432 2280 κήρυκας
447 2235 570 2279 ἐξαιτεῖ
585 2249 622 2269 τε
641 2237 808 2284 κάξείργει
826 2236 960 2281 χθονὸς,

290 2287 391 2322 πόλιν
407 2288 587 2334 προτείνων
598 2287 734 2336 ’'Ap-yos,
751 2289 789 2324 οὐ
805 2289 949 2336 σμικρὰν
967 2289 1073 2334 φίλην

292 2340 417 2386 ἐχθράν
433 2355 470 2375 τε
489 2339 619 2382 θέσθαι,
638 2342 763 2387 χαύτὸν
780 2339 980 2386 εὐτυχοῦνθ’
996 2342 1072 2387 ἅμα.

293 2393 325 2426 οἱ
343 2392 386 2434 δ’,
406 2393 530 2438 ἀσθενῆ
548 2393 608 2438 μὲν
621 2393 699 2430 τάπ’
720 2396 799 2440 ἐμοῦ
819 2394 1023 2441 δεδορκότες,

294 2446 454 2491 σμικροὺς
472 2445 508 2480 δὲ
525 2444 648 2482 τούσδε
667 2449 719 2483 καὶ
736 2447 863 2493 πατρὸς
880 2446 1094 2492 τητωμένους,

291 2498 369 2534 τοὺς
387 2498 586 2545 κρείσσονας
604 2501 764 2542 σέβοντες
783 2499 975 2546 ἐξείργουσι
992 2501 1066 2546 γῆς.

294 2551 359 2598 ἐγὼ
378 2552 414 2586 δέ
433 2550 497 2586 σὺν
515 2550 685 2599 φεύγουσι
705 2551 893 2598 συμφεύγω
911 2552 1047 2596 τέκνοις,

292 2605 346 2638 καὶ
364 2603 428 2639 σὺν
446 2608 549 2640 κακῶς
567 2606 767 2652 πράσσουσι
786 2605 1003 2652 συμπράσσω
1022 2607 1137 2647 κακῶς,

293 2655 397 2691 ὀκνῶν
413 2657 602 2703 προδοῦναι,
622 2657 666 2703 μή
685 2673 735 2695 τις
753 2657 808 2692 ὧδ’
828 2656 903 2702 ε’ίπῃ
921 2660 1064 2705 βροτῶν·

291 2706 415 2752 ἴδεσθ’,
435 2709 546 2753 ἐπειδὴ
565 2711 682 2745 παισὶν
700 2711 759 2746 οὐκ
775 2709 869 2746 ἔστιν
886 2710 1007 2759 πατὴρ,

295 2758 423 2798 Ἰόλαος
441 2762 500 2796 οὐκ
518 2764 621 2807 ἤμυνε
636 2762 803 2810 συγγενὴς
819 2765 939 2809 γεγώς.

292 2816 404 2857 πάσης
422 2815 458 2848 δέ
476 2816 587 2861 χώρας
601 2816 770 2851 Ἑλλάδος
787 2816 977 2860 τητώμενοι,

294 2866 483 2912 Μαραθῶνα
502 2868 555 2901 καὶ
574 2866 766 2914 σύγκληρον
785 2867 939 2904 ἐλθόντες
956 2866 1062 2913 χθόνα

296 2920 398 2954 ἱκέται
416 2919 644 2964 καθεζόμεσθα
662 2921 784 2965 βώμιοι
803 2919 897 2960 θεῶν,

293 2972 576 3017 προσωφελῆσαι·
604 2972 701 3008 πεδία
717 2973 783 3018 γὰρ
801 2973 906 3015 τῆσδε
924 2972 1044 3018 χθονὸς

293 3024 433 3059 δισσοὺς
453 3026 613 3058 κατοικεῖν
629 3026 768 3068 Θησέως
785 3025 905 3060 παῖδας
922 3026 1036 3071 λόγος,

295 3076 406 3124 κλήρῳ
424 3077 600 3121 λαχόντας,
622 3078 656 3111 ἐκ
674 3076 790 3122 γένους
808 3077 1002 3119 Πανδίονος,

296 3128 404 3164 τοῖσδ’
425 3129 524 3174 ἐγγὺς
543 3128 647 3164 ὄντας·
676 3129 721 3162 ῶν
740 3128 829 3162 ἕκατι
847 3129 1007 3174 τέρμονας

295 3182 433 3217 κλεινῶν
452 3180 599 3224 Ἀθηνῶν
616 3179 704 3225 τήνδ’
724 3180 933 3225 ἀφικόμεσθ’
954 3179 1041 3215 ὁδόν.

295 3235 387 3269 δυοῖν
403 3233 575 3280 γερόντοιν
594 3234 629 3267 δέ
649 3234 882 3278 στρατηγεῖται
901 3232 1006 3278 φυγή·

295 3287 362 3332 ἐγὼ
379 3287 440 3331 μὲν
459 3285 548 3330 ἀμφὶ
565 3286 681 3319 τοῖσδε
700 3285 886 3328 καλχαίνων
897 3285 1033 3325 τέκνοις,

295 3339 315 3383 ἡ
335 3338 363 3373 δ’
383 3337 425 3373 αὖ
442 3341 480 3373 τὸ
500 3337 585 3381 θῆλυ
602 3338 721 3372 παιδὸς
738 3336 924 3381 Ἀλκμήνης
941 3337 1046 3384 γένος,

294 3391 404 3426 ἕσωθε
422 3393 500 3426 ναοῦ
518 3389 606 3423 τοῦδ’
626 3389 912 3435 ὑπηγκαλισμένη,

295 3445 407 3487 σώζει·
435 3443 509 3478 νέας
525 3442 591 3488 γὰρ
609 3441 794 3488 παρθένους
812 3440 991 3486 αἰδούμεθα

295 3495 389 3542 ὄχλῳ
407 3496 563 3538 πελάζειν
581 3495 917 3539 κᾶπιβωμιοστατεῖν.

290 3547 419 3584 ’Υλλος
438 3547 465 3582 δ’
486 3548 633 3592 ἀδελφοί
650 3546 685 3581 θ’
705 3543 776 3580 οἷσι
794 3545 979 3592 πρεσβεύει
997 3549 1104 3593 γένος,

295 3599 429 3647 “orosto''
448 3599 532 3637 ὅπου
549 3601 611 3646 γῆς
631 3598 760 3646 πύργον
779 3598 980 3644 οἶκιούμεθα,

1191 1722 1228 1744 10

1191 1985 1224 2016 ¹5

1189 2251 1228 2273 20

1190 2512 1227 2545 25

1189 2776 1231 2806 30

1190 3037 1229 3068 35

1191 3299 1232 3328 40

1274 1606 1345 1636 ΚΟ.

1273 1922 1328 1950 10.

1273 2026 1345 2056 ΚΟ.

1272 2080 1333 2111 10.

1271 2134 1341 2164 ΚΟ.

1274 2187 1327 2216 ΙΟ»

1273 2240 1341 2270 ΚΟ.

1274 2346 1329 2375 10.

1274 2556 1346 2585 XO.

1274 2661 1332 2692 10.

1274 2766 1347 2796 XO.

1275 2871 1330 2901 10.

1275 2975 1347 3005 XO.

1278 3183 1333 3212 10.

1276 3288 1347 3317 ΧΟ.

1278 3393 1333 3423 ΙΟ.

1278 3498 1350 3528 ΧΟ.

1279 3603 1335 3633 10.

1375 1180 1416 1225 ἢν
1432 1180 1531 1225 τῆσδ’
1550 1180 1786 1227 ἀπωθώμεσθα
1800 1184 1884 1230 πρὸς
1901 1185 1982 1226 βίαν
1997 1186 2129 1232 χθονός.

1378 1233 1404 1268 ὦ
1421 1233 1518 1268 τέκνα
1535 1232 1641 1275 τέκνα,
1662 1234 1770 1281 δεῦρο,
1782 1236 1999 1281 λαμβάνεσθ’
2020 1240 2105 1286 ἐμῶν

1376 1285 1524 1321 πέπλων·
1552 1287 1619 1333 ὁρῶ
1637 1285 1762 1333 κήρυκα
1778 1289 1864 1324 τόνδ’
1885 1291 2086 1338 Εὐρυσθέως

1377 1338 1543 1384 στείχοντ’
1563 1338 1617 1385 ἐφ’
1637 1338 1733 1384 ἡμᾶς,
1752 1339 1791 1375 οὗ
1809 1341 2011 1388 διωκόμεσθ’
2030 1344 2107 1388 ὕπο,

1376 1392 1488 1436 πάσης
1506 1391 1626 1436 ἀλῆται
1643 1394 1706 1438 γῆς
1723 1392 1993 1442 ἀπεστερημένοι.

1377 1443 1403 1477 ὦ
1420 1446 1532 1488 μῖσος,
1553 1443 1620 1479 εἴθ’
1641 1444 1735 1479 ὅλοιο
1752 1446 1804 1490 χώ
1821 1446 1961 1495 πέμψας
1979 1449 2013 1485 σ’
2032 1450 2124 1499 ἀνὴρ,

1376 1494 1413 1531 ὃς
1429 1496 1544 1531 πολλὰ
1563 1495 1602 1540 δὴ
1619 1498 1673 1532 καὶ
1690 1498 1794 1533 τῶνδε
1810 1501 1950 1549 γενναίῳ
1966 1505 2068 1550 πατρὶ
2093 1515 2095 1517 “

1377 1548 1412 1582 ἐκ
1430 1549 1528 1583 τοῦδε
1546 1550 1667 1583 ταύτοῦ
1686 1554 1853 1595 στόματος
1870 1554 2029 1600 ἤγγειλας
2046 1557 2142 1591 κακά.

1374 1599 1394 1644 ἦ
1413 1615 1479 1635 που
1498 1601 1664 1645 καθῆσθαι
1682 1601 1773 1647 τήνδ’
1793 1603 1892 1650 ἕδραν
1909 1608 2014 1653 καλὴν
2032 1608 2139 1646 δοκεῖς

1374 1653 1475 1688 πόλιν
1491 1653 1521 1688 τ’
1542 1654 1686 1700 ἀφῖχθαι
1705 1653 1892 1702 σύμμαχον,
1913 1664 2018 1697 κακῶς
2034 1662 2179 1708 φρονῶν·

1376 1705 1415 1740 οὐ
1431 1707 1497 1752 γάρ
1514 1720 1565 1742 τις
1583 1708 1676 1742 ἔστιν
1694 1706 1731 1744 ὃς
1747 1709 1883 1755 πάροιθ’
1902 1711 2075 1759 αἱρήσεται

1374 1758 1434 1803 τὴν
1452 1758 1517 1803 σὴν
1533 1759 1668 1806 ἀχρεῖον
1686 1759 1822 1806 δύναμιν
1839 1761 1907 1797 ἀντ’
1928 1765 2136 1811 Εὐρυσθέως·
2168 1809 2170 1811 ¹

1374 1812 1488 1857 χώρει·
1515 1813 1549 1846 τί
1565 1813 1704 1858 μοχθεῖς
1721 1814 1823 1855 ταῦτ’,
1861 1816 2065 1853 ἀνίστασθαί
2083 1834 2125 1854 σε
2139 1819 2206 1867 χρὴ

1376 1863 1424 1899 εἷς
1434 1862 1571 1911 ”Αργος,
1592 1865 1631 1899 οὗ
1651 1880 1692 1900 σε
1709 1865 1872 1913 λεύσιμοι·
1888 1869 1978 1913 μένει
1996 1870 2079 1916 δίκη.

1375 1917 1414 1950 οὐ
1433 1916 1516 1961 δῆτ’·
1545 1917 1617 1952 ἐπεί
1633 1932 1690 1963 μοι
1707 1920 1823 1964 βωμὸς
1841 1920 1976 1967 ἀρκέσει
1995 1922 2073 1958 θεοῦ

1377 1969 1536 2015 ἐλευθέρα
1553 1984 1590 2005 τε
1606 1969 1688 2016 γαῖ’,
1709 1971 1744 2005 ἐν
1760 1969 1781 2016 ᾗ
1797 1973 1998 2019 βεβήκαμεν.

1373 2020 1494 2063 βούλει
1511 2023 1614 2057 πόνον
1630 2038 1687 2068 μοι
1701 2025 1779 2068 τῇδε
1795 2025 1993 2071 προσθεῖναι
2005 2028 2083 2075 χερί
2093 2044 2104 2069 ,·

1380 2077 1471 2109 οὗτοι
1489 2076 1550 2120 βίᾳ
1567 2075 1609 2122 γέ
1623 2074 1660 2121 μ’
1681 2078 1757 2112 οὐδὲ
1775 2076 1891 2112 τούσδ’
1910 2079 2001 2122 ἄξεις
2017 2081 2144 2119 λαβών.

1368 2129 1494 2174 γνώσει
1513 2127 1568 2163 σύ·
1595 2130 1710 2173 μάντις
1728 2126 1758 2164 δ’
1779 2128 1861 2173 ἦσθ’
1882 2131 1934 2177 ἄρ’
1954 2132 1993 2166 οὐ
2011 2135 2113 2170 καλὸς
2129 2133 2216 2171 τάδε.

1375 2181 1433 2215 οὐκ
1452 2181 1492 2215 ἂν
1508 2183 1638 2228 γένοιτο
1657 2181 1747 2216 τοῦτ’
1768 2183 1848 2228 ἐμοῦ
1867 2184 1986 2226 ζῶντός
2003 2200 2097 2222 ποτε.

1370 2232 1496 2280 ἅπαιρ’·
1525 2234 1589 2280 ἐγὼ
1608 2235 1643 2268 δὲ
1661 2234 1797 2276 τούσδε,
1816 2235 1876 2269 κᾶν
1893 2237 1938 2271 σὺ
1955 2238 1999 2282 μὴ
2019 2237 2130 2284 θελῃς,

1375 2286 1456 2330 ἔξω,
1476 2286 1617 2331 νομίζων
1634 2286 1736 2334 οὗπέρ
1755 2287 1820 2322 εἷσ’
1842 2288 2050 2335 Εὐρυσθέως.

1376 2338 1402 2372 ὧ
1419 2339 1479 2375 τὰς
1495 2337 1637 2383 Ἀθήνας
1654 2339 1755 2386 δαρὸν
1773 2341 1938 2377 οἰκοῦντες
1956 2345 2090 2389 χρόνον,

1376 2389 1526 2436 ἀμύνεθ’·
1555 2393 1657 2426 ἱκέται
1676 2390 1706 2427 δ’
1726 2391 1818 2429 ὄντες
1835 2392 1994 2440 ἀγοραίου
2013 2397 2091 2432 Διὸς

1376 2443 1596 2489 βιαζόμεσθα,
1617 2445 1670 2479 καὶ
1690 2445 1801 2491 στέφη
1818 2445 1990 2490 μιαίνεται,

1376 2498 1476 2543 πόλει
1493 2495 1523 2531 τ’
1543 2496 1668 2533 ὄνειδος
1686 2498 1739 2532 καὶ
1758 2497 1842 2533 θεῶν
1858 2498 1982 2543 ἀτιμία.

1374 2550 1413 2584 ἔα
1430 2549 1477 2584 ἔα.
1506 2548 1556 2585 τίς
1573 2549 1593 2593 ἡ
1611 2550 1677 2595 βοὴ
1694 2551 1812 2596 βωμοῦ
1829 2550 1938 2586 πέλας

1379 2601 1520 2646 ἕστηκε,·
1547 2603 1647 2637 ποίαν
1665 2603 1966 2650 συμφορὰνδείξει
1984 2606 2093 2652 nixa,-

1377 2653 1465 2690 ’ίδετε
1482 2655 1541 2689 τὸν
1557 2652 1688 2701 γέροντ’

1379 2707 1509 2752 ἀμαλὸν
1527 2707 1581 2742 ε’πὶ
1599 2707 1689 2755 πέδῳ
1707 2706 1862 2753 χύμενον·
1891 2709 1917 2744 ὣ
1934 2711 2049 2747 τάλας.

1376 2760 1461 2806 πρὸς
1478 2762 1539 2795 τοῦ
1556 2759 1630 2794 ποτ’
1650 2760 1686 2795 ἐν
1702 2763 1745 2807 γῇ
1763 2764 1882 2806 πτῶμα
1899 2761 2063 2807 δύστηνον
2079 2765 2226 2806 πίτνειςξ

1378 2811 1399 2831 ι»
1530 2810 1552 2832 υ
1684 2811 1704 2832 ι
1836 2812 1858 2833 α
1989 2816 2009 2835 α

2269 1362 2309 1394 50

1377 2863 1438 2905 ὅδ’,
1460 2864 1485 2898 ὦ
1504 2864 1604 2908 ξένοι,
1623 2880 1665 2910 με
1680 2866 1763 2902 σοὺς
1780 2866 1947 2912 ἀτιμάζων
1964 2868 2060 2906 θεοὺς

1379 2917 1472 2951 ἕλκει
1489 2917 1608 2959 βιαίως
1626 2920 1728 2960 Ζηνὸς
1746 2919 1781 2953 ἐκ
1798 2920 2013 2965 προβωμίων.

1377 2969 1422 3005 σύ
1441 2968 1471 3003 δ’
1492 2970 1527 3004 ἐκ
1545 2969 1633 3006 τίνος
1650 2971 1723 3017 γῆς,
1744 2970 1770 3005 ὦ
1787 2972 1896 3018 γέρον,
1915 2975 2133 3019 τετράπτολιν

1379 3021 1531 3065 ξύνοικον
1547 3021 1649 3066 ἦλθες

1378 3075 1462 3109 λαόν
1472 3089 1482 3114 ;
1510 3073 1529 3118 ἢ
1548 3075 1692 3121 πέραθεν
1710 3076 1796 3124 ἁλίῳ
1813 3077 1926 3122 πλάτᾳ

1379 3125 1527 3171 κατέχετ’
1547 3127 1738 3164 ἐκλιπόντες
1757 3128 1893 3170 Εὐβοῖδ’
1913 3130 2036 3169 ἀκτιὶν,·

1380 3179 1420 3213 οὐ
1439 3180 1612 3223 νησιώτην,
1631 3179 1657 3213 ὦ
1676 3179 1777 3222 ξένοι,
1796 3181 1902 3227 τρίβω
1919 3181 2007 3222 βίον,

1380 3230 1460 3265 ἀλλ’
1480 3231 1516 3265 ἐκ
1535 3236 1697 3275 Μυκηνῶν
1715 3233 1779 3277 σὴν
1797 3233 1969 3280 ἀφίγμεθα
1986 3233 2100 3278 χθόνα.

1377 3282 1479 3328 ὄνομα
1497 3280 1532 3317 τί
1547 3298 1599 3325 σε,
1619 3284 1728 3330 γέρον,

1381 3337 1569 3379 Μυκηναῖος
1587 3336 1753 3380 ὠνόμαζεν
1770 3337 1855 3373 λεώς
1868 3351 1879 3376 ,·

1379 3388 1437 3422 τὸν
1454 3387 1655 3434 Ἡράκλειον
1672 3387 1747 3423 ἴστε
1765 3403 1831 3423 που
1846 3390 2062 3435 παραστάτην

1382 3438 1525 3474 Ἰόλαον·
1554 3440 1593 3474 οὐ
1606 3442 1671 3486 γὰρ
1691 3440 1776 3485 σῶμ’
1795 3439 1978 3486 ἀκήρυκτον
1994 3442 2083 3476 τόδε.

1379 3489 1443 3526 οἶδ’
1463 3491 1666 3528 εἰσακούσας
1684 3494 1737 3527 καὶ
1754 3493 1842 3539 πρίν·
1871 3492 1961 3527 ἀλλὰ
1979 3496 2038 3527 τοῦ
2056 3493 2130 3528 ποτ’
2150 3494 2185 3528 ἐν

1381 3545 1469 3590 χειρὶ
1489 3549 1534 3589 σᾷ
1553 3545 1695 3589 κομίζεις
1712 3547 1829 3591 κόρους
1847 3546 2047 3591 νεοτρεφεῖς,
2067 3547 2210 3592 φράσον.

1380 3596 1587 3643 Ἡρακλέους
1605 3595 1668 3631 οἷδ’
1689 3597 1755 3631 εἶσὶ
1774 3597 1899 3641 παῖδες,
1921 3596 1947 3631 ὦ
1965 3597 2062 3641 ξένοι,

2275 2979 2316 3009 80
