2488 3860
254 322 337 367 538

258 479 323 509 ΕΥ.

253 688 321 718 ΕΥ.

253 741 334 771 ΜΝ.

251 844 318 875 ΕΥ.
353 839 361 851 ’

250 949 317 978 ΕΥ.

250 1054 317 1084 ΕΥ.

248 1106 328 1135 MN.

248 1211 315 1240 ΕΥ.

248 1263 328 1293 ΜΝ.

248 1315 328 1345 ΜΝ.

246 1420 313 1449 ΕΥ.

248 1472 328 1501 ΜΝ.

246 1525 311 1554 ΛΓ.

245 1680 316 1709 XO.

245 1837 310 1867 ΑΓ.

243 2043 312 2073 XO.

246 2200 312 2229 Ar.

246 2303 316 2333 XO.

246 2460 312 2490 ΑΓ.

246 2616 318 2646 XO,

248 2979 330 3010 MN·

1092 326 1547 369 ΑΡΙΣΤΟΦΑΝΟΤΣ

361 420 431 457 ἐπεὶ
450 421 542 469 τρίτη
561 422 630 459 ’στὶ
649 425 895 473 Θεσμοφορίων
913 425 931 471 ἡ
949 427 1048 471 μέση.
1250 434 1291 465 80
1313 431 1315 470 ,¹
1431 427 1573 462 ἀλλ’ὡς
1589 425 1670 472 γυνὴ
1690 424 1780 470 δῆτ’·
1773 450 1781 464 ,
1809 418 1879 458 εἶτα
1896 427 1963 461 ποῦ
1979 424 2021 462 τὰ
2037 422 2169 461 τιτθία·
2158 450 2169 465 ,

359 474 446 509 τοῦτ’
465 475 546 511 αὐτὸ
563 477 628 523 γάρ
647 491 698 511 τοι
717 478 875 514 κάπολεῖν
890 494 931 524 με
949 481 1139 526 προσδοκῶ.
1431 494 1449 512 Τ
1452 494 1462 514 t
1481 478 1570 524 φῇςῖ
1600 492 1631 512 Τί
1651 492 1676 512 ‘7
1677 490 1772 523 1751:
1799 478 1889 513 ἁλλὰ
1908 476 1976 523 δῆτ
1995 478 2032 512 ἐκ
2048 479 2108 512 Τοῦ
2125 477 2248 522 μέλους

357 527 391 561 αἱ
408 527 474 574 γὰρ
490 530 641 573 γυναῖκες
659 528 963 572 ἐπιβεβουλεύκασί
978 546 1046 577 μοι,
1434 532 1518 575 ζητῶ
1537 528 1582 570 σ’,
1603 528 1714 573 ἐπειδή
1731 529 1764 576 γ’
1782 522 1880 566 αὗτός
1897 529 1936 564 οὗ
1952 528 2072 572 βούλει
2090 529 2235 575 φράσω.
2303 533 2360 571 145

358 579 417 613 κάν
435 581 674 627 Θεσμοφόροιν
690 582 862 626 μέλλουσι
879 584 956 629 περί
972 600 1036 630 μου
1054 584 1195 631 τήμερον
1332 588 1395 617 ΛΓ.
1430 583 1455 616 ὦ
1472 582 1607 628 πρέσβυ
1623 582 1770 627 πρέσβυ,
1790 583 1849 616 τοῦ
1867 581 1995 627 φθόνου
2011 581 2072 626 μὲν
2088 582 2147 615 τὸν
2163 579 2278 626 ψόγον

360 631 587 675 ἐκκλησιάζειν
605 633 655 668 ἐπ’
675 634 816 682 ὀλέθρῳ.
873 642 953 670 ΜΝ.
982 639 1034 681 τιὴ
1053 638 1086 671 τί
1104 636 1166 681 δίῃ
1425 636 1570 678 Ιἤκουσα,
1590 633 1649 678 τὴν
1667 632 1695 668 δ’
1713 633 1858 678 ἄλγησιν
1875 634 1915 668 οὔ
1932 634 2160 680 παρεσχόμην·

356 683 426 728 ὁτιὴ
445 685 605 732 τραγῳδῶ
623 687 676 720 καὶ
694 690 798 722 κακῶς
815 688 916 723 αὐτὰς
932 690 1034 732 λέγω.
1246 693 1284 734 85
1432 687 1496 731 ἐγὼ
1515 686 1551 720 δὲ
1569 685 1628 728 Τὴν
1646 685 1764 730 ἐσθῆθ’
1782 687 1849 730 ἅμα
1864 686 1977 732 γνώμῃ
1996 686 2104 731 φορῶ·

355 735 392 779 νὴ
411 737 469 770 τὸν
488 738 643 772 Ποσειδῶ
662 739 714 773 καὶ
730 738 836 774 δίκαιά
853 739 884 787 γ’
904 739 944 776 ἂν
959 740 1088 777 πάθοις.
1310 741 1313 751 “
1431 738 1496 783 χρὴ
1514 738 1579 783 γὰρ
1596 736 1734 781 ποιητὴν
1751 738 1853 783 ἄνδρα
1869 739 1953 783 πρὸς
1969 738 2011 772 τὰ
2027 737 2176 782 δράματα

356 788 438 834 ἀτὰρ
456 787 515 823 τίν’
535 789 570 824 ἐκ
585 787 709 825 τούτων
725 790 770 825 σὺ
786 791 935 836 μηχανὴν
953 793 1040 837 ἔχεις
1055 805 1064 834 3
1431 790 1451 823 ἃ
1471 790 1521 823 δεῖ
1536 791 1653 829 ποιεῖν,
1673 790 1756 835 πρὸς
1773 792 1876 824 ταῦτα
1892 789 1969 825 τοὺς
1985 790 2129 835 τρόπους
2145 789 2246 834 ἔχειν.
2305 799 2362 832 150

364 839 525 886 Αγάθωνα
541 843 656 876 πεῖσαι
674 843 732 877 τὸν
748 844 1106 891 τραγῳδοδιδάσκαλον
1432 839 1548 875 αὐτίκα
1564 840 1722 887 γυναικεῖ’
1741 841 1781 886 ἢν
1797 842 1875 886 ποιῇ
1893 855 1943 877 τις
1960 841 2120 888 δράματα,

353 892 386 928 ἐς
397 894 636 940 Θεσμοφόροιν
647 894 770 930 ἐλθεῖν.
791 901 871 930 ΜΝ.
887 896 920 930 τί
931 896 1085 941 δράσοντ’
1100 909 1108 936 ;
1130 896 1201 931 εἶπέ
1213 910 1282 941 μοι.
1431 893 1612 938 μετουσίαν
1630 894 1680 928 δεῖ
1696 897 1762 928 τῶν
1779 896 1910 940 τρόπων
1927 894 1965 928 τὸ
1984 891 2068 938 σῶμ’
2087 893 2188 939 ἔχειν.

352 944 605 989 ἐκκλησιάσοντ’
625 947 659 982 ἐν
676 949 747 983 ταῖς
763 948 904 993 γυναιξὶ,
924 948 983 983 κᾶν
1001 948 1069 993 δέῃ,
1243 957 1284 988 90
1331 951 1411 980 MN.
1432 946 1550 979 οὐκοῦν
1567 946 1758 989 κελητίζεις,
1777 945 1856 980 ὅταν
1873 946 2017 992 Φαίδραν
2032 945 2151 989 ποιῇς;

352 996 488 1040 λέξονθ’
503 997 586 1043 ὑπὲρ
601 999 693 1043 ἐμοῦ.
721 1005 801 1034 ΜΝ.
817 1002 942 1046 πότερα
953 1002 1109 1046 φανερὸν,
1123 999 1142 1045 ἢ
1156 1000 1280 1047 λάθρα;
1331 1004 1396 1033 ΑΓ.
1430 998 1562 1043 ἀνδρεῖα
1580 996 1608 1032 δ’
1627 997 1666 1042 ἢν
1683 1002 1761 1042 ποιῇ
1778 1012 1839 1037 τις,
1860 998 1895 1032 ε’ν
1911 1001 1958 1045 τῷ
1977 997 2107 1041 σώματι

351 1048 473 1095 λάθρα,
493 1050 621 1094 στολὴν
638 1053 790 1098 γυναικὸς
807 1050 1048 1097 ἠμφιεσμένον.
1433 1049 1543 1083 ἔνεσθ’
1564 1049 1715 1095 ὑπάρχον
1732 1048 1839 1084 τοῦθ’.
1868 1049 1890 1084 ἃ
1907 1049 1934 1084 δ’
1954 1049 1993 1084 οὐ
2012 1047 2202 1094 κεκτήμεθα,
2305 1058 2361 1092 155

350 1103 388 1135 τὸ
406 1103 543 1148 πρᾶγμα
561 1104 695 1149 κομψὸν
714 1105 765 1138 καὶ
784 1104 907 1149 σφόδρ’
928 1105 963 1138 ἐκ
981 1107 1040 1138 τοῦ
1064 1107 1128 1140 σοῦ
1145 1107 1281 1152 τρόπου·
1432 1102 1569 1146 μίμησίς
1586 1102 1647 1146 ἤδη
1667 1104 1769 1137 Ταῦτα
1787 1100 2036 1148 συνθηρεύεται·

350 1156 410 1187 τοῦ
426 1154 492 1200 γὰρ
510 1156 678 1199 τεχνάζειν
695 1155 851 1202 ἡμέτερος
869 1158 887 1189 ὁ
906 1159 1088 1203 πυραμοῦς.
1331 1160 1412 1190 ΜΝ.
1433 1154 1511 1188 ὅταν
1530 1152 1695 1200 σατύρους
1713 1154 1822 1189 τοίνυν
1839 1157 1946 1198 ποιῇς,
1967 1155 2079 1188 καλεῖν
2096 1153 2164 1198 ἐμὲ,

349 1206 441 1251 σίγα.
489 1212 568 1241 MN.
596 1208 630 1242 τί
646 1207 674 1242 δ’
694 1209 807 1248 ἕστιν;
854 1214 921 1244 ΕΥ.
948 1208 1080 1253 ἁγάθων
1098 1209 1280 1255 ἐξέρχεται.
1432 1205 1484 1240 ἵνα
1503 1210 1656 1251 συμποιῶ
1676 1206 1862 1242 σοῦπισθεν
1880 1206 2026 1242 ἐστυκὼς
2044 1205 2122 1249 ἐγώ.

349 1258 402 1292 καὶ
419 1259 514 1294 ποῖός
532 1259 646 1298 ἐστιν;
676 1266 742 1294 ΕΥ.
772 1260 868 1296 οὗτος
886 1260 1176 1306 οὑκκυκλούμενος.
1243 1266 1282 1307 96
1331 1264 1397 1294 Ar.
1432 1259 1545 1294 ἄλλως
1563 1257 1590 1292 τ’
1610 1258 1759 1303 ἄμουσόν
1777 1259 1851 1293 ἐστι
1868 1258 2006 1302 ποιητὴν
2024 1257 2104 1292 ἷδεῖν

349 1309 427 1344 ἀλλ’
446 1309 466 1355 ἢ
485 1312 616 1356 τυφλὸς
633 1311 692 1355 μέν
710 1311 784 1355 εἶμ’·
815 1312 880 1357 ἐγὼ
897 1314 962 1359 γὰρ
980 1313 1044 1358 οὐχ
1062 1316 1129 1359 ὁρῶ
1434 1311 1566 1356 ἀγρεῖον
1583 1309 1662 1345 ὄντα
1679 1312 1732 1345 καὶ
1750 1310 1866 1345 δασύν·
1897 1310 2025 1356 σκέψαι
2043 1309 2072 1344 δ’
2092 1308 2143 1345 ὅτι
2306 1314 2363 1345 ώο

349 1361 439 1408 ἄνδρ’
458 1362 562 1397 οὐδέν’
583 1362 689 1397 ἐνθάδ’
709 1363 798 1403 ὅντα,
819 1364 969 1410 Κυρήνην
987 1365 1014 1400 δ’
1034 1367 1113 1412 ὁρῶ.
1430 1365 1564 1403 Ἴβυκος
1579 1363 1700 1398 ἐκεῖνος
1718 1362 1902 1409 κάνακρέων
1919 1364 1938 1397 ὁ
1955 1361 2053 1406 Τήιος

348 1415 440 1460 σίγα·
469 1415 631 1462 μελῳδεῖν
648 1414 689 1449 αὖ
706 1418 1001 1461 παρασκευάζεται.
1434 1415 1600 1454 κάλκαῖος,
1619 1413 1713 1461 οἵπερ
1732 1415 1889 1461 ἁρμονίαν
1906 1413 2080 1460 ἐχύμισαν,

348 1466 516 1513 μύρμηκος
534 1467 711 1513 ἀτραποὺς,
730 1467 750 1512 ἢ
769 1468 801 1501 τί
820 1468 1062 1516 διαμινύρεται;
1224 1485 1283 1507 100
1434 1467 1677 1513 ἐμιτροφόρουν
1695 1481 1730 1501 τε
1749 1468 1801 1502 καὶ
1819 1466 1986 1502 διεκλῶντ’
2004 1466 2164 1509 Ἰωνικῶς,

347 1520 436 1563 ἱερὰν
455 1518 602 1564 χθονίαις
620 1519 793 1564 δεξάμεναι
1433 1519 1485 1553 καὶ
1505 1518 1678 1564 Φρύνιχος,
1698 1521 1816 1554 τοῦτον
1832 1520 1897 1566 γὰρ
1914 1517 1973 1554 οὖν
1990 1518 2141 1563 ἀκήκοας,

347 1569 505 1614 λαμπάδα
523 1574 638 1617 κοῦραι
656 1571 716 1615 ξὺν
734 1572 896 1620 ἐλευθέρᾳ
1433 1571 1530 1607 αὐτός
1547 1586 1583 1605 τε
1601 1573 1701 1608 καλὸς
1718 1570 1758 1615 ἦν
1775 1573 1828 1607 καὶ
1845 1573 1953 1607 καλῶς
1970 1570 2171 1616 ἠμπίσχετο·
2308 1574 2362 1615 163

347 1623 481 1667 πατρίδι
499 1622 714 1668 χορεύσασθε
730 1623 828 1667 βοάν.
1434 1624 1487 1657 διὰ
1505 1624 1592 1658 τοῦτ’
1611 1623 1661 1670 ἄρ’
1681 1624 1782 1658 αὐτοῦ
1801 1625 1853 1659 καὶ
1870 1624 1912 1658 τὰ
1930 1623 2066 1670 δράματ’
2084 1621 2124 1667 ἦν
2142 1622 2237 1658 καλά·

345 1675 409 1710 τίνι
428 1677 463 1711 δὲ
483 1677 645 1722 δαιμόνων
662 1679 681 1711 ὁ
699 1680 806 1722 κῶμος
821 1690 829 1717 ;
1433 1675 1530 1720 ὅμοια
1546 1676 1611 1722 γὰρ
1628 1678 1735 1711 ποιεῖν
1752 1676 1875 1722 ἀνάγκη
1893 1680 1933 1720 τῇ
1951 1675 2069 1722 φύσει.

349 1728 428 1774 λέγε
446 1744 513 1764 νυν.
546 1730 712 1766 εὐπίστως
730 1731 766 1764 δὲ
784 1728 908 1774 τούμὸν
1222 1744 1277 1777 ¹05
1332 1733 1411 1762 MN.
1433 1727 1521 1761 ταῦτ’
1541 1727 1592 1774 ἄρ’
1610 1730 1628 1762 ὁ
1647 1728 1830 1772 Φιλοκλέης
1847 1728 1989 1774 αἰσχρὸς
2007 1728 2052 1763 ὣν
2068 1728 2219 1774 αἰσχρῶς
2234 1728 2334 1768 ποιεῖ,

346 1780 501 1823 δαίμονας
518 1780 588 1823 ἕχει
607 1781 759 1821 σεβίσαι.
1433 1782 1452 1813 ὁ
1471 1780 1506 1814 δέ
1526 1781 1707 1825 Ξενοκλέης
1724 1781 1769 1815 ὢν
1787 1782 1884 1817 κακὸς
1901 1784 2005 1816 κακῶς
2021 1782 2120 1820 ποιεῖ,

344 1832 404 1877 ἄγε
422 1846 478 1866 νυν
497 1832 609 1875 ὅλβιζε
631 1836 753 1867 Μοῦσα
1435 1833 1453 1866 ὁ
1472 1831 1499 1866 δ’
1519 1831 1560 1866 αὖ
1579 1832 1716 1876 Θέογνις
1732 1833 1868 1879 ψυχρὸς
1886 1833 1931 1868 ὣν
1947 1834 2091 1879 ψυχρῶς
2107 1834 2207 1868 ποιεῖ.
2308 1842 2364 1877 170

344 1884 500 1929 χρυσέων
515 1883 639 1931 ῥύτορα
656 1885 765 1929 τόξων
1302 1870 1307 1958 Ι
1334 1889 1398 1918 ΑΓ.
1433 1883 1535 1919 ἅπασ’
1554 1885 1689 1930 ἀνάγκη·
1718 1887 1820 1920 ταῦτα
1837 1886 1902 1932 γάρ
1919 1899 1971 1920 τοι
1988 1885 2087 1932 γνοὺς
2105 1885 2170 1931 ἐγὼ

345 1937 480 1977 Φοῖβον,
500 1935 537 1972 ὃς
555 1936 714 1984 ἱδρύσατο
731 1939 843 1985 χώρας
1437 1936 1576 1980 ἐμαυτὸν
1594 1937 1812 1983 ἐθεράπευσα.
1868 1943 1949 1972 ΜΝ.
1977 1940 2047 1974 πῶς
2063 1938 2147 1984 πρὸς
2164 1940 2230 1972 τῶν
2247 1935 2331 1972 θεῶν
2349 1966 2354 1974 .

343 1987 454 2033 γύαλα
471 1990 657 2033 Σιμουντίδι
673 1994 728 2035 γᾷ.
1219 2007 1278 2029 110
1335 1993 1400 2022 ΕΥ.
1434 1991 1560 2023 παῦσαι
1579 1988 1722 2032 βαΰζων·
1753 1991 1804 2024 καὶ
1822 1990 1886 2035 γὰρ
1905 1989 1970 2036 ἐγὼ
1987 1992 2138 2025 τοιοῦτος
2153 1987 2194 2032 ἦν

342 2041 438 2084 χαῖρε
456 2040 653 2075 καλλίσταις
671 2040 806 2079 ἀοιδαῖς,
1430 2039 1475 2074 ὢν
1491 2043 1696 2083 τηλικοῦτος,
1716 2039 1794 2084 ἡνίκ’
1815 2038 1963 2086 ἠρχόμην
1979 2042 2096 2075 ποιεῖν.

347 2090 455 2132 Φοῖβ’,
476 2092 510 2126 ἐν
528 2091 725 2136 εὐμούσοισι
743 2094 850 2137 τιμαῖς
1329 2097 1408 2126 ΜΝ.
1428 2092 1473 2135 μὰ
1491 2093 1549 2125 τὸν
1566 2092 1634 2134 Δί’,
1655 2093 1694 2127 οὐ
1712 2093 1801 2136 ζηλῶ
1819 2106 1861 2126 σε
1878 2094 1936 2136 τῆς
1952 2090 2170 2127 παιδεύσεως.
2301 2101 2356 2134 175

346 2143 446 2188 γέρας
464 2145 534 2188 ἱρὸν
550 2145 742 2190 προφέρων.
1327 2149 1393 2177 ΕΥ.
1428 2143 1505 2178 ἀλλ’
1525 2144 1632 2190 ὧνπερ
1651 2142 1752 2179 οὕνεκ’
1771 2143 1887 2188 ἦλθον,
1907 2145 1944 2178 ἔα
1961 2143 1993 2189 μ’
2013 2143 2127 2179 εἰπεῖν.
2175 2147 2242 2177 ΑΓ.
2264 2142 2356 2188 λέγει

346 2195 406 2228 τάν
423 2195 450 2229 τ’
471 2195 505 2230 ἐν
524 2195 619 2242 ὅρεσι
638 2197 850 2243 δρυογόνοισι
1327 2201 1393 2230 ΕΥ.
1428 2195 1590 2242 Ἀγάθων,
1612 2197 1726 2242 σοφοῦ
1743 2198 1826 2242 πρὸς
1844 2196 1973 2242 ἀνδρὸς,
1993 2195 2088 2232 ὅστις
2105 2195 2141 2230 ἐν
2155 2195 2280 2241 βραχεῖ

348 2248 446 2292 κόραν
464 2247 590 2282 ἀείσατ’
601 2247 762 2294 ’Άρτεμιν
780 2249 972 2295 ἀγροτέραν.
1221 2264 1232 2285 1
1244 2264 1251 2284 ι
1260 2263 1276 2293 5
1427 2248 1577 2283 πολλοὺς
1595 2250 1702 2284 καλῶς
1719 2246 1787 2284 οἷός
1805 2263 1840 2282 τε
1860 2247 2050 2293 συντέμνειν
2066 2249 2203 2295 λόγους.

347 2298 465 2343 ἕπομαι
484 2299 655 2344 κλῄζουσα
672 2301 798 2345 σεμνὰν
1429 2300 1493 2344 ἐγὼ
1512 2300 1548 2334 δὲ
1565 2304 1657 2345 καινῇ
1674 2301 1832 2346 ξυμφορᾷ
1847 2300 2078 2346 πεπληγμένος
2301 2310 2357 2343 179

346 2352 445 2396 γόνον
463 2352 650 2394 ὀλβίζουσα
668 2355 795 2389 Λατοῦς
1429 2353 1534 2395 ἱκέτης
1552 2352 1696 2398 ἀφῖγμαι
1713 2354 1796 2398 πρὸς
1815 2353 1868 2387 σε’.
1923 2358 1989 2387 ΑΓ.
2018 2354 2078 2386 τοῦ
2094 2351 2212 2398 χρείαν
2228 2351 2336 2397 ἔχωνς

340 2402 501 2449 ’Ἄρτεμιν
518 2404 734 2451 ἀπειρολεχῆ.
1324 2408 1390 2438 ΕΥ.
1423 2404 1594 2448 μέλλουσί
1610 2404 1642 2449 μ’
1661 2405 1694 2439 αἱ
1711 2406 1862 2451 γυναῖκες
1879 2404 2018 2439 ἀπολεῖν
2035 2403 2176 2450 τήμερον

348 2458 443 2490 Λατώ
463 2471 509 2496 τε,
530 2456 698 2502 κρούματά
714 2456 742 2490 τ’
760 2456 919 2493 Ἀσιάδος
1221 2472 1278 2493 120
1426 2458 1495 2492 τοῖς
1514 2457 1775 2502 Θεσμοφορίοις,
1795 2456 1846 2491 ὅτι
1863 2459 1968 2492 κακῶς
1985 2456 2086 2492 αὐτὰς
2102 2455 2205 2502 λέγω.

347 2509 425 2542 ποδὶ
443 2508 628 2554 παράρυθμ’
648 2508 793 2554 εὔρυθμα
811 2510 963 2556 Φρυγίων
1323 2513 1388 2542 ΑΓ.
1425 2509 1476 2543 τίς
1494 2507 1552 2543 οὖν
1568 2507 1646 2554 παρ’
1664 2508 1755 2553 ἡμῶν
1772 2509 1867 2544 ἐστιν
1884 2508 2038 2554 ὠφέλειά
2057 2522 2113 2542 σοι
2130 2521 2138 2547 ;

349 2558 523 2605 δινεύματα
541 2561 703 2606 Χαρίτων.
1323 2565 1390 2594 ΕΥ.
1423 2560 1443 2604 ἡ
1461 2562 1556 2595 πᾶσ’·
1586 2561 1642 2595 ἐὰν
1657 2562 1723 2607 γὰρ
1741 2561 1995 2608 ἐγκαθεζόμενος
2011 2560 2121 2607 λάθρα

349 2612 493 2657 σέβομαι
512 2614 607 2647 Λατώ
626 2612 654 2647 τ’
673 2613 825 2648 ἄνασσαν
1427 2613 1461 2647 ἐν
1478 2615 1549 2649 ταῖς
1565 2613 1725 2660 γυναιξὶν,
1745 2614 1789 2649 ὡς
1807 2613 1915 2649 δοκεῖν
1932 2610 2014 2648 εἶναι
2030 2612 2125 2659 γυνὴ.
2297 2617 2352 2656 185

350 2663 477 2710 κίθαρίν
495 2679 531 2698 τε
548 2665 660 2711 ματέρ’
680 2663 788 2710 ὕμνων
1425 2666 1666 2711 ὑπεραποκρίνῃ
1683 2680 1759 2710 μου,
1780 2666 1901 2711 σαφῶς
1919 2666 2044 2701 σώσεις
2061 2665 2131 2710 ἐμέ.

348 2715 463 2761 ἄρσενι
481 2717 548 2761 βοᾷ
565 2717 700 2765 δοκίμῳ·
1221 2733 1275 2763 125
1423 2719 1523 2761 μόνος
1539 2718 1604 2764 γὰρ
1622 2718 1661 2753 ἂν
1678 2717 1808 2761 λέξειας
1825 2717 1926 2761 ἀξίως
1943 2718 2034 2762 ἐμοῦ.

349 2770 389 2812 τᾷ
408 2769 482 2813 φῶς
500 2769 626 2803 ἔσσυτο
646 2770 825 2814 δαιμονίοις
842 2769 999 2815 ὄμμασιν,
1322 2774 1386 2803 ΑΓ.
1423 2770 1536 2804 ἔπειτα
1552 2774 1623 2806 πῶς
1641 2770 1699 2805 οὔκ
1717 2770 1815 2806 αὐτὸς
1833 2770 1998 2816 ἀπολογεῖ
2011 2769 2146 2815 παρῶνε

348 2818 506 2865 ἡμετέρας
524 2835 559 2855 τε
579 2821 619 2855 δι’
638 2821 807 2867 αἰφνιδίου
825 2822 919 2858 ὀπός.
1296 2825 1297 2847 ῐ
1321 2826 1387 2855 ΕΥ.
1423 2821 1488 2867 ἐγὼ
1506 2822 1631 2868 φράσω
1650 2836 1719 2857 σοι.
1748 2825 1863 2868 πρῶτα
1881 2822 1942 2866 μὲν
1958 2822 2198 2867 γιγνώσκομαι·

350 2871 395 2905 ὧν
412 2873 510 2917 χάριν
527 2872 635 2907 ἄνακτ’
656 2874 785 2918 ἄγαλλε
803 2876 944 2919 Φοῖβον,
1423 2874 1535 2908 ἔπειτα
1551 2876 1670 2910 πολιός
1687 2874 1753 2919 εἶμι
1770 2874 1824 2909 καὶ
1840 2872 1970 2920 πώγων’
1988 2874 2067 2918 ἔχω,
2295 2885 2354 2918 190

349 2923 450 2969 χαῖρ’,
470 2923 566 2965 ὄλβιε
583 2928 644 2960 παῖ
661 2928 800 2962 Λατοῦς.
1424 2926 1469 2959 σὺ
1487 2925 1515 2960 δ’
1534 2926 1764 2972 εὐπρόσωπος,
1783 2927 1913 2965 λευκὸς,
1934 2925 2142 2971 ἐξυρημένος,

350 2975 393 3010 ὡς
411 2974 471 3018 ἡδὺ
490 2977 527 3010 τὸ
545 2977 658 3020 μέλος,
679 2977 704 3011 ὦ
721 2980 851 3012 πότνιαι
869 2979 1113 3019 Γενετυλλίδες,
1221 2992 1279 3022 130
1421 2979 1681 3023 γυναικόφωνος.
1701 2980 1840 3018 ἁπαλὸς,
1860 2977 2023 3025 εὐπρεπὴς
2041 2977 2132 3012 ἰδεῖν.

351 3028 404 3060 καὶ
423 3026 644 3073 θηλυδριῶδες
662 3030 714 3063 καὶ
733 3031 1058 3076 κατεγλωττισμένον
1322 3033 1387 3063 ΑΓ.
1425 3030 1598 3076 Εὐριπίδη,
1653 3036 1719 3066 ΕΥ.
1749 3030 1782 3065 τί
1799 3031 1893 3066 ἔστιν
1904 3043 1914 3071 3

351 3079 404 3112 καὶ
421 3079 647 3122 μανδαλωτὸν,
667 3080 748 3115 ὥστ’
767 3082 846 3125 ἐμοῦ
863 3082 895 3128 γ’
914 3083 1121 3129 ἀκροωμένου
1319 3086 1385 3115 ΛΓ.
1903 3082 2062 3126 inveneras
2077 3095 2170 3124 ποτε,
2206 3076 2210 3081 ’

352 3130 415 3164 ὑπὸ
433 3130 492 3174 τὴν
509 3130 607 3176 ἕδραν
624 3132 724 3176 αὐτὴν
742 3133 869 3177 ὑπῆλθε
886 3135 1067 3180 γάργαλος.
1421 3134 1548 3180 χαίρεις
1566 3137 1652 3182 ὁρῶν
1669 3136 1755 3181 φῶς,
1774 3134 1901 3181 πατέρα
1918 3133 1947 3169 δ’
1965 3135 2006 3171 οὔ
2020 3134 2151 3182 χαίρειν
2167 3133 2274 3169 δοκεῖς
2286 3158 2295 3172 ,

352 3181 406 3215 καί
424 3182 470 3221 α’,
491 3181 516 3216 ὦ
535 3183 694 3228 νεανίσχ’,
714 3184 809 3220 ὅστις
827 3182 866 3225 εἶ,
887 3184 956 3220 κατ’
973 3186 1149 3232 Αἰσχύλον
1319 3190 1386 3219 ΕΥ.
1420 3186 1535 3233 ἔγωγε.
2290 3194 2350 3231 135

351 3234 386 3267 ἐκ
405 3234 462 3278 τῆς
480 3236 700 3280 Λυκουργείας
719 3236 852 3281 ἐρέσθαι
868 3236 1047 3282 βούλομαι,
1221 3252 1276 3283 135
1293 3271 1296 3284 ,
1319 3241 1385 3272 ΛΓ.
1541 3237 1586 3283 μῆ
1604 3253 1661 3274 νυν
1678 3239 1827 3283 ἐλπίσῃς
1844 3239 1883 3273 τὸ
1901 3240 1965 3273 σὸν
1981 3239 2079 3273 κακὸν

350 3286 499 3321 ποδαπὸς
517 3288 535 3319 ὁ
551 3285 682 3331 γύννις;
711 3288 761 3323 τίς
777 3289 906 3334 πάτρα;
935 3290 984 3325 τίς
1002 3289 1021 3333 ἡ
1041 3289 1170 3335 στολὴ;
1294 3285 1295 3288 ¹
1421 3288 1504 3333 ἧμας
1521 3290 1669 3335 ὑφέξειν.
1698 3291 1752 3326 καὶ
1768 3292 1834 3337 γὰρ
1852 3291 1893 3325 ἂν
1908 3288 2116 3335 μαινοίμεθα·

349 3338 400 3373 τίς
416 3336 436 3381 ἡ
455 3338 589 3383 τάραξις
607 3340 666 3372 τοῦ
683 3339 783 3378 βίου;
811 3340 845 3374 τί
860 3342 1024 3384 βάρβιτος
1419 3341 1497 3375 αλλ’
1517 3342 1615 3378 αὐτὸς
1632 3342 1652 3377 ὅ
1667 3357 1708 3389 γε
1727 3345 1789 3377 σόν
1806 3342 1901 3377 ἐστιν
1917 3341 2044 3377 οἰκείως
2059 3338 2158 3387 φέρε.

350 3391 451 3423 λαλεῖ
466 3390 638 3436 κροκωτῷ·
631 3415 639 3428 ,
668 3389 701 3423 τί
719 3391 754 3424 δὲ
772 3389 859 3436 λύρα
877 3394 1096 3440 κεκρυφάλῳ;
1292 3426 1294 3432 ,
1419 3407 1478 3428 τας
1497 3395 1676 3440 συμφορὰς
1692 3395 1758 3441 γὰρ
1775 3395 1853 3439 οὐχὶ
1870 3395 1940 3429 τοῖς
1956 3393 2186 3438 τεχνάσμασιν

349 3442 383 3475 Τι’
398 3437 543 3479 λῆκυθος
560 3442 613 3476 καὶ
631 3443 817 3487 στρόφιονς
847 3443 890 3478 ὡς
907 3444 946 3477 οὐ
965 3443 1151 3491 ξύμφορον.
1291 3437 1295 3481 ί
1418 3445 1535 3489 φέρειν
1553 3446 1689 3486 δίκαιον,
1710 3447 1803 3481 ἀλλὰ
1819 3448 1890 3482 τοῖς
1906 3443 2108 3489 παθήμασιν.

349 3493 400 3528 τίς
416 3491 471 3527 δαὶ
488 3494 673 3538 κατόπτρου
691 3494 743 3527 καὶ
760 3493 881 3537 ξίφους
899 3497 1068 3531 κοινωνία·
1060 3521 1069 3536 ,
1221 3510 1279 3541 140
1317 3500 1397 3531 MN.
1419 3496 1471 3530 καὶ
1488 3497 1552 3541 μὴν
1571 3497 1615 3531 σύ
1632 3497 1677 3543 γ’,
1697 3497 1723 3532 ὦ
1741 3500 1940 3543 καταπῦγον,
1959 3494 2189 3542 εὐρύπρωκτος
2204 3492 2241 3533 εἶ
2285 3509 2352 3540 200

349 3544 400 3579 τίς
417 3543 446 3578 δ’
465 3543 573 3583 αὐτὸς,
594 3543 619 3578 ὦ
639 3546 716 3583 παῖς
745 3547 886 3589 πότερον
904 3547 947 3581 ὡς
965 3547 1045 3592 ἀνὴρ
1063 3549 1201 3593 τρέφεις
1417 3548 1457 3581 οὐ
1475 3550 1545 3583 τοῖς
1562 3551 1729 3595 λόγοισιν,
1748 3550 1839 3584 ἀλλὰ
1856 3550 1926 3584 τοῖς
1942 3546 2148 3591 παθήμασιν.

349 3596 403 3638 καὶ
421 3598 484 3635 ποῦ
501 3596 600 3639 πέοεῐ
631 3598 694 3634 ποῦ
712 3598 853 3647 >fficium
883 3601 947 3635 ποῦ
967 3601 1147 3637 Λακωνικαί
1159 3613 1167 3642 ;
1290 3626 1292 3633 .
1316 3605 1382 3640 ΕΥ.
1417 3599 1450 3638 τί
1467 3599 1495 3637 δ’
1515 3601 1608 3639 ἔστιν
1626 3600 1645 3638 ὅ
1662 3615 1693 3638 τι
1711 3602 1858 3643 δέδοικας
1877 3599 1991 3638 ἐλθεῖν
2008 3599 2153 3640 αὐτόσεῐ
