<?xml version="1.0" encoding="UTF-8"?>
<!DOCTYPE html PUBLIC "-//W3C//DTD XHTML 1.0 Transitional//EN"
    "http://www.w3.org/TR/xhtml1/DTD/xhtml1-transitional.dtd">
<html xmlns="http://www.w3.org/1999/xhtml" xml:lang="en" lang="en">
 <head>
  <title>
</title>
<meta http-equiv="Content-Type" content="text/html;charset=utf-8" />
  <meta name='ocr-system' content='tesseract 3.04.00' />
  <meta name='ocr-capabilities' content='ocr_page ocr_carea ocr_par ocr_line ocrx_word'/>
</head>
<body>
  <div class='ocr_page' id='page_1' title='image "./poetarumscenicor00dinduoft_0320.png"; bbox 0 0 2488 3860; ppageno 0'>
   <div class='ocr_carea' id='block_1_1' title="bbox 210 267 292 308">
    <p class='ocr_par' dir='ltr' id='par_1_1' title="bbox 210 267 292 308">
     <span class='ocr_line' id='line_1_1' title="bbox 210 267 292 308; baseline 0 0"><span class='ocrx_word' id='word_1_1' title='bbox 210 267 292 308; x_wconf 74' lang='lat'>312</span> 
     </span>
    </p>
   </div>
   <div class='ocr_carea' id='block_1_2' title="bbox 1098 271 1439 312">
    <p class='ocr_par' dir='ltr' id='par_1_2' title="bbox 1098 271 1439 312">
     <span class='ocr_line' id='line_1_2' title="bbox 1098 271 1439 312; baseline 0.006 -3"><span class='ocrx_word' id='word_1_2' title='bbox 1098 271 1439 312; x_wconf 71' lang='grc' dir='ltr'>ΕΥΡΙΠΙΔΟΥ</span> 
     </span>
    </p>
   </div>
   <div class='ocr_carea' id='block_1_3' title="bbox 311 376 928 426">
    <p class='ocr_par' dir='ltr' id='par_1_3' title="bbox 311 376 928 426">
     <span class='ocr_line' id='line_1_3' title="bbox 311 376 928 426; baseline 0.005 -13"><span class='ocrx_word' id='word_1_3' title='bbox 311 376 424 414; x_wconf 80' lang='grc' dir='ltr'>κλύων</span> <span class='ocrx_word' id='word_1_4' title='bbox 440 378 522 425; x_wconf 97' lang='grc' dir='ltr'>γόον</span> <span class='ocrx_word' id='word_1_5' title='bbox 538 378 687 426; x_wconf 62' lang='grc' dir='ltr'>ματρὸς,</span> <span class='ocrx_word' id='word_1_6' title='bbox 698 379 720 414; x_wconf 82' lang='grc' dir='ltr'>ὅ</span> <span class='ocrx_word' id='word_1_7' title='bbox 738 377 774 415; x_wconf 90' lang='grc' dir='ltr'>σ’</span> <span class='ocrx_word' id='word_1_8' title='bbox 794 379 928 416; x_wconf 78' lang='grc' dir='ltr'>ἔτικτεν.</span> 
     </span>
    </p>
   </div>
   <div class='ocr_carea' id='block_1_4' title="bbox 1407 377 2229 429">
    <p class='ocr_par' dir='ltr' id='par_1_4' title="bbox 1407 377 2229 429">
     <span class='ocr_line' id='line_1_4' title="bbox 1407 377 2229 429; baseline 0.001 -12"><span class='ocrx_word' id='word_1_9' title='bbox 1407 382 1465 417; x_wconf 83' lang='grc' dir='ltr'>σοὶ</span> <span class='ocrx_word' id='word_1_10' title='bbox 1482 381 1544 425; x_wconf 86' lang='grc' dir='ltr'>μὲν</span> <span class='ocrx_word' id='word_1_11' title='bbox 1560 380 1631 416; x_wconf 77' lang='grc' dir='ltr'>τάδ’</span> <span class='ocrx_word' id='word_1_12' title='bbox 1652 377 1757 416; x_wconf 81' lang='grc' dir='ltr'>εἶπον·</span> <span class='ocrx_word' id='word_1_13' title='bbox 1784 382 1881 418; x_wconf 83' lang='grc' dir='ltr'>τόνδε</span> <span class='ocrx_word' id='word_1_14' title='bbox 1899 381 1928 417; x_wconf 82' lang='grc' dir='ltr'>δ’</span> <span class='ocrx_word' id='word_1_15' title='bbox 1949 381 2117 429; x_wconf 79' lang='grc' dir='ltr'>Αἰγίσθου</span> <span class='ocrx_word' id='word_1_16' title='bbox 2134 381 2229 418; x_wconf 80' lang='grc' dir='ltr'>νέκυν</span> 
     </span>
    </p>
   </div>
   <div class='ocr_carea' id='block_1_5' title="bbox 206 429 2357 748">
    <p class='ocr_par' dir='ltr' id='par_1_5' title="bbox 208 429 2201 483">
     <span class='ocr_line' id='line_1_5' title="bbox 208 429 2201 483; baseline 0.002 -17"><span class='ocrx_word' id='word_1_17' title='bbox 208 438 275 469; x_wconf 83' lang='grc' dir='ltr'>ΟΡ.</span> <span class='ocrx_word' id='word_1_18' title='bbox 313 432 401 474; x_wconf 83' lang='grc' dir='ltr'>βοὰν</span> <span class='ocrx_word' id='word_1_19' title='bbox 420 429 449 467; x_wconf 87' lang='grc' dir='ltr'>δ’</span> <span class='ocrx_word' id='word_1_20' title='bbox 469 432 596 468; x_wconf 80' lang='grc' dir='ltr'>ἔλασκε</span> <span class='ocrx_word' id='word_1_21' title='bbox 616 432 728 473; x_wconf 88' lang='grc' dir='ltr'>τάνδε,</span> <span class='ocrx_word' id='word_1_22' title='bbox 748 435 834 478; x_wconf 90' lang='grc' dir='ltr'>πρὸς</span> <span class='ocrx_word' id='word_1_23' title='bbox 850 433 949 481; x_wconf 87' lang='grc' dir='ltr'>γένυν</span> <span class='ocrx_word' id='word_1_24' title='bbox 968 433 1050 480; x_wconf 83' lang='grc' dir='ltr'>ἐμὰν</span> <span class='ocrx_word' id='word_1_25' title='bbox 1188 435 1259 470; x_wconf 81' lang='grc' dir='ltr'>ἀντ.</span> <span class='ocrx_word' id='word_1_26' title='bbox 1399 434 1550 482; x_wconf 72' lang='grc' dir='ltr'>’Άργους</span> <span class='ocrx_word' id='word_1_27' title='bbox 1566 435 1705 469; x_wconf 89' lang='grc' dir='ltr'>πολῖται</span> <span class='ocrx_word' id='word_1_28' title='bbox 1724 435 1787 480; x_wconf 87' lang='grc' dir='ltr'>γῆς</span> <span class='ocrx_word' id='word_1_29' title='bbox 1805 432 2025 482; x_wconf 76' lang='grc' dir='ltr'>καλύψουσιν</span> <span class='ocrx_word' id='word_1_30' title='bbox 2041 435 2155 483; x_wconf 83' lang='grc' dir='ltr'>τάφῳ.</span> <span class='ocrx_word' id='word_1_31' title='bbox 2198 456 2201 459; x_wconf 93' lang='grc'><strong>-</strong></span> 
     </span>
    </p>

    <p class='ocr_par' dir='ltr' id='par_1_6' title="bbox 308 483 2172 534">
     <span class='ocr_line' id='line_1_6' title="bbox 308 483 2172 534; baseline 0.001 -14"><span class='ocrx_word' id='word_1_32' title='bbox 308 483 443 521; x_wconf 82' lang='grc' dir='ltr'>τιθεῖσα</span> <span class='ocrx_word' id='word_1_33' title='bbox 460 486 573 531; x_wconf 88' lang='grc' dir='ltr'>χεῖρα·</span> <span class='ocrx_word' id='word_1_34' title='bbox 597 485 692 522; x_wconf 82' lang='grc' dir='ltr'>τέκος</span> <span class='ocrx_word' id='word_1_35' title='bbox 710 485 800 532; x_wconf 85' lang='grc' dir='ltr'>ἐμὸν,</span> <span class='ocrx_word' id='word_1_36' title='bbox 819 486 969 524; x_wconf 82' lang='grc' dir='ltr'>λιταίνω·</span> <span class='ocrx_word' id='word_1_37' title='bbox 1182 502 1260 534; x_wconf 82' lang='lat'>1215</span> <span class='ocrx_word' id='word_1_38' title='bbox 1406 488 1534 534; x_wconf 89' lang='grc' dir='ltr'>μητέρα</span> <span class='ocrx_word' id='word_1_39' title='bbox 1552 486 1589 522; x_wconf 88' lang='grc' dir='ltr'>δὲ</span> <span class='ocrx_word' id='word_1_40' title='bbox 1606 486 1667 531; x_wconf 88' lang='grc' dir='ltr'>τὴν</span> <span class='ocrx_word' id='word_1_41' title='bbox 1684 487 1750 532; x_wconf 91' lang='grc' dir='ltr'>σὴν</span> <span class='ocrx_word' id='word_1_42' title='bbox 1767 487 1843 534; x_wconf 82' lang='grc' dir='ltr'>ἅρτι</span> <span class='ocrx_word' id='word_1_43' title='bbox 1860 488 2039 524; x_wconf 82' lang='grc' dir='ltr'>Ναυπλίαν</span> <span class='ocrx_word' id='word_1_44' title='bbox 2055 489 2172 534; x_wconf 82' lang='grc' dir='ltr'>παρὼν</span> 
     </span>
    </p>

    <p class='ocr_par' dir='ltr' id='par_1_7' title="bbox 307 538 2112 588">
     <span class='ocr_line' id='line_1_7' title="bbox 307 538 2112 588; baseline 0.001 -13"><span class='ocrx_word' id='word_1_45' title='bbox 307 538 467 583; x_wconf 83' lang='grc' dir='ltr'>παρῄδων</span> <span class='ocrx_word' id='word_1_46' title='bbox 484 538 513 573; x_wconf 84' lang='grc' dir='ltr'>τ’</span> <span class='ocrx_word' id='word_1_47' title='bbox 534 539 572 583; x_wconf 84' lang='grc' dir='ltr'>ἐξ</span> <span class='ocrx_word' id='word_1_48' title='bbox 589 538 674 584; x_wconf 82' lang='grc' dir='ltr'>ε’μᾶν</span> <span class='ocrx_word' id='word_1_49' title='bbox 1408 542 1598 582; x_wconf 84' lang='grc' dir='ltr'>Μενέλαος,</span> <span class='ocrx_word' id='word_1_50' title='bbox 1619 540 1657 584; x_wconf 80' lang='grc' dir='ltr'>ἐξ</span> <span class='ocrx_word' id='word_1_51' title='bbox 1675 540 1716 575; x_wconf 83' lang='grc' dir='ltr'>οὗ</span> <span class='ocrx_word' id='word_1_52' title='bbox 1734 540 1884 586; x_wconf 89' lang='grc' dir='ltr'>Τρωικὴν</span> <span class='ocrx_word' id='word_1_53' title='bbox 1900 538 1975 577; x_wconf 84' lang='grc' dir='ltr'>εἷλε</span> <span class='ocrx_word' id='word_1_54' title='bbox 1994 541 2112 588; x_wconf 86' lang='grc' dir='ltr'>χθόνα,</span> 
     </span>
    </p>

    <p class='ocr_par' dir='ltr' id='par_1_8' title="bbox 206 589 2357 694">
     <span class='ocr_line' id='line_1_8' title="bbox 309 589 2357 643; baseline 0.002 -17"><span class='ocrx_word' id='word_1_55' title='bbox 309 589 502 636; x_wconf 84' lang='grc' dir='ltr'>ἐκρήμναθ’,</span> <span class='ocrx_word' id='word_1_56' title='bbox 523 593 611 628; x_wconf 83' lang='grc' dir='ltr'>ὥστε</span> <span class='ocrx_word' id='word_1_57' title='bbox 630 592 733 638; x_wconf 85' lang='grc' dir='ltr'>χέρας</span> <span class='ocrx_word' id='word_1_58' title='bbox 754 593 833 639; x_wconf 79' lang='grc' dir='ltr'>ἐμὰς</span> <span class='ocrx_word' id='word_1_59' title='bbox 851 595 965 629; x_wconf 84' lang='grc' dir='ltr'>λιπεῖν</span> <span class='ocrx_word' id='word_1_60' title='bbox 982 593 1100 636; x_wconf 81' lang='grc' dir='ltr'>βέλος.</span> <span class='ocrx_word' id='word_1_61' title='bbox 1406 594 1526 639; x_wconf 88' lang='grc' dir='ltr'>Ἑλένη</span> <span class='ocrx_word' id='word_1_62' title='bbox 1543 608 1581 628; x_wconf 93' lang='grc' dir='ltr'>τε</span> <span class='ocrx_word' id='word_1_63' title='bbox 1599 594 1717 640; x_wconf 81' lang='grc' dir='ltr'>θάψει·</span> <span class='ocrx_word' id='word_1_64' title='bbox 1745 594 1911 639; x_wconf 79' lang='grc' dir='ltr'>Πρωτέως</span> <span class='ocrx_word' id='word_1_65' title='bbox 1927 595 1994 643; x_wconf 86' lang='grc' dir='ltr'>γὰρ</span> <span class='ocrx_word' id='word_1_66' title='bbox 2012 594 2049 629; x_wconf 88' lang='grc' dir='ltr'>ἐκ</span> <span class='ocrx_word' id='word_1_67' title='bbox 2068 595 2179 639; x_wconf 87' lang='grc' dir='ltr'>δόμων</span> <span class='ocrx_word' id='word_1_68' title='bbox 2276 598 2357 631; x_wconf 74' lang='grc'><strong>1280</strong></span> 
     </span>
     <span class='ocr_line' id='line_1_9' title="bbox 206 645 2222 694; baseline 0.001 -15"><span class='ocrx_word' id='word_1_69' title='bbox 206 649 280 680; x_wconf 85' lang='grc' dir='ltr'>ΗΛ.</span> <span class='ocrx_word' id='word_1_70' title='bbox 307 646 458 681; x_wconf 89' lang='grc' dir='ltr'>τάλαινα.</span> <span class='ocrx_word' id='word_1_71' title='bbox 498 650 571 682; x_wconf 85' lang='grc' dir='ltr'>πῶς</span> <span class='ocrx_word' id='word_1_72' title='bbox 587 646 688 682; x_wconf 85' lang='grc' dir='ltr'>ἔτλας</span> <span class='ocrx_word' id='word_1_73' title='bbox 706 646 814 692; x_wconf 91' lang='grc' dir='ltr'>φόνον</span> <span class='ocrx_word' id='word_1_74' title='bbox 833 646 875 682; x_wconf 88' lang='grc' dir='ltr'>δι’</span> <span class='ocrx_word' id='word_1_75' title='bbox 896 647 1054 693; x_wconf 86' lang='grc' dir='ltr'>ὀμμάτων</span> <span class='ocrx_word' id='word_1_76' title='bbox 1405 647 1477 693; x_wconf 85' lang='grc' dir='ltr'>ἥκει</span> <span class='ocrx_word' id='word_1_77' title='bbox 1495 645 1638 682; x_wconf 84' lang='grc' dir='ltr'>λιποῦσ’</span> <span class='ocrx_word' id='word_1_78' title='bbox 1659 645 1842 694; x_wconf 78' lang='grc' dir='ltr'>Αἴγυπτον,</span> <span class='ocrx_word' id='word_1_79' title='bbox 1862 648 1931 683; x_wconf 77' lang='grc' dir='ltr'>οὐδ’</span> <span class='ocrx_word' id='word_1_80' title='bbox 1953 647 2059 693; x_wconf 86' lang='grc' dir='ltr'>ἦλθεν</span> <span class='ocrx_word' id='word_1_81' title='bbox 2078 645 2222 694; x_wconf 77' lang='grc' dir='ltr'>Φρύγας.</span> 
     </span>
    </p>

    <p class='ocr_par' dir='ltr' id='par_1_9' title="bbox 312 698 2211 748">
     <span class='ocr_line' id='line_1_10' title="bbox 312 698 2211 748; baseline 0.001 -15"><span class='ocrx_word' id='word_1_82' title='bbox 312 698 395 734; x_wconf 86' lang='grc' dir='ltr'>ἷδεῖν</span> <span class='ocrx_word' id='word_1_83' title='bbox 414 698 515 734; x_wconf 86' lang='grc' dir='ltr'>σέθεν</span> <span class='ocrx_word' id='word_1_84' title='bbox 531 700 658 746; x_wconf 87' lang='grc' dir='ltr'>ματρὸς</span> <span class='ocrx_word' id='word_1_85' title='bbox 676 698 903 741; x_wconf 85' lang='grc' dir='ltr'>ἐκπνεούσας,·</span> <span class='ocrx_word' id='word_1_86' title='bbox 1181 716 1262 739; x_wconf 78' lang='grc'><strong>1220</strong></span> <span class='ocrx_word' id='word_1_87' title='bbox 1407 701 1489 737; x_wconf 83' lang='grc' dir='ltr'>Ζεὺς</span> <span class='ocrx_word' id='word_1_88' title='bbox 1508 698 1552 742; x_wconf 88' lang='grc' dir='ltr'>δ’,</span> <span class='ocrx_word' id='word_1_89' title='bbox 1573 701 1617 735; x_wconf 86' lang='grc' dir='ltr'>ὡς</span> <span class='ocrx_word' id='word_1_90' title='bbox 1635 699 1703 747; x_wconf 83' lang='grc' dir='ltr'>ἕρις</span> <span class='ocrx_word' id='word_1_91' title='bbox 1720 700 1851 747; x_wconf 90' lang='grc' dir='ltr'>γένοιτο</span> <span class='ocrx_word' id='word_1_92' title='bbox 1869 700 1923 736; x_wconf 78' lang='grc' dir='ltr'>καὶ</span> <span class='ocrx_word' id='word_1_93' title='bbox 1941 702 2048 748; x_wconf 89' lang='grc' dir='ltr'>φόνος</span> <span class='ocrx_word' id='word_1_94' title='bbox 2064 702 2211 748; x_wconf 82' lang='grc' dir='ltr'>βροτῶν,</span> 
     </span>
    </p>
   </div>
   <div class='ocr_carea' id='block_1_6' title="bbox 205 757 270 787">
    <p class='ocr_par' dir='ltr' id='par_1_10' title="bbox 205 757 270 787">
     <span class='ocr_line' id='line_1_11' title="bbox 205 757 270 787; baseline 0 0"><span class='ocrx_word' id='word_1_95' title='bbox 205 757 270 787; x_wconf 87' lang='grc' dir='ltr'>ΟΡ.</span> 
     </span>
    </p>
   </div>
   <div class='ocr_carea' id='block_1_7' title="bbox 1409 752 2094 800">
    <p class='ocr_par' dir='ltr' id='par_1_11' title="bbox 1409 752 2094 800">
     <span class='ocr_line' id='line_1_12' title="bbox 1409 752 2094 800; baseline 0 -12"><span class='ocrx_word' id='word_1_96' title='bbox 1409 752 1552 789; x_wconf 80' lang='grc' dir='ltr'>ε’ίδωλον</span> <span class='ocrx_word' id='word_1_97' title='bbox 1568 753 1709 798; x_wconf 83' lang='grc' dir='ltr'>Ἑλένης</span> <span class='ocrx_word' id='word_1_98' title='bbox 1727 752 1893 800; x_wconf 88' lang='grc' dir='ltr'>ἐξέπεμψ’</span> <span class='ocrx_word' id='word_1_99' title='bbox 1915 754 1962 791; x_wconf 86' lang='grc' dir='ltr'>εἷς</span> <span class='ocrx_word' id='word_1_100' title='bbox 1972 753 2094 790; x_wconf 76' lang='grc' dir='ltr'>Ἴλιον.</span> 
     </span>
    </p>
   </div>
   <div class='ocr_carea' id='block_1_8' title="bbox 311 751 1258 802">
    <p class='ocr_par' dir='ltr' id='par_1_12' title="bbox 311 751 1258 802">
     <span class='ocr_line' id='line_1_13' title="bbox 311 751 1258 802; baseline 0.004 -15"><span class='ocrx_word' id='word_1_101' title='bbox 311 751 379 799; x_wconf 85' lang='grc' dir='ltr'>ἐγὼ</span> <span class='ocrx_word' id='word_1_102' title='bbox 397 753 459 797; x_wconf 83' lang='grc' dir='ltr'>μὲν</span> <span class='ocrx_word' id='word_1_103' title='bbox 477 752 652 796; x_wconf 83' lang='grc' dir='ltr'>ἐπιβαλὼν</span> <span class='ocrx_word' id='word_1_104' title='bbox 670 753 765 800; x_wconf 88' lang='grc' dir='ltr'>φάρη</span> <span class='ocrx_word' id='word_1_105' title='bbox 785 754 899 800; x_wconf 89' lang='grc' dir='ltr'>κόραις</span> <span class='ocrx_word' id='word_1_106' title='bbox 918 754 1008 799; x_wconf 87' lang='grc' dir='ltr'>ἐμαῖ-</span> <span class='ocrx_word' id='word_1_107' title='bbox 1180 770 1258 802; x_wconf 89' lang='grc' dir='ltr'>στρ.</span> 
     </span>
    </p>
   </div>
   <div class='ocr_carea' id='block_1_9' title="bbox 311 805 2251 855">
    <p class='ocr_par' dir='ltr' id='par_1_13' title="bbox 311 805 2251 855">
     <span class='ocr_line' id='line_1_14' title="bbox 311 805 2251 855; baseline 0.001 -14"><span class='ocrx_word' id='word_1_108' title='bbox 311 820 349 841; x_wconf 91' lang='grc' dir='ltr'>σι</span> <span class='ocrx_word' id='word_1_109' title='bbox 367 805 536 855; x_wconf 82' lang='grc' dir='ltr'>φασγάνῳ</span> <span class='ocrx_word' id='word_1_110' title='bbox 555 806 772 854; x_wconf 82' lang='grc' dir='ltr'>κατηρξάμαν</span> <span class='ocrx_word' id='word_1_111' title='bbox 1407 807 1569 851; x_wconf 82' lang='grc' dir='ltr'>Πυλάδης</span> <span class='ocrx_word' id='word_1_112' title='bbox 1587 806 1649 852; x_wconf 80' lang='grc' dir='ltr'>μὲν</span> <span class='ocrx_word' id='word_1_113' title='bbox 1667 806 1726 842; x_wconf 79' lang='grc' dir='ltr'>οὖν</span> <span class='ocrx_word' id='word_1_114' title='bbox 1744 808 1845 854; x_wconf 88' lang='grc' dir='ltr'>κόρην</span> <span class='ocrx_word' id='word_1_115' title='bbox 1861 822 1899 842; x_wconf 92' lang='grc' dir='ltr'>τε</span> <span class='ocrx_word' id='word_1_116' title='bbox 1919 807 1973 843; x_wconf 83' lang='grc' dir='ltr'>καὶ</span> <span class='ocrx_word' id='word_1_117' title='bbox 1991 806 2129 854; x_wconf 85' lang='grc' dir='ltr'>δάμαρτ’</span> <span class='ocrx_word' id='word_1_118' title='bbox 2149 806 2251 854; x_wconf 78' lang='grc' dir='ltr'>ἔχων,</span> 
     </span>
    </p>
   </div>
   <div class='ocr_carea' id='block_1_10' title="bbox 201 856 2362 3576">
    <p class='ocr_par' dir='ltr' id='par_1_14' title="bbox 201 856 2362 3576">
     <span class='ocr_line' id='line_1_15' title="bbox 308 856 2356 908; baseline 0.001 -14"><span class='ocrx_word' id='word_1_119' title='bbox 308 859 451 906; x_wconf 86' lang='grc' dir='ltr'>ματέρος</span> <span class='ocrx_word' id='word_1_120' title='bbox 468 859 538 895; x_wconf 79' lang='grc' dir='ltr'>ἕσω</span> <span class='ocrx_word' id='word_1_121' title='bbox 557 860 655 906; x_wconf 88' lang='grc' dir='ltr'>δέρας</span> <span class='ocrx_word' id='word_1_122' title='bbox 672 859 798 904; x_wconf 86' lang='grc' dir='ltr'>μεθείς.</span> <span class='ocrx_word' id='word_1_123' title='bbox 1408 856 1583 906; x_wconf 80' lang='grc' dir='ltr'>Ἀχαιΐδος</span> <span class='ocrx_word' id='word_1_124' title='bbox 1600 861 1663 907; x_wconf 85' lang='grc' dir='ltr'>γῆς</span> <span class='ocrx_word' id='word_1_125' title='bbox 1681 858 1786 895; x_wconf 80' lang='grc' dir='ltr'>οἴκαδ’</span> <span class='ocrx_word' id='word_1_126' title='bbox 1806 861 2029 908; x_wconf 84' lang='grc' dir='ltr'>ἐσπορευέτω,</span> <span class='ocrx_word' id='word_1_127' title='bbox 2277 865 2356 907; x_wconf 84' lang='lat'>1285</span> 
     </span>
     <span class='ocr_line' id='line_1_16' title="bbox 203 911 2088 961; baseline -0.001 -12"><span class='ocrx_word' id='word_1_128' title='bbox 203 918 279 949; x_wconf 86' lang='lat' dir='ltr'>HA.</span> <span class='ocrx_word' id='word_1_129' title='bbox 309 911 376 960; x_wconf 77' lang='grc' dir='ltr'>ἐγὼ</span> <span class='ocrx_word' id='word_1_130' title='bbox 396 911 434 948; x_wconf 88' lang='grc' dir='ltr'>δέ</span> <span class='ocrx_word' id='word_1_131' title='bbox 450 912 483 959; x_wconf 77' lang='grc' dir='ltr'>γ’</span> <span class='ocrx_word' id='word_1_132' title='bbox 504 913 719 948; x_wconf 82' lang='grc' dir='ltr'>ἔπεκέλευσά</span> <span class='ocrx_word' id='word_1_133' title='bbox 739 927 808 958; x_wconf 92' lang='grc' dir='ltr'>σοι,</span> <span class='ocrx_word' id='word_1_134' title='bbox 1408 914 1462 949; x_wconf 81' lang='grc' dir='ltr'>καὶ</span> <span class='ocrx_word' id='word_1_135' title='bbox 1479 913 1537 948; x_wconf 88' lang='grc' dir='ltr'>τὸν</span> <span class='ocrx_word' id='word_1_136' title='bbox 1554 914 1649 961; x_wconf 83' lang='grc' dir='ltr'>λόγῳ</span> <span class='ocrx_word' id='word_1_137' title='bbox 1667 913 1732 948; x_wconf 88' lang='grc' dir='ltr'>σὸν</span> <span class='ocrx_word' id='word_1_138' title='bbox 1747 913 1911 961; x_wconf 88' lang='grc' dir='ltr'>πενθερὸν</span> <span class='ocrx_word' id='word_1_139' title='bbox 1929 914 2088 960; x_wconf 77' lang='grc' dir='ltr'>κομιζέτω</span> 
     </span>
     <span class='ocr_line' id='line_1_17' title="bbox 306 962 2190 1014; baseline 0.002 -14"><span class='ocrx_word' id='word_1_140' title='bbox 306 965 430 1012; x_wconf 83' lang='grc' dir='ltr'>ξίφους</span> <span class='ocrx_word' id='word_1_141' title='bbox 447 963 478 1000; x_wconf 82' lang='grc' dir='ltr'>τ’</span> <span class='ocrx_word' id='word_1_142' title='bbox 499 966 689 1013; x_wconf 76' lang='grc' dir='ltr'>ἐφηψάμαν</span> <span class='ocrx_word' id='word_1_143' title='bbox 709 966 788 1011; x_wconf 84' lang='grc' dir='ltr'>ἅμα.</span> <span class='ocrx_word' id='word_1_144' title='bbox 1182 982 1239 1005; x_wconf 81' lang='lat'>122</span> <span class='ocrx_word' id='word_1_145' title='bbox 1244 980 1260 1013; x_wconf 83' lang='lat'>5</span> <span class='ocrx_word' id='word_1_146' title='bbox 1408 966 1550 1003; x_wconf 86' lang='grc' dir='ltr'>Φωκέων</span> <span class='ocrx_word' id='word_1_147' title='bbox 1569 966 1602 1003; x_wconf 88' lang='grc' dir='ltr'>ἐς</span> <span class='ocrx_word' id='word_1_148' title='bbox 1620 962 1705 1008; x_wconf 83' lang='grc' dir='ltr'>αἶαν,</span> <span class='ocrx_word' id='word_1_149' title='bbox 1726 967 1780 1001; x_wconf 85' lang='grc' dir='ltr'>καὶ</span> <span class='ocrx_word' id='word_1_150' title='bbox 1798 968 1885 1003; x_wconf 90' lang='grc' dir='ltr'>δότω</span> <span class='ocrx_word' id='word_1_151' title='bbox 1901 967 2053 1003; x_wconf 87' lang='grc' dir='ltr'>πλούτου</span> <span class='ocrx_word' id='word_1_152' title='bbox 2071 967 2190 1014; x_wconf 87' lang='grc' dir='ltr'>βάρος.</span> 
     </span>
     <span class='ocr_line' id='line_1_18' title="bbox 307 1017 2173 1067; baseline 0.002 -14"><span class='ocrx_word' id='word_1_153' title='bbox 307 1019 496 1055; x_wconf 87' lang='grc' dir='ltr'>δεινότατον</span> <span class='ocrx_word' id='word_1_154' title='bbox 513 1021 648 1055; x_wconf 81' lang='grc' dir='ltr'>παθέων</span> <span class='ocrx_word' id='word_1_155' title='bbox 667 1018 776 1066; x_wconf 75' lang='grc' dir='ltr'>ἔρεξα.</span> <span class='ocrx_word' id='word_1_156' title='bbox 1408 1021 1453 1055; x_wconf 84' lang='grc' dir='ltr'>σὺ</span> <span class='ocrx_word' id='word_1_157' title='bbox 1472 1019 1502 1055; x_wconf 84' lang='grc' dir='ltr'>δ’</span> <span class='ocrx_word' id='word_1_158' title='bbox 1523 1017 1678 1065; x_wconf 84' lang='grc' dir='ltr'>Ἰσθμίας</span> <span class='ocrx_word' id='word_1_159' title='bbox 1695 1021 1758 1065; x_wconf 88' lang='grc' dir='ltr'>γῆς</span> <span class='ocrx_word' id='word_1_160' title='bbox 1776 1019 1888 1067; x_wconf 81' lang='grc' dir='ltr'>αὐχέν’</span> <span class='ocrx_word' id='word_1_161' title='bbox 1909 1020 2077 1067; x_wconf 82' lang='grc' dir='ltr'>ἐμβαίνων</span> <span class='ocrx_word' id='word_1_162' title='bbox 2093 1020 2173 1056; x_wconf 84' lang='grc' dir='ltr'>ποδὶ</span> 
     </span>
     <span class='ocr_line' id='line_1_19' title="bbox 205 1070 2140 1121; baseline 0.002 -14"><span class='ocrx_word' id='word_1_163' title='bbox 205 1078 270 1108; x_wconf 89' lang='grc' dir='ltr'>ΟΡ.</span> <span class='ocrx_word' id='word_1_164' title='bbox 303 1073 416 1115; x_wconf 86' lang='grc' dir='ltr'>λαβοῦ</span> <span class='ocrx_word' id='word_1_165' title='bbox 433 1074 559 1116; x_wconf 87' lang='grc' dir='ltr'>λαβοῦ,</span> <span class='ocrx_word' id='word_1_166' title='bbox 580 1074 730 1108; x_wconf 88' lang='grc' dir='ltr'>κάλυπτε</span> <span class='ocrx_word' id='word_1_167' title='bbox 747 1071 859 1118; x_wconf 89' lang='grc' dir='ltr'>μέλεα</span> <span class='ocrx_word' id='word_1_168' title='bbox 876 1073 1020 1121; x_wconf 86' lang='grc' dir='ltr'>ματέρος</span> <span class='ocrx_word' id='word_1_169' title='bbox 1185 1073 1257 1112; x_wconf 90' lang='grc' dir='ltr'>ἀντ.</span> <span class='ocrx_word' id='word_1_170' title='bbox 1406 1075 1511 1120; x_wconf 89' lang='grc' dir='ltr'>χώρει</span> <span class='ocrx_word' id='word_1_171' title='bbox 1532 1074 1618 1120; x_wconf 88' lang='grc' dir='ltr'>πρὸς</span> <span class='ocrx_word' id='word_1_172' title='bbox 1635 1070 1727 1108; x_wconf 80' lang='grc' dir='ltr'>οἶκον</span> <span class='ocrx_word' id='word_1_173' title='bbox 1746 1073 1934 1120; x_wconf 87' lang='grc' dir='ltr'>Κεκροπίας</span> <span class='ocrx_word' id='word_1_174' title='bbox 1951 1075 2140 1121; x_wconf 89' lang='grc' dir='ltr'>εὐδαίμονα.</span> 
     </span>
     <span class='ocr_line' id='line_1_20' title="bbox 305 1125 2359 1178; baseline 0.001 -16"><span class='ocrx_word' id='word_1_175' title='bbox 305 1125 463 1169; x_wconf 83' lang='grc' dir='ltr'>πέπλοις,</span> <span class='ocrx_word' id='word_1_176' title='bbox 482 1127 699 1173; x_wconf 88' lang='grc' dir='ltr'>καθάρμοσον</span> <span class='ocrx_word' id='word_1_177' title='bbox 718 1126 870 1174; x_wconf 87' lang='grc' dir='ltr'>σφαγάς·</span> <span class='ocrx_word' id='word_1_178' title='bbox 1405 1127 1626 1173; x_wconf 89' lang='grc' dir='ltr'>πεπρωμένην</span> <span class='ocrx_word' id='word_1_179' title='bbox 1643 1127 1709 1174; x_wconf 90' lang='grc' dir='ltr'>γὰρ</span> <span class='ocrx_word' id='word_1_180' title='bbox 1728 1129 1847 1174; x_wconf 88' lang='grc' dir='ltr'>μοῖραν</span> <span class='ocrx_word' id='word_1_181' title='bbox 1864 1126 2039 1173; x_wconf 85' lang='grc' dir='ltr'>ἐκπλήσας</span> <span class='ocrx_word' id='word_1_182' title='bbox 2057 1130 2176 1174; x_wconf 85' lang='grc' dir='ltr'>φόνου,</span> <span class='ocrx_word' id='word_1_183' title='bbox 2281 1141 2359 1178; x_wconf 84' lang='lat'>1290</span> 
     </span>
     <span class='ocr_line' id='line_1_21' title="bbox 307 1179 2174 1227; baseline 0.002 -13"><span class='ocrx_word' id='word_1_184' title='bbox 307 1179 433 1225; x_wconf 87' lang='grc' dir='ltr'>φονέας</span> <span class='ocrx_word' id='word_1_185' title='bbox 447 1181 572 1216; x_wconf 79' lang='grc' dir='ltr'>ἔτικτες</span> <span class='ocrx_word' id='word_1_186' title='bbox 590 1179 656 1226; x_wconf 77' lang='grc' dir='ltr'>ἆρά</span> <span class='ocrx_word' id='word_1_187' title='bbox 674 1194 744 1215; x_wconf 93' lang='grc' dir='ltr'>σοι.</span> <span class='ocrx_word' id='word_1_188' title='bbox 1411 1179 1664 1225; x_wconf 81' lang='grc' dir='ltr'>εὐδαιμονήσεις</span> <span class='ocrx_word' id='word_1_189' title='bbox 1681 1180 1778 1215; x_wconf 85' lang='grc' dir='ltr'>τῶνδ’</span> <span class='ocrx_word' id='word_1_190' title='bbox 1796 1181 2032 1227; x_wconf 83' lang='grc' dir='ltr'>ἀπαλλαχθεὶς</span> <span class='ocrx_word' id='word_1_191' title='bbox 2050 1182 2174 1218; x_wconf 87' lang='grc' dir='ltr'>πόνων.</span> 
     </span>
     <span class='ocr_line' id='line_1_22' title="bbox 203 1231 2006 1282; baseline -0.001 -14"><span class='ocrx_word' id='word_1_192' title='bbox 203 1238 277 1268; x_wconf 84' lang='lat' dir='ltr'>HA.</span> <span class='ocrx_word' id='word_1_193' title='bbox 307 1231 391 1276; x_wconf 84' lang='grc' dir='ltr'>ἷδοὺ,</span> <span class='ocrx_word' id='word_1_194' title='bbox 414 1234 528 1280; x_wconf 89' lang='grc' dir='ltr'>φίλαν</span> <span class='ocrx_word' id='word_1_195' title='bbox 543 1248 581 1268; x_wconf 92' lang='grc' dir='ltr'>τε</span> <span class='ocrx_word' id='word_1_196' title='bbox 600 1233 660 1268; x_wconf 84' lang='grc' dir='ltr'>κού</span> <span class='ocrx_word' id='word_1_197' title='bbox 677 1231 787 1278; x_wconf 92' lang='grc' dir='ltr'>φίλαν</span> <span class='ocrx_word' id='word_1_198' title='bbox 1183 1249 1265 1281; x_wconf 83' lang='lat'><strong>¹²30</strong></span> <span class='ocrx_word' id='word_1_199' title='bbox 1303 1240 1376 1269; x_wconf 91' lang='lat' dir='ltr'>XO.</span> <span class='ocrx_word' id='word_1_200' title='bbox 1407 1233 1432 1268; x_wconf 80' lang='grc' dir='ltr'><em>ὦ</em></span> <span class='ocrx_word' id='word_1_201' title='bbox 1449 1233 1549 1269; x_wconf 81' lang='grc' dir='ltr'>παῖδε</span> <span class='ocrx_word' id='word_1_202' title='bbox 1567 1234 1660 1275; x_wconf 89' lang='grc' dir='ltr'>Διὸς,</span> <span class='ocrx_word' id='word_1_203' title='bbox 1680 1233 1775 1279; x_wconf 83' lang='grc' dir='ltr'>θέμις</span> <span class='ocrx_word' id='word_1_204' title='bbox 1793 1232 1829 1269; x_wconf 84' lang='grc' dir='ltr'>ἐς</span> <span class='ocrx_word' id='word_1_205' title='bbox 1846 1233 2006 1282; x_wconf 81' lang='grc' dir='ltr'>φθογγὰς</span> 
     </span>
     <span class='ocr_line' id='line_1_23' title="bbox 306 1284 1946 1334; baseline 0.001 -14"><span class='ocrx_word' id='word_1_206' title='bbox 306 1285 420 1332; x_wconf 87' lang='grc' dir='ltr'>φάρεα</span> <span class='ocrx_word' id='word_1_207' title='bbox 438 1286 483 1322; x_wconf 90' lang='grc' dir='ltr'>σέ</span> <span class='ocrx_word' id='word_1_208' title='bbox 498 1284 532 1334; x_wconf 77' lang='grc' dir='ltr'>γ’</span> <span class='ocrx_word' id='word_1_209' title='bbox 553 1286 835 1332; x_wconf 80' lang='grc' dir='ltr'>ἀμφιβάλλομεν,</span> <span class='ocrx_word' id='word_1_210' title='bbox 1407 1287 1467 1322; x_wconf 88' lang='grc' dir='ltr'>τὰς</span> <span class='ocrx_word' id='word_1_211' title='bbox 1484 1287 1646 1332; x_wconf 83' lang='grc' dir='ltr'>ὑμετέρας</span> <span class='ocrx_word' id='word_1_212' title='bbox 1664 1286 1742 1332; x_wconf 86' lang='grc' dir='ltr'>ἡμῖν</span> <span class='ocrx_word' id='word_1_213' title='bbox 1758 1286 1921 1323; x_wconf 89' lang='grc' dir='ltr'>πελάθειν</span> <span class='ocrx_word' id='word_1_214' title='bbox 1935 1303 1946 1328; x_wconf 91' lang='grc'><strong><em>;</em></strong></span> 
     </span>
     <span class='ocr_line' id='line_1_24' title="bbox 306 1338 2084 1388; baseline 0.003 -15"><span class='ocrx_word' id='word_1_215' title='bbox 306 1338 413 1386; x_wconf 88' lang='grc' dir='ltr'>τέρμα</span> <span class='ocrx_word' id='word_1_216' title='bbox 430 1343 539 1375; x_wconf 82' lang='grc' dir='ltr'>κακῶν</span> <span class='ocrx_word' id='word_1_217' title='bbox 556 1341 716 1386; x_wconf 89' lang='grc' dir='ltr'>μεγάλων</span> <span class='ocrx_word' id='word_1_218' title='bbox 734 1339 903 1384; x_wconf 88' lang='grc' dir='ltr'>δόμοισιν.</span> <span class='ocrx_word' id='word_1_219' title='bbox 1304 1346 1362 1375; x_wconf 96' lang='grc' dir='ltr'>ΔΙ.</span> <span class='ocrx_word' id='word_1_220' title='bbox 1401 1339 1505 1386; x_wconf 85' lang='grc' dir='ltr'>θέμις,</span> <span class='ocrx_word' id='word_1_221' title='bbox 1525 1340 1564 1374; x_wconf 81' lang='grc' dir='ltr'>οὐ</span> <span class='ocrx_word' id='word_1_222' title='bbox 1581 1340 1756 1387; x_wconf 82' lang='grc' dir='ltr'>μυσαροὺς</span> <span class='ocrx_word' id='word_1_223' title='bbox 1772 1341 1890 1375; x_wconf 84' lang='grc' dir='ltr'>τοῖσδε</span> <span class='ocrx_word' id='word_1_224' title='bbox 1908 1340 2084 1388; x_wconf 83' lang='grc' dir='ltr'>σφαγίοις.</span> 
     </span>
     <span class='ocr_line' id='line_1_25' title="bbox 202 1390 2358 1443; baseline -0.001 -13"><span class='ocrx_word' id='word_1_225' title='bbox 202 1398 274 1430; x_wconf 84' lang='grc' dir='ltr'>ΧΟ.</span> <span class='ocrx_word' id='word_1_226' title='bbox 307 1391 389 1428; x_wconf 83' lang='grc' dir='ltr'>ἀλλ’</span> <span class='ocrx_word' id='word_1_227' title='bbox 408 1390 479 1429; x_wconf 80' lang='grc' dir='ltr'>οἵδε</span> <span class='ocrx_word' id='word_1_228' title='bbox 498 1394 610 1439; x_wconf 89' lang='grc' dir='ltr'>δόμων</span> <span class='ocrx_word' id='word_1_229' title='bbox 623 1392 708 1439; x_wconf 76' lang='grc' dir='ltr'>ὑπὲρ</span> <span class='ocrx_word' id='word_1_230' title='bbox 726 1391 920 1437; x_wconf 79' lang='grc' dir='ltr'>ἀκροτάτων</span> <span class='ocrx_word' id='word_1_231' title='bbox 1268 1435 1269 1439; x_wconf 17' lang='lat'>¹</span> <span class='ocrx_word' id='word_1_232' title='bbox 1306 1399 1371 1428; x_wconf 87' lang='grc' dir='ltr'>ΟΡ.</span> <span class='ocrx_word' id='word_1_233' title='bbox 1410 1393 1508 1438; x_wconf 78' lang='grc' dir='ltr'>κάμοὶ</span> <span class='ocrx_word' id='word_1_234' title='bbox 1526 1393 1635 1440; x_wconf 80' lang='grc' dir='ltr'>μύθου</span> <span class='ocrx_word' id='word_1_235' title='bbox 1651 1393 1747 1439; x_wconf 86' lang='grc' dir='ltr'>μέτα,</span> <span class='ocrx_word' id='word_1_236' title='bbox 1765 1392 1986 1438; x_wconf 86' lang='grc' dir='ltr'>Τυνδαρίδαι,·</span> <span class='ocrx_word' id='word_1_237' title='bbox 2280 1409 2358 1443; x_wconf 78' lang='lat'>1²95</span> 
     </span>
     <span class='ocr_line' id='line_1_26' title="bbox 304 1445 1973 1495; baseline 0 -14"><span class='ocrx_word' id='word_1_238' title='bbox 304 1445 470 1493; x_wconf 88' lang='grc' dir='ltr'>φαίνουσι</span> <span class='ocrx_word' id='word_1_239' title='bbox 487 1446 576 1482; x_wconf 77' lang='grc' dir='ltr'>τινὲς</span> <span class='ocrx_word' id='word_1_240' title='bbox 594 1445 758 1492; x_wconf 84' lang='grc' dir='ltr'>δαίμονες,</span> <span class='ocrx_word' id='word_1_241' title='bbox 778 1445 798 1491; x_wconf 90' lang='grc' dir='ltr'>ἢ</span> <span class='ocrx_word' id='word_1_242' title='bbox 818 1445 905 1481; x_wconf 90' lang='grc' dir='ltr'>θεῶν</span> <span class='ocrx_word' id='word_1_243' title='bbox 1304 1452 1359 1482; x_wconf 93' lang='grc' dir='ltr'>ΔΙ.</span> <span class='ocrx_word' id='word_1_244' title='bbox 1404 1446 1458 1482; x_wconf 78' lang='grc' dir='ltr'>καὶ</span> <span class='ocrx_word' id='word_1_245' title='bbox 1476 1450 1546 1482; x_wconf 87' lang='grc' dir='ltr'>σοί·</span> <span class='ocrx_word' id='word_1_246' title='bbox 1575 1447 1689 1495; x_wconf 80' lang='grc' dir='ltr'>Φοίβῳ</span> <span class='ocrx_word' id='word_1_247' title='bbox 1703 1445 1794 1491; x_wconf 86' lang='grc' dir='ltr'>τήνδ’</span> <span class='ocrx_word' id='word_1_248' title='bbox 1814 1445 1973 1491; x_wconf 80' lang='grc' dir='ltr'>ἀναθήσω</span> 
     </span>
     <span class='ocr_line' id='line_1_27' title="bbox 306 1497 1685 1547; baseline -0.001 -12"><span class='ocrx_word' id='word_1_249' title='bbox 306 1503 374 1535; x_wconf 88' lang='grc' dir='ltr'>τῶν</span> <span class='ocrx_word' id='word_1_250' title='bbox 389 1498 564 1546; x_wconf 85' lang='grc' dir='ltr'>οὐρανίων·</span> <span class='ocrx_word' id='word_1_251' title='bbox 594 1500 633 1534; x_wconf 85' lang='grc' dir='ltr'>οὐ</span> <span class='ocrx_word' id='word_1_252' title='bbox 650 1500 718 1546; x_wconf 88' lang='grc' dir='ltr'>γὰρ</span> <span class='ocrx_word' id='word_1_253' title='bbox 738 1498 866 1544; x_wconf 85' lang='grc' dir='ltr'>θνητῶν</span> <span class='ocrx_word' id='word_1_254' title='bbox 883 1497 916 1545; x_wconf 87' lang='grc' dir='ltr'>γ’</span> <span class='ocrx_word' id='word_1_255' title='bbox 1182 1514 1217 1536; x_wconf 87' lang='lat'>12</span> <span class='ocrx_word' id='word_1_256' title='bbox 1225 1513 1260 1545; x_wconf 81' lang='lat'>35</span> <span class='ocrx_word' id='word_1_257' title='bbox 1406 1500 1531 1546; x_wconf 82' lang='grc' dir='ltr'>πρᾶξιν</span> <span class='ocrx_word' id='word_1_258' title='bbox 1549 1497 1685 1547; x_wconf 89' lang='grc' dir='ltr'>φονίαν.</span> 
     </span>
     <span class='ocr_line' id='line_1_28' title="bbox 305 1551 1989 1599; baseline -0.001 -11"><span class='ocrx_word' id='word_1_259' title='bbox 305 1552 366 1598; x_wconf 84' lang='grc' dir='ltr'>ἥδε</span> <span class='ocrx_word' id='word_1_260' title='bbox 384 1552 560 1589; x_wconf 87' lang='grc' dir='ltr'>κέλευθος·</span> <span class='ocrx_word' id='word_1_261' title='bbox 587 1552 622 1588; x_wconf 87' lang='grc' dir='ltr'>τί</span> <span class='ocrx_word' id='word_1_262' title='bbox 637 1552 713 1589; x_wconf 80' lang='grc' dir='ltr'>ποτ’</span> <span class='ocrx_word' id='word_1_263' title='bbox 732 1552 767 1588; x_wconf 92' lang='grc' dir='ltr'>ἐς</span> <span class='ocrx_word' id='word_1_264' title='bbox 784 1552 936 1599; x_wconf 88' lang='grc' dir='ltr'>φανερὰν</span> <span class='ocrx_word' id='word_1_265' title='bbox 1303 1558 1373 1588; x_wconf 91' lang='grc' dir='ltr'>ΧΟ.</span> <span class='ocrx_word' id='word_1_266' title='bbox 1403 1557 1475 1590; x_wconf 89' lang='grc' dir='ltr'>πῶς</span> <span class='ocrx_word' id='word_1_267' title='bbox 1493 1552 1569 1589; x_wconf 79' lang='grc' dir='ltr'>ὅντε</span> <span class='ocrx_word' id='word_1_268' title='bbox 1587 1553 1653 1588; x_wconf 87' lang='grc' dir='ltr'>θεὼ</span> <span class='ocrx_word' id='word_1_269' title='bbox 1671 1552 1780 1597; x_wconf 88' lang='grc' dir='ltr'>τῆσδέ</span> <span class='ocrx_word' id='word_1_270' title='bbox 1794 1551 1825 1588; x_wconf 90' lang='grc' dir='ltr'>τ’</span> <span class='ocrx_word' id='word_1_271' title='bbox 1846 1552 1989 1599; x_wconf 84' lang='grc' dir='ltr'>ἀδελφὼ</span> 
     </span>
     <span class='ocr_line' id='line_1_29' title="bbox 305 1605 1722 1653; baseline 0 -11"><span class='ocrx_word' id='word_1_272' title='bbox 305 1605 392 1653; x_wconf 77' lang='grc' dir='ltr'>ὄψιν</span> <span class='ocrx_word' id='word_1_273' title='bbox 409 1606 571 1649; x_wconf 90' lang='grc' dir='ltr'>βαίνουσι</span> <span class='ocrx_word' id='word_1_274' title='bbox 588 1607 790 1653; x_wconf 90' lang='grc' dir='ltr'>βροτοῖσιν,·</span> <span class='ocrx_word' id='word_1_275' title='bbox 1409 1608 1468 1651; x_wconf 80' lang='grc' dir='ltr'>τῆς</span> <span class='ocrx_word' id='word_1_276' title='bbox 1486 1606 1722 1653; x_wconf 88' lang='grc' dir='ltr'>καπφθιμένης</span> 
     </span>
     <span class='ocr_line' id='line_1_30' title="bbox 201 1658 2361 1708; baseline -0 -12"><span class='ocrx_word' id='word_1_277' title='bbox 201 1665 264 1697; x_wconf 89' lang='grc' dir='ltr'>ΔΙ.</span> <span class='ocrx_word' id='word_1_278' title='bbox 303 1659 553 1705; x_wconf 82' lang='grc' dir='ltr'>Ἀγαμέμνονος</span> <span class='ocrx_word' id='word_1_279' title='bbox 571 1661 642 1701; x_wconf 88' lang='grc' dir='ltr'>παῖ,</span> <span class='ocrx_word' id='word_1_280' title='bbox 664 1659 775 1695; x_wconf 85' lang='grc' dir='ltr'>κλῦθι·</span> <span class='ocrx_word' id='word_1_281' title='bbox 803 1659 961 1706; x_wconf 86' lang='grc' dir='ltr'>δίπτυχοι</span> <span class='ocrx_word' id='word_1_282' title='bbox 980 1658 1021 1694; x_wconf 90' lang='grc' dir='ltr'>δέ</span> <span class='ocrx_word' id='word_1_283' title='bbox 1035 1673 1079 1695; x_wconf 83' lang='grc' dir='ltr'>σε</span> <span class='ocrx_word' id='word_1_284' title='bbox 1409 1661 1469 1695; x_wconf 81' lang='grc' dir='ltr'>οὐκ</span> <span class='ocrx_word' id='word_1_285' title='bbox 1486 1658 1674 1708; x_wconf 85' lang='grc' dir='ltr'>ἠρκέσατον</span> <span class='ocrx_word' id='word_1_286' title='bbox 1692 1660 1794 1706; x_wconf 84' lang='grc' dir='ltr'>κῆρας</span> <span class='ocrx_word' id='word_1_287' title='bbox 1811 1658 2018 1705; x_wconf 70' lang='grc' dir='ltr'>μελάθροις-ς</span> <span class='ocrx_word' id='word_1_288' title='bbox 2281 1674 2361 1708; x_wconf 83' lang='lat'>1300</span> 
     </span>
     <span class='ocr_line' id='line_1_31' title="bbox 305 1711 1981 1761; baseline -0.001 -12"><span class='ocrx_word' id='word_1_289' title='bbox 305 1715 451 1749; x_wconf 91' lang='grc' dir='ltr'>καλοῦσι</span> <span class='ocrx_word' id='word_1_290' title='bbox 471 1715 596 1759; x_wconf 87' lang='grc' dir='ltr'>μητρὸς</span> <span class='ocrx_word' id='word_1_291' title='bbox 616 1712 781 1760; x_wconf 86' lang='grc' dir='ltr'>σύγγονοι</span> <span class='ocrx_word' id='word_1_292' title='bbox 801 1714 997 1760; x_wconf 86' lang='grc' dir='ltr'>Διόσκοροι,</span> <span class='ocrx_word' id='word_1_293' title='bbox 1304 1721 1361 1751; x_wconf 84' lang='grc' dir='ltr'>ΔΙ.</span> <span class='ocrx_word' id='word_1_294' title='bbox 1403 1716 1524 1761; x_wconf 87' lang='grc' dir='ltr'>μοῖραν</span> <span class='ocrx_word' id='word_1_295' title='bbox 1542 1713 1686 1761; x_wconf 84' lang='grc' dir='ltr'>ἀνάγκης</span> <span class='ocrx_word' id='word_1_296' title='bbox 1703 1711 1785 1759; x_wconf 86' lang='grc' dir='ltr'>ἦγεν</span> <span class='ocrx_word' id='word_1_297' title='bbox 1802 1712 1842 1746; x_wconf 89' lang='grc' dir='ltr'>τὸ</span> <span class='ocrx_word' id='word_1_298' title='bbox 1859 1714 1981 1758; x_wconf 86' lang='grc' dir='ltr'>χρεὼν,</span> 
     </span>
     <span class='ocr_line' id='line_1_32' title="bbox 306 1764 2067 1814; baseline -0.001 -11"><span class='ocrx_word' id='word_1_299' title='bbox 306 1768 454 1814; x_wconf 88' lang='grc' dir='ltr'>Κάστωρ</span> <span class='ocrx_word' id='word_1_300' title='bbox 473 1765 676 1814; x_wconf 80' lang='grc' dir='ltr'>κασίγνητός</span> <span class='ocrx_word' id='word_1_301' title='bbox 692 1782 729 1802; x_wconf 91' lang='grc' dir='ltr'>τε</span> <span class='ocrx_word' id='word_1_302' title='bbox 749 1766 965 1812; x_wconf 80' lang='grc' dir='ltr'>Πολυδεύκης</span> <span class='ocrx_word' id='word_1_303' title='bbox 984 1764 1050 1801; x_wconf 88' lang='grc' dir='ltr'>ὅδε.</span> <span class='ocrx_word' id='word_1_304' title='bbox 1182 1782 1264 1812; x_wconf 88' lang='lat'>1²40</span> <span class='ocrx_word' id='word_1_305' title='bbox 1407 1769 1536 1811; x_wconf 85' lang='grc' dir='ltr'>Φοίβου</span> <span class='ocrx_word' id='word_1_306' title='bbox 1554 1767 1586 1803; x_wconf 81' lang='grc' dir='ltr'>τ’</span> <span class='ocrx_word' id='word_1_307' title='bbox 1605 1768 1737 1813; x_wconf 77' lang='grc' dir='ltr'>ἄσοφοι</span> <span class='ocrx_word' id='word_1_308' title='bbox 1753 1767 1920 1814; x_wconf 85' lang='grc' dir='ltr'>γλώσσης</span> <span class='ocrx_word' id='word_1_309' title='bbox 1938 1765 2067 1802; x_wconf 82' lang='grc' dir='ltr'>ἐνοπαί.</span> 
     </span>
     <span class='ocr_line' id='line_1_33' title="bbox 305 1819 2075 1868; baseline -0.001 -11"><span class='ocrx_word' id='word_1_310' title='bbox 305 1821 414 1858; x_wconf 87' lang='grc' dir='ltr'>δεινὸν</span> <span class='ocrx_word' id='word_1_311' title='bbox 433 1821 467 1855; x_wconf 81' lang='grc' dir='ltr'>δὲ</span> <span class='ocrx_word' id='word_1_312' title='bbox 488 1821 566 1856; x_wconf 90' lang='grc' dir='ltr'>ναὸς</span> <span class='ocrx_word' id='word_1_313' title='bbox 583 1819 706 1868; x_wconf 85' lang='grc' dir='ltr'>ἀρτίως</span> <span class='ocrx_word' id='word_1_314' title='bbox 723 1821 847 1856; x_wconf 88' lang='grc' dir='ltr'>πόντου</span> <span class='ocrx_word' id='word_1_315' title='bbox 867 1820 977 1856; x_wconf 89' lang='grc' dir='ltr'>σάλον</span> <span class='ocrx_word' id='word_1_316' title='bbox 1303 1827 1381 1856; x_wconf 88' lang='grc' dir='ltr'>ΗΛ.</span> <span class='ocrx_word' id='word_1_317' title='bbox 1410 1821 1461 1856; x_wconf 86' lang='grc' dir='ltr'>τίς</span> <span class='ocrx_word' id='word_1_318' title='bbox 1479 1821 1507 1856; x_wconf 73' lang='grc' dir='ltr'>δ’</span> <span class='ocrx_word' id='word_1_319' title='bbox 1528 1821 1577 1867; x_wconf 80' lang='grc' dir='ltr'>ἔμ’</span> <span class='ocrx_word' id='word_1_320' title='bbox 1597 1820 1792 1861; x_wconf 87' lang='grc' dir='ltr'>Ἀπόλλων,</span> <span class='ocrx_word' id='word_1_321' title='bbox 1811 1821 1904 1854; x_wconf 90' lang='grc' dir='ltr'>ποῖοι</span> <span class='ocrx_word' id='word_1_322' title='bbox 1922 1819 2075 1866; x_wconf 82' lang='grc' dir='ltr'>χρησμοὶ</span> 
     </span>
     <span class='ocr_line' id='line_1_34' title="bbox 303 1872 1994 1922; baseline -0.003 -11"><span class='ocrx_word' id='word_1_323' title='bbox 303 1872 472 1911; x_wconf 78' lang='grc' dir='ltr'>παύσαντ’</span> <span class='ocrx_word' id='word_1_324' title='bbox 493 1873 657 1922; x_wconf 80' lang='grc' dir='ltr'>ἀφίγμεθ’</span> <span class='ocrx_word' id='word_1_325' title='bbox 672 1872 811 1920; x_wconf 71' lang='grc' dir='ltr'>Ἄργος,</span> <span class='ocrx_word' id='word_1_326' title='bbox 833 1874 878 1910; x_wconf 85' lang='grc' dir='ltr'>ὡς</span> <span class='ocrx_word' id='word_1_327' title='bbox 897 1873 1087 1918; x_wconf 86' lang='grc' dir='ltr'>εἷσείδομεν</span> <span class='ocrx_word' id='word_1_328' title='bbox 1408 1873 1531 1920; x_wconf 89' lang='grc' dir='ltr'>φονίαν</span> <span class='ocrx_word' id='word_1_329' title='bbox 1549 1874 1673 1910; x_wconf 72' lang='grc' dir='ltr'>ἔδοσαν</span> <span class='ocrx_word' id='word_1_330' title='bbox 1689 1872 1790 1919; x_wconf 88' lang='grc' dir='ltr'>μητρὶ</span> <span class='ocrx_word' id='word_1_331' title='bbox 1806 1872 1967 1919; x_wconf 89' lang='grc' dir='ltr'>γενέσθαι</span> <span class='ocrx_word' id='word_1_332' title='bbox 1982 1889 1994 1914; x_wconf 87' lang='grc'>,-</span> 
     </span>
     <span class='ocr_line' id='line_1_35' title="bbox 309 1925 2359 1977; baseline -0.001 -13"><span class='ocrx_word' id='word_1_333' title='bbox 309 1928 450 1976; x_wconf 87' lang='grc' dir='ltr'>σφαγὰς</span> <span class='ocrx_word' id='word_1_334' title='bbox 469 1927 624 1974; x_wconf 84' lang='grc' dir='ltr'>ἀδελφῆς</span> <span class='ocrx_word' id='word_1_335' title='bbox 642 1927 760 1972; x_wconf 88' lang='grc' dir='ltr'>τῆσδε,</span> <span class='ocrx_word' id='word_1_336' title='bbox 780 1927 924 1973; x_wconf 89' lang='grc' dir='ltr'>μητέρος</span> <span class='ocrx_word' id='word_1_337' title='bbox 942 1927 979 1963; x_wconf 79' lang='grc' dir='ltr'>δέ</span> <span class='ocrx_word' id='word_1_338' title='bbox 998 1929 1074 1972; x_wconf 85' lang='grc' dir='ltr'>σῆς.</span> <span class='ocrx_word' id='word_1_339' title='bbox 1304 1934 1362 1964; x_wconf 92' lang='grc' dir='ltr'>ΔΙ.</span> <span class='ocrx_word' id='word_1_340' title='bbox 1409 1928 1515 1963; x_wconf 89' lang='grc' dir='ltr'>κοιναὶ</span> <span class='ocrx_word' id='word_1_341' title='bbox 1531 1928 1684 1976; x_wconf 83' lang='grc' dir='ltr'>πράξεις,</span> <span class='ocrx_word' id='word_1_342' title='bbox 1704 1925 1808 1962; x_wconf 87' lang='grc' dir='ltr'>κοινοὶ</span> <span class='ocrx_word' id='word_1_343' title='bbox 1827 1925 1864 1961; x_wconf 81' lang='grc' dir='ltr'>δὲ</span> <span class='ocrx_word' id='word_1_344' title='bbox 1881 1926 2015 1971; x_wconf 89' lang='grc' dir='ltr'>πότμοι,</span> <span class='ocrx_word' id='word_1_345' title='bbox 2283 1942 2359 1977; x_wconf 83' lang='lat'><strong>¹305</strong></span> 
     </span>
     <span class='ocr_line' id='line_1_36' title="bbox 307 1979 1752 2028; baseline -0.001 -11"><span class='ocrx_word' id='word_1_346' title='bbox 307 1981 419 2017; x_wconf 88' lang='grc' dir='ltr'>δίκαια</span> <span class='ocrx_word' id='word_1_347' title='bbox 437 1980 498 2028; x_wconf 92' lang='grc' dir='ltr'>μέν</span> <span class='ocrx_word' id='word_1_348' title='bbox 516 1995 574 2016; x_wconf 92' lang='grc' dir='ltr'>νυν</span> <span class='ocrx_word' id='word_1_349' title='bbox 591 1979 644 2026; x_wconf 84' lang='grc' dir='ltr'>ἥδ’</span> <span class='ocrx_word' id='word_1_350' title='bbox 661 1981 744 2026; x_wconf 78' lang='grc' dir='ltr'>ἔχει·</span> <span class='ocrx_word' id='word_1_351' title='bbox 774 1980 819 2016; x_wconf 81' lang='grc' dir='ltr'>σὺ</span> <span class='ocrx_word' id='word_1_352' title='bbox 838 1981 867 2016; x_wconf 85' lang='grc' dir='ltr'>δ’</span> <span class='ocrx_word' id='word_1_353' title='bbox 888 1981 966 2027; x_wconf 85' lang='grc' dir='ltr'>οὐχὶ</span> <span class='ocrx_word' id='word_1_354' title='bbox 986 1981 1078 2028; x_wconf 78' lang='grc' dir='ltr'>δρᾷς,</span> <span class='ocrx_word' id='word_1_355' title='bbox 1405 1982 1466 2027; x_wconf 89' lang='grc' dir='ltr'>μία</span> <span class='ocrx_word' id='word_1_356' title='bbox 1484 1980 1515 2017; x_wconf 85' lang='grc' dir='ltr'>δ’</span> <span class='ocrx_word' id='word_1_357' title='bbox 1535 1981 1752 2028; x_wconf 84' lang='grc' dir='ltr'>ἀμφοτέρους</span> 
     </span>
     <span class='ocr_line' id='line_1_37' title="bbox 306 2033 1859 2081; baseline -0.003 -10"><span class='ocrx_word' id='word_1_358' title='bbox 306 2036 434 2078; x_wconf 88' lang='grc' dir='ltr'>Φοῖβός</span> <span class='ocrx_word' id='word_1_359' title='bbox 452 2050 490 2071; x_wconf 84' lang='grc' dir='ltr'>τε</span> <span class='ocrx_word' id='word_1_360' title='bbox 509 2036 647 2078; x_wconf 87' lang='grc' dir='ltr'>Φοῖβος,</span> <span class='ocrx_word' id='word_1_361' title='bbox 669 2033 749 2069; x_wconf 81' lang='grc' dir='ltr'>ἀλλ’</span> <span class='ocrx_word' id='word_1_362' title='bbox 770 2033 855 2078; x_wconf 80' lang='grc' dir='ltr'>ἅναξ</span> <span class='ocrx_word' id='word_1_363' title='bbox 871 2035 938 2081; x_wconf 88' lang='grc' dir='ltr'>γάρ</span> <span class='ocrx_word' id='word_1_364' title='bbox 952 2035 1024 2070; x_wconf 81' lang='grc' dir='ltr'>ἐστ’</span> <span class='ocrx_word' id='word_1_365' title='bbox 1044 2034 1136 2080; x_wconf 84' lang='grc' dir='ltr'>ἐμὸς,</span> <span class='ocrx_word' id='word_1_366' title='bbox 1180 2047 1259 2080; x_wconf 82' lang='lat'>1245</span> <span class='ocrx_word' id='word_1_367' title='bbox 1406 2035 1467 2079; x_wconf 78' lang='grc' dir='ltr'>ἅτη</span> <span class='ocrx_word' id='word_1_368' title='bbox 1486 2034 1640 2080; x_wconf 88' lang='grc' dir='ltr'>πατέρων</span> <span class='ocrx_word' id='word_1_369' title='bbox 1659 2034 1859 2070; x_wconf 88' lang='grc' dir='ltr'>διέκναισεν.</span> 
     </span>
     <span class='ocr_line' id='line_1_38' title="bbox 306 2085 2053 2136; baseline -0.001 -12"><span class='ocrx_word' id='word_1_370' title='bbox 306 2092 407 2136; x_wconf 83' lang='grc' dir='ltr'>σιγῶ·</span> <span class='ocrx_word' id='word_1_371' title='bbox 436 2089 550 2134; x_wconf 88' lang='grc' dir='ltr'>σοφὸς</span> <span class='ocrx_word' id='word_1_372' title='bbox 569 2087 598 2123; x_wconf 85' lang='grc' dir='ltr'>δ’</span> <span class='ocrx_word' id='word_1_373' title='bbox 621 2087 666 2122; x_wconf 83' lang='grc' dir='ltr'>ὢν</span> <span class='ocrx_word' id='word_1_374' title='bbox 684 2087 744 2122; x_wconf 87' lang='grc' dir='ltr'>οὐκ</span> <span class='ocrx_word' id='word_1_375' title='bbox 763 2087 892 2134; x_wconf 75' lang='grc' dir='ltr'>ἔχρησέ</span> <span class='ocrx_word' id='word_1_376' title='bbox 909 2103 966 2123; x_wconf 93' lang='grc' dir='ltr'>σοι</span> <span class='ocrx_word' id='word_1_377' title='bbox 985 2088 1096 2133; x_wconf 91' lang='grc' dir='ltr'>σοφά.</span> <span class='ocrx_word' id='word_1_378' title='bbox 1280 2106 1283 2120; x_wconf 88' lang='grc' dir='ltr'>ι</span> <span class='ocrx_word' id='word_1_379' title='bbox 1304 2094 1369 2123; x_wconf 90' lang='grc' dir='ltr'>ΟΡ.</span> <span class='ocrx_word' id='word_1_380' title='bbox 1405 2088 1431 2123; x_wconf 78' lang='grc' dir='ltr'><em>ὦ</em></span> <span class='ocrx_word' id='word_1_381' title='bbox 1450 2087 1601 2136; x_wconf 84' lang='grc' dir='ltr'>σύγγονέ</span> <span class='ocrx_word' id='word_1_382' title='bbox 1616 2102 1685 2133; x_wconf 91' lang='grc' dir='ltr'>μοι,</span> <span class='ocrx_word' id='word_1_383' title='bbox 1705 2086 1846 2133; x_wconf 86' lang='grc' dir='ltr'>χρονίαν</span> <span class='ocrx_word' id='word_1_384' title='bbox 1864 2085 1898 2121; x_wconf 85' lang='grc' dir='ltr'>σ’</span> <span class='ocrx_word' id='word_1_385' title='bbox 1919 2085 2053 2130; x_wconf 84' lang='grc' dir='ltr'>ἐσιδὼν,</span> 
     </span>
     <span class='ocr_line' id='line_1_39' title="bbox 306 2139 2050 2189; baseline -0.002 -11"><span class='ocrx_word' id='word_1_386' title='bbox 306 2142 410 2178; x_wconf 87' lang='grc' dir='ltr'>αἶνεῖν</span> <span class='ocrx_word' id='word_1_387' title='bbox 429 2139 459 2177; x_wconf 82' lang='grc' dir='ltr'>δ’</span> <span class='ocrx_word' id='word_1_388' title='bbox 481 2141 608 2189; x_wconf 83' lang='grc' dir='ltr'>ἀνάγκη</span> <span class='ocrx_word' id='word_1_389' title='bbox 626 2143 742 2177; x_wconf 90' lang='grc' dir='ltr'>ταῦτα.</span> <span class='ocrx_word' id='word_1_390' title='bbox 783 2140 962 2176; x_wconf 87' lang='grc' dir='ltr'>τάντεῦθεν</span> <span class='ocrx_word' id='word_1_391' title='bbox 981 2141 1018 2176; x_wconf 81' lang='grc' dir='ltr'>δέ</span> <span class='ocrx_word' id='word_1_392' title='bbox 1036 2141 1103 2187; x_wconf 80' lang='grc' dir='ltr'>χρὴ</span> <span class='ocrx_word' id='word_1_393' title='bbox 1405 2146 1473 2177; x_wconf 85' lang='grc' dir='ltr'>τῶν</span> <span class='ocrx_word' id='word_1_394' title='bbox 1491 2146 1564 2177; x_wconf 85' lang='grc' dir='ltr'>σῶν</span> <span class='ocrx_word' id='word_1_395' title='bbox 1582 2141 1680 2178; x_wconf 84' lang='grc' dir='ltr'>εὐθὺς</span> <span class='ocrx_word' id='word_1_396' title='bbox 1698 2139 1857 2186; x_wconf 79' lang='grc' dir='ltr'>φίλτρων</span> <span class='ocrx_word' id='word_1_397' title='bbox 1875 2140 2050 2186; x_wconf 88' lang='grc' dir='ltr'>στέρομαι,</span> 
     </span>
     <span class='ocr_line' id='line_1_40' title="bbox 305 2192 2362 2243; baseline -0.001 -13"><span class='ocrx_word' id='word_1_398' title='bbox 305 2196 478 2243; x_wconf 90' lang='grc' dir='ltr'>πράσσειν</span> <span class='ocrx_word' id='word_1_399' title='bbox 496 2194 518 2229; x_wconf 80' lang='grc' dir='ltr'>ἃ</span> <span class='ocrx_word' id='word_1_400' title='bbox 530 2196 632 2241; x_wconf 88' lang='grc' dir='ltr'>μοῖρα</span> <span class='ocrx_word' id='word_1_401' title='bbox 650 2193 733 2229; x_wconf 88' lang='grc' dir='ltr'>Ζεύς</span> <span class='ocrx_word' id='word_1_402' title='bbox 750 2192 780 2229; x_wconf 89' lang='grc' dir='ltr'>τ’</span> <span class='ocrx_word' id='word_1_403' title='bbox 800 2195 918 2241; x_wconf 80' lang='grc' dir='ltr'>ἔκρανε</span> <span class='ocrx_word' id='word_1_404' title='bbox 936 2197 1001 2230; x_wconf 91' lang='grc' dir='ltr'>σοῦ</span> <span class='ocrx_word' id='word_1_405' title='bbox 1020 2194 1109 2241; x_wconf 92' lang='grc' dir='ltr'>πέρι.</span> <span class='ocrx_word' id='word_1_406' title='bbox 1407 2195 1461 2230; x_wconf 87' lang='grc' dir='ltr'>καὶ</span> <span class='ocrx_word' id='word_1_407' title='bbox 1479 2192 1515 2230; x_wconf 84' lang='grc' dir='ltr'>σ’</span> <span class='ocrx_word' id='word_1_408' title='bbox 1534 2194 1719 2240; x_wconf 84' lang='grc' dir='ltr'>ἀπολείψω</span> <span class='ocrx_word' id='word_1_409' title='bbox 1739 2195 1804 2228; x_wconf 92' lang='grc' dir='ltr'>σοῦ</span> <span class='ocrx_word' id='word_1_410' title='bbox 1821 2193 2033 2238; x_wconf 86' lang='grc' dir='ltr'>λειπόμενος.</span> <span class='ocrx_word' id='word_1_411' title='bbox 2281 2210 2362 2242; x_wconf 79' lang='lat'>1310</span> 
     </span>
     <span class='ocr_line' id='line_1_41' title="bbox 305 2246 2072 2295; baseline -0.001 -11"><span class='ocrx_word' id='word_1_412' title='bbox 305 2249 448 2293; x_wconf 89' lang='grc' dir='ltr'>Πυλάδῃ</span> <span class='ocrx_word' id='word_1_413' title='bbox 467 2248 528 2293; x_wconf 76' lang='grc' dir='ltr'>μὲν</span> <span class='ocrx_word' id='word_1_414' title='bbox 545 2247 737 2295; x_wconf 86' lang='grc' dir='ltr'>Ἠλέκτραν</span> <span class='ocrx_word' id='word_1_415' title='bbox 755 2248 814 2284; x_wconf 83' lang='grc' dir='ltr'>δὸς</span> <span class='ocrx_word' id='word_1_416' title='bbox 831 2247 962 2293; x_wconf 77' lang='grc' dir='ltr'>ἄλοχον</span> <span class='ocrx_word' id='word_1_417' title='bbox 979 2248 1014 2285; x_wconf 85' lang='grc' dir='ltr'>ἐς</span> <span class='ocrx_word' id='word_1_418' title='bbox 1032 2248 1167 2293; x_wconf 89' lang='grc' dir='ltr'>δόμους,</span> <span class='ocrx_word' id='word_1_419' title='bbox 1302 2254 1360 2284; x_wconf 91' lang='grc' dir='ltr'>ΔΙ.</span> <span class='ocrx_word' id='word_1_420' title='bbox 1406 2250 1510 2285; x_wconf 89' lang='grc' dir='ltr'>πόσις</span> <span class='ocrx_word' id='word_1_421' title='bbox 1529 2248 1601 2283; x_wconf 77' lang='grc' dir='ltr'>ἔστ’</span> <span class='ocrx_word' id='word_1_422' title='bbox 1622 2248 1704 2292; x_wconf 81' lang='grc' dir='ltr'>αὐτῇ</span> <span class='ocrx_word' id='word_1_423' title='bbox 1725 2247 1779 2281; x_wconf 90' lang='grc' dir='ltr'>καὶ</span> <span class='ocrx_word' id='word_1_424' title='bbox 1797 2246 1909 2291; x_wconf 89' lang='grc' dir='ltr'>δόμος·</span> <span class='ocrx_word' id='word_1_425' title='bbox 1938 2247 2003 2292; x_wconf 85' lang='grc' dir='ltr'>οὐχ</span> <span class='ocrx_word' id='word_1_426' title='bbox 2021 2247 2072 2293; x_wconf 71' lang='grc' dir='ltr'>ἧδ’</span> 
     </span>
     <span class='ocr_line' id='line_1_42' title="bbox 307 2297 2030 2349; baseline -0.002 -11"><span class='ocrx_word' id='word_1_427' title='bbox 307 2303 354 2338; x_wconf 83' lang='grc' dir='ltr'>σὺ</span> <span class='ocrx_word' id='word_1_428' title='bbox 372 2302 401 2337; x_wconf 89' lang='grc' dir='ltr'>δ’</span> <span class='ocrx_word' id='word_1_429' title='bbox 411 2300 542 2349; x_wconf 65' lang='grc' dir='ltr'>’Ἄργος</span> <span class='ocrx_word' id='word_1_430' title='bbox 560 2301 683 2337; x_wconf 78' lang='grc' dir='ltr'>ἔκλιπ’·</span> <span class='ocrx_word' id='word_1_431' title='bbox 712 2302 750 2336; x_wconf 91' lang='grc' dir='ltr'>οὐ</span> <span class='ocrx_word' id='word_1_432' title='bbox 767 2302 835 2348; x_wconf 87' lang='grc' dir='ltr'>γὰρ</span> <span class='ocrx_word' id='word_1_433' title='bbox 853 2302 930 2337; x_wconf 76' lang='grc' dir='ltr'>ἔστι</span> <span class='ocrx_word' id='word_1_434' title='bbox 948 2316 1006 2337; x_wconf 88' lang='grc' dir='ltr'>σοι</span> <span class='ocrx_word' id='word_1_435' title='bbox 1023 2302 1127 2336; x_wconf 90' lang='grc' dir='ltr'>πόλιν</span> <span class='ocrx_word' id='word_1_436' title='bbox 1180 2316 1215 2338; x_wconf 78' lang='lat'>12</span> <span class='ocrx_word' id='word_1_437' title='bbox 1221 2315 1261 2348; x_wconf 85' lang='lat'>50</span> <span class='ocrx_word' id='word_1_438' title='bbox 1407 2302 1523 2348; x_wconf 81' lang='grc' dir='ltr'>οἰκτρὰ</span> <span class='ocrx_word' id='word_1_439' title='bbox 1540 2299 1719 2344; x_wconf 88' lang='grc' dir='ltr'>πέπονθεν,</span> <span class='ocrx_word' id='word_1_440' title='bbox 1738 2298 1830 2343; x_wconf 93' lang='grc' dir='ltr'>πλὴν</span> <span class='ocrx_word' id='word_1_441' title='bbox 1849 2297 1901 2333; x_wconf 86' lang='grc' dir='ltr'>ὅτι</span> <span class='ocrx_word' id='word_1_442' title='bbox 1919 2299 2030 2335; x_wconf 90' lang='grc' dir='ltr'>λείπει</span> 
     </span>
     <span class='ocr_line' id='line_1_43' title="bbox 304 2353 1702 2401; baseline -0.001 -11"><span class='ocrx_word' id='word_1_443' title='bbox 304 2353 395 2400; x_wconf 86' lang='grc' dir='ltr'>τήνδ’</span> <span class='ocrx_word' id='word_1_444' title='bbox 416 2353 623 2400; x_wconf 85' lang='grc' dir='ltr'>ἐμβατεύειν,</span> <span class='ocrx_word' id='word_1_445' title='bbox 643 2355 771 2400; x_wconf 89' lang='grc' dir='ltr'>μητέρα</span> <span class='ocrx_word' id='word_1_446' title='bbox 789 2354 962 2390; x_wconf 90' lang='grc' dir='ltr'>κτείναντα</span> <span class='ocrx_word' id='word_1_447' title='bbox 980 2353 1058 2401; x_wconf 88' lang='grc' dir='ltr'>σήν.</span> <span class='ocrx_word' id='word_1_448' title='bbox 1404 2357 1509 2391; x_wconf 88' lang='grc' dir='ltr'>πόλιν</span> <span class='ocrx_word' id='word_1_449' title='bbox 1527 2353 1702 2401; x_wconf 89' lang='grc' dir='ltr'>Ἀργείων.</span> 
     </span>
     <span class='ocr_line' id='line_1_44' title="bbox 306 2405 2023 2454; baseline -0.002 -9"><span class='ocrx_word' id='word_1_450' title='bbox 306 2408 410 2445; x_wconf 85' lang='grc' dir='ltr'>δειναὶ</span> <span class='ocrx_word' id='word_1_451' title='bbox 427 2408 464 2444; x_wconf 83' lang='grc' dir='ltr'>δὲ</span> <span class='ocrx_word' id='word_1_452' title='bbox 483 2408 591 2454; x_wconf 87' lang='grc' dir='ltr'>Κῆρές</span> <span class='ocrx_word' id='word_1_453' title='bbox 610 2407 645 2443; x_wconf 82' lang='grc' dir='ltr'>σ’</span> <span class='ocrx_word' id='word_1_454' title='bbox 663 2409 698 2443; x_wconf 82' lang='grc' dir='ltr'>αἱ</span> <span class='ocrx_word' id='word_1_455' title='bbox 715 2409 899 2445; x_wconf 84' lang='grc' dir='ltr'>κυνώπιδες</span> <span class='ocrx_word' id='word_1_456' title='bbox 917 2408 990 2444; x_wconf 85' lang='grc' dir='ltr'>θεαὶ</span> <span class='ocrx_word' id='word_1_457' title='bbox 1302 2414 1370 2444; x_wconf 89' lang='grc' dir='ltr'>ΟΡ.</span> <span class='ocrx_word' id='word_1_458' title='bbox 1404 2410 1458 2444; x_wconf 87' lang='grc' dir='ltr'>καὶ</span> <span class='ocrx_word' id='word_1_459' title='bbox 1475 2408 1563 2444; x_wconf 88' lang='grc' dir='ltr'>τίνες</span> <span class='ocrx_word' id='word_1_460' title='bbox 1581 2407 1687 2442; x_wconf 75' lang='grc' dir='ltr'>ἄλλαι</span> <span class='ocrx_word' id='word_1_461' title='bbox 1706 2405 1872 2451; x_wconf 83' lang='grc' dir='ltr'>στοναχαὶ</span> <span class='ocrx_word' id='word_1_462' title='bbox 1890 2406 2023 2450; x_wconf 77' lang='grc' dir='ltr'>μείζους</span> 
     </span>
     <span class='ocr_line' id='line_1_45' title="bbox 303 2458 2358 2509; baseline -0.002 -12"><span class='ocrx_word' id='word_1_463' title='bbox 303 2460 603 2509; x_wconf 89' lang='grc' dir='ltr'>τροχηλατήσουσ’</span> <span class='ocrx_word' id='word_1_464' title='bbox 621 2460 749 2507; x_wconf 78' lang='grc' dir='ltr'>ε’μμανῆ</span> <span class='ocrx_word' id='word_1_465' title='bbox 767 2463 998 2506; x_wconf 86' lang='grc' dir='ltr'>πλανώμενον.</span> <span class='ocrx_word' id='word_1_466' title='bbox 1404 2461 1424 2507; x_wconf 88' lang='grc' dir='ltr'>ἢ</span> <span class='ocrx_word' id='word_1_467' title='bbox 1442 2463 1505 2509; x_wconf 84' lang='grc' dir='ltr'>γῆς</span> <span class='ocrx_word' id='word_1_468' title='bbox 1521 2460 1664 2508; x_wconf 88' lang='grc' dir='ltr'>πατρίας</span> <span class='ocrx_word' id='word_1_469' title='bbox 1682 2458 1763 2506; x_wconf 84' lang='grc' dir='ltr'>ὅρον</span> <span class='ocrx_word' id='word_1_470' title='bbox 1779 2458 1973 2500; x_wconf 81' lang='grc' dir='ltr'>ἐκλείπειν,·</span> <span class='ocrx_word' id='word_1_471' title='bbox 2283 2473 2294 2497; x_wconf 86' lang='grc' dir='ltr'>ι</span> <span class='ocrx_word' id='word_1_472' title='bbox 2300 2475 2335 2507; x_wconf 80' lang='lat'>31</span> <span class='ocrx_word' id='word_1_473' title='bbox 2341 2475 2358 2507; x_wconf 85' lang='lat'>5</span> 
     </span>
     <span class='ocr_line' id='line_1_46' title="bbox 306 2512 1973 2563; baseline -0.002 -12"><span class='ocrx_word' id='word_1_474' title='bbox 306 2515 419 2551; x_wconf 87' lang='grc' dir='ltr'>ἐλθὼν</span> <span class='ocrx_word' id='word_1_475' title='bbox 437 2514 466 2549; x_wconf 92' lang='grc' dir='ltr'>δ’</span> <span class='ocrx_word' id='word_1_476' title='bbox 486 2514 643 2560; x_wconf 87' lang='grc' dir='ltr'>Ἀθήνας,</span> <span class='ocrx_word' id='word_1_477' title='bbox 658 2516 844 2552; x_wconf 89' lang='grc' dir='ltr'>Παλλάδος</span> <span class='ocrx_word' id='word_1_478' title='bbox 864 2516 989 2561; x_wconf 89' lang='grc' dir='ltr'>σεμνὸν</span> <span class='ocrx_word' id='word_1_479' title='bbox 1004 2513 1130 2563; x_wconf 87' lang='grc' dir='ltr'>βρέτας</span> <span class='ocrx_word' id='word_1_480' title='bbox 1405 2513 1486 2551; x_wconf 78' lang='grc' dir='ltr'>ἀλλ’</span> <span class='ocrx_word' id='word_1_481' title='bbox 1507 2514 1573 2562; x_wconf 84' lang='grc' dir='ltr'>ἐγὼ</span> <span class='ocrx_word' id='word_1_482' title='bbox 1592 2513 1691 2550; x_wconf 79' lang='grc' dir='ltr'>οἴκων</span> <span class='ocrx_word' id='word_1_483' title='bbox 1709 2512 1817 2557; x_wconf 77' lang='grc' dir='ltr'>ἔξειμι</span> <span class='ocrx_word' id='word_1_484' title='bbox 1834 2514 1973 2559; x_wconf 86' lang='grc' dir='ltr'>πατρὸς,</span> 
     </span>
     <span class='ocr_line' id='line_1_47' title="bbox 303 2563 2048 2616; baseline -0.002 -11"><span class='ocrx_word' id='word_1_485' title='bbox 303 2568 536 2614; x_wconf 84' lang='grc' dir='ltr'>πρόσπτυξον·</span> <span class='ocrx_word' id='word_1_486' title='bbox 565 2566 670 2615; x_wconf 80' lang='grc' dir='ltr'>εἵρξει</span> <span class='ocrx_word' id='word_1_487' title='bbox 687 2570 754 2616; x_wconf 90' lang='grc' dir='ltr'>γάρ</span> <span class='ocrx_word' id='word_1_488' title='bbox 773 2583 823 2604; x_wconf 90' lang='grc' dir='ltr'>νιν</span> <span class='ocrx_word' id='word_1_489' title='bbox 841 2569 1046 2615; x_wconf 86' lang='grc' dir='ltr'>ἐπτοημένας</span> <span class='ocrx_word' id='word_1_490' title='bbox 1179 2581 1214 2604; x_wconf 86' lang='lat'>12</span> <span class='ocrx_word' id='word_1_491' title='bbox 1219 2582 1235 2613; x_wconf 82' lang='lat'>5</span> <span class='ocrx_word' id='word_1_492' title='bbox 1241 2580 1257 2613; x_wconf 89' lang='lat'>5</span> <span class='ocrx_word' id='word_1_493' title='bbox 1406 2569 1460 2604; x_wconf 82' lang='grc' dir='ltr'>καὶ</span> <span class='ocrx_word' id='word_1_494' title='bbox 1479 2567 1531 2604; x_wconf 82' lang='grc' dir='ltr'>ἐπ’</span> <span class='ocrx_word' id='word_1_495' title='bbox 1549 2565 1746 2614; x_wconf 88' lang='grc' dir='ltr'>ἀλλοτρίαις</span> <span class='ocrx_word' id='word_1_496' title='bbox 1763 2563 1922 2613; x_wconf 81' lang='grc' dir='ltr'>ψήφοισι</span> <span class='ocrx_word' id='word_1_497' title='bbox 1939 2566 2048 2612; x_wconf 78' lang='grc' dir='ltr'>φόνον</span> 
     </span>
     <span class='ocr_line' id='line_1_48' title="bbox 305 2615 1677 2669; baseline -0.001 -11"><span class='ocrx_word' id='word_1_498' title='bbox 305 2623 426 2658; x_wconf 82' lang='grc' dir='ltr'>δεινοῖς</span> <span class='ocrx_word' id='word_1_499' title='bbox 445 2622 640 2668; x_wconf 87' lang='grc' dir='ltr'>δράκουσιν,</span> <span class='ocrx_word' id='word_1_500' title='bbox 661 2622 753 2657; x_wconf 85' lang='grc' dir='ltr'>ὥστε</span> <span class='ocrx_word' id='word_1_501' title='bbox 770 2623 815 2667; x_wconf 89' lang='grc' dir='ltr'>μὴ</span> <span class='ocrx_word' id='word_1_502' title='bbox 834 2620 961 2669; x_wconf 83' lang='grc' dir='ltr'>ψαύειν</span> <span class='ocrx_word' id='word_1_503' title='bbox 980 2615 1093 2663; x_wconf 86' lang='grc' dir='ltr'>σέθεν,</span> <span class='ocrx_word' id='word_1_504' title='bbox 1404 2622 1531 2669; x_wconf 81' lang='grc' dir='ltr'>μητρὸς</span> <span class='ocrx_word' id='word_1_505' title='bbox 1546 2621 1677 2667; x_wconf 83' lang='grc' dir='ltr'>ὑφέξω.</span> 
     </span>
     <span class='ocr_line' id='line_1_49' title="bbox 305 2672 2022 2723; baseline -0.002 -13"><span class='ocrx_word' id='word_1_506' title='bbox 305 2673 463 2723; x_wconf 86' lang='grc' dir='ltr'>γοργῶφ’</span> <span class='ocrx_word' id='word_1_507' title='bbox 484 2672 729 2721; x_wconf 83' lang='grc' dir='ltr'>ὑπερτείνουσά</span> <span class='ocrx_word' id='word_1_508' title='bbox 748 2690 813 2710; x_wconf 93' lang='grc' dir='ltr'>σου</span> <span class='ocrx_word' id='word_1_509' title='bbox 838 2676 922 2722; x_wconf 82' lang='grc' dir='ltr'>κάρᾳ</span> <span class='ocrx_word' id='word_1_510' title='bbox 942 2674 1076 2711; x_wconf 81' lang='grc' dir='ltr'>κύκλον.</span> <span class='ocrx_word' id='word_1_511' title='bbox 1301 2680 1357 2710; x_wconf 86' lang='grc' dir='ltr'>ΔΙ.</span> <span class='ocrx_word' id='word_1_512' title='bbox 1674 2674 1806 2721; x_wconf 89' lang='grc' dir='ltr'>θάρσει·</span> <span class='ocrx_word' id='word_1_513' title='bbox 1835 2672 2022 2708; x_wconf 85' lang='grc' dir='ltr'>Παλλάδος</span> 
     </span>
     <span class='ocr_line' id='line_1_50' title="bbox 306 2725 2362 2775; baseline -0.001 -12"><span class='ocrx_word' id='word_1_514' title='bbox 306 2730 402 2764; x_wconf 82' lang='grc' dir='ltr'>ἔστιν</span> <span class='ocrx_word' id='word_1_515' title='bbox 421 2727 449 2762; x_wconf 85' lang='grc' dir='ltr'>δ’</span> <span class='ocrx_word' id='word_1_516' title='bbox 462 2726 595 2772; x_wconf 77' lang='grc' dir='ltr'>’Άρεώς</span> <span class='ocrx_word' id='word_1_517' title='bbox 611 2742 662 2764; x_wconf 94' lang='grc' dir='ltr'>τις</span> <span class='ocrx_word' id='word_1_518' title='bbox 680 2727 797 2774; x_wconf 74' lang='grc' dir='ltr'>ὄχθος,</span> <span class='ocrx_word' id='word_1_519' title='bbox 816 2728 857 2764; x_wconf 78' lang='grc' dir='ltr'>οὗ</span> <span class='ocrx_word' id='word_1_520' title='bbox 873 2732 1009 2775; x_wconf 85' lang='grc' dir='ltr'>πρῶτον</span> <span class='ocrx_word' id='word_1_521' title='bbox 1019 2729 1090 2764; x_wconf 85' lang='grc' dir='ltr'>θεοὶ</span> <span class='ocrx_word' id='word_1_522' title='bbox 1409 2728 1508 2764; x_wconf 87' lang='grc' dir='ltr'>ὁσίαν</span> <span class='ocrx_word' id='word_1_523' title='bbox 1526 2727 1617 2773; x_wconf 80' lang='grc' dir='ltr'>ἥξεις</span> <span class='ocrx_word' id='word_1_524' title='bbox 1634 2729 1747 2763; x_wconf 90' lang='grc' dir='ltr'>πόλιν·</span> <span class='ocrx_word' id='word_1_525' title='bbox 1775 2726 1853 2762; x_wconf 87' lang='grc' dir='ltr'>ἀλλ’</span> <span class='ocrx_word' id='word_1_526' title='bbox 1875 2725 2010 2772; x_wconf 90' lang='grc' dir='ltr'>ἀνέχου.</span> <span class='ocrx_word' id='word_1_527' title='bbox 2279 2741 2362 2773; x_wconf 79' lang='lat'><em>1320</em></span> 
     </span>
     <span class='ocr_line' id='line_1_51' title="bbox 308 2779 2092 2829; baseline 0 -13"><span class='ocrx_word' id='word_1_528' title='bbox 308 2780 411 2825; x_wconf 82' lang='grc' dir='ltr'>ἕζοντ’</span> <span class='ocrx_word' id='word_1_529' title='bbox 432 2781 488 2817; x_wconf 83' lang='grc' dir='ltr'>ἐπὶ</span> <span class='ocrx_word' id='word_1_530' title='bbox 505 2779 684 2828; x_wconf 88' lang='grc' dir='ltr'>ψήφοισιν</span> <span class='ocrx_word' id='word_1_531' title='bbox 702 2780 842 2828; x_wconf 89' lang='grc' dir='ltr'>αἵματος</span> <span class='ocrx_word' id='word_1_532' title='bbox 858 2782 947 2828; x_wconf 88' lang='grc' dir='ltr'>πέρι,</span> <span class='ocrx_word' id='word_1_533' title='bbox 1303 2789 1376 2819; x_wconf 84' lang='grc' dir='ltr'>ΗΛ.</span> <span class='ocrx_word' id='word_1_534' title='bbox 1404 2781 1484 2829; x_wconf 91' lang='grc' dir='ltr'>περί</span> <span class='ocrx_word' id='word_1_535' title='bbox 1501 2796 1558 2828; x_wconf 94' lang='grc' dir='ltr'>μοι</span> <span class='ocrx_word' id='word_1_536' title='bbox 1578 2781 1731 2828; x_wconf 90' lang='grc' dir='ltr'>στέρνοις</span> <span class='ocrx_word' id='word_1_537' title='bbox 1750 2779 1874 2828; x_wconf 89' lang='grc' dir='ltr'>στέρνα</span> <span class='ocrx_word' id='word_1_538' title='bbox 1891 2780 2092 2827; x_wconf 90' lang='grc' dir='ltr'>πρόσαψον,</span> 
     </span>
     <span class='ocr_line' id='line_1_52' title="bbox 305 2833 1733 2883; baseline -0.001 -13"><span class='ocrx_word' id='word_1_539' title='bbox 305 2834 523 2881; x_wconf 77' lang='grc' dir='ltr'>Ἀλιρρόθιον</span> <span class='ocrx_word' id='word_1_540' title='bbox 542 2833 590 2869; x_wconf 85' lang='grc' dir='ltr'>ὅτ’</span> <span class='ocrx_word' id='word_1_541' title='bbox 610 2834 717 2870; x_wconf 78' lang='grc' dir='ltr'>ἔκταν’</span> <span class='ocrx_word' id='word_1_542' title='bbox 737 2835 909 2883; x_wconf 89' lang='grc' dir='ltr'>ὠμόφρων</span> <span class='ocrx_word' id='word_1_543' title='bbox 924 2834 1042 2883; x_wconf 70' lang='lat' dir='ltr'><em>’&#39;qus,</em></span> <span class='ocrx_word' id='word_1_544' title='bbox 1181 2840 1262 2874; x_wconf 81' lang='lat'>1260</span> <span class='ocrx_word' id='word_1_545' title='bbox 1406 2833 1556 2883; x_wconf 84' lang='grc' dir='ltr'>σύγγονε</span> <span class='ocrx_word' id='word_1_546' title='bbox 1574 2833 1733 2880; x_wconf 88' lang='grc' dir='ltr'>φίλτατε·</span> 
     </span>
     <span class='ocr_line' id='line_1_53' title="bbox 307 2886 2014 2936; baseline -0.001 -14"><span class='ocrx_word' id='word_1_547' title='bbox 307 2888 406 2933; x_wconf 86' lang='grc' dir='ltr'>μῆνιν</span> <span class='ocrx_word' id='word_1_548' title='bbox 424 2886 591 2935; x_wconf 87' lang='grc' dir='ltr'>θυγατρὸς</span> <span class='ocrx_word' id='word_1_549' title='bbox 609 2887 756 2924; x_wconf 87' lang='grc' dir='ltr'>ἀνοσίων</span> <span class='ocrx_word' id='word_1_550' title='bbox 774 2889 1033 2934; x_wconf 90' lang='grc' dir='ltr'>νυμφευμάτων,</span> <span class='ocrx_word' id='word_1_551' title='bbox 1406 2889 1461 2923; x_wconf 87' lang='grc' dir='ltr'>διὰ</span> <span class='ocrx_word' id='word_1_552' title='bbox 1478 2889 1545 2936; x_wconf 86' lang='grc' dir='ltr'>γὰρ</span> <span class='ocrx_word' id='word_1_553' title='bbox 1570 2887 1726 2934; x_wconf 84' lang='grc' dir='ltr'>ζευγνῦσ’</span> <span class='ocrx_word' id='word_1_554' title='bbox 1745 2887 1832 2933; x_wconf 81' lang='grc' dir='ltr'>ἡμᾶς</span> <span class='ocrx_word' id='word_1_555' title='bbox 1848 2886 2014 2936; x_wconf 79' lang='grc' dir='ltr'>πατρῴων</span> 
     </span>
     <span class='ocr_line' id='line_1_54' title="bbox 308 2940 2031 2989; baseline -0.001 -13"><span class='ocrx_word' id='word_1_556' title='bbox 308 2941 433 2976; x_wconf 90' lang='grc' dir='ltr'>πόντου</span> <span class='ocrx_word' id='word_1_557' title='bbox 452 2940 607 2987; x_wconf 89' lang='grc' dir='ltr'>κρέοντος</span> <span class='ocrx_word' id='word_1_558' title='bbox 623 2941 728 2983; x_wconf 79' lang='grc' dir='ltr'>παῖδ’,</span> <span class='ocrx_word' id='word_1_559' title='bbox 746 2940 787 2977; x_wconf 86' lang='grc' dir='ltr'>ἵν’</span> <span class='ocrx_word' id='word_1_560' title='bbox 808 2942 1041 2987; x_wconf 77' lang='grc' dir='ltr'>εὐσεβεστάτη</span> <span class='ocrx_word' id='word_1_561' title='bbox 1405 2940 1584 2989; x_wconf 90' lang='grc' dir='ltr'>μελάθρων</span> <span class='ocrx_word' id='word_1_562' title='bbox 1601 2943 1727 2988; x_wconf 91' lang='grc' dir='ltr'>μητρὸς</span> <span class='ocrx_word' id='word_1_563' title='bbox 1745 2943 1860 2987; x_wconf 90' lang='grc' dir='ltr'>φόνιοι</span> <span class='ocrx_word' id='word_1_564' title='bbox 1880 2941 2031 2987; x_wconf 90' lang='grc' dir='ltr'>κατάραι.</span> 
     </span>
     <span class='ocr_line' id='line_1_55' title="bbox 308 2991 2356 3042; baseline 0.002 -14"><span class='ocrx_word' id='word_1_565' title='bbox 308 2994 434 3041; x_wconf 84' lang='grc' dir='ltr'>ψῆφος</span> <span class='ocrx_word' id='word_1_566' title='bbox 451 2993 579 3037; x_wconf 89' lang='grc' dir='ltr'>βεβαία</span> <span class='ocrx_word' id='word_1_567' title='bbox 596 2992 624 3029; x_wconf 84' lang='grc' dir='ltr'>τ’</span> <span class='ocrx_word' id='word_1_568' title='bbox 645 2994 740 3030; x_wconf 82' lang='grc' dir='ltr'>ἐστὶν</span> <span class='ocrx_word' id='word_1_569' title='bbox 757 2996 793 3030; x_wconf 81' lang='grc' dir='ltr'>ἔκ</span> <span class='ocrx_word' id='word_1_570' title='bbox 811 3010 852 3042; x_wconf 91' lang='grc' dir='ltr'>γε</span> <span class='ocrx_word' id='word_1_571' title='bbox 869 2997 930 3030; x_wconf 90' lang='grc' dir='ltr'>τοῦ</span> <span class='ocrx_word' id='word_1_572' title='bbox 949 2994 1050 3032; x_wconf 87' lang='grc' dir='ltr'>θεοῖς.</span> <span class='ocrx_word' id='word_1_573' title='bbox 1303 3001 1370 3031; x_wconf 85' lang='grc' dir='ltr'>ΟΡ.</span> <span class='ocrx_word' id='word_1_574' title='bbox 1402 2996 1503 3037; x_wconf 88' lang='grc' dir='ltr'>βάλε,</span> <span class='ocrx_word' id='word_1_575' title='bbox 1522 2993 1745 3042; x_wconf 81' lang='grc' dir='ltr'>πρόσπτυξον</span> <span class='ocrx_word' id='word_1_576' title='bbox 1764 2997 1873 3039; x_wconf 88' lang='grc' dir='ltr'>σῶμα·</span> <span class='ocrx_word' id='word_1_577' title='bbox 1901 2993 2059 3030; x_wconf 85' lang='grc' dir='ltr'>θανόντος</span> <span class='ocrx_word' id='word_1_578' title='bbox 2076 2991 2107 3029; x_wconf 77' lang='grc' dir='ltr'>δ’</span> <span class='ocrx_word' id='word_1_579' title='bbox 2279 3007 2356 3042; x_wconf 80' lang='lat'>1325</span> 
     </span>
     <span class='ocr_line' id='line_1_56' title="bbox 308 3045 1948 3096; baseline 0 -15"><span class='ocrx_word' id='word_1_580' title='bbox 308 3046 452 3082; x_wconf 83' lang='grc' dir='ltr'>ἐνταῦθα</span> <span class='ocrx_word' id='word_1_581' title='bbox 470 3046 525 3081; x_wconf 84' lang='grc' dir='ltr'>καὶ</span> <span class='ocrx_word' id='word_1_582' title='bbox 543 3046 584 3081; x_wconf 81' lang='grc' dir='ltr'>σὲ</span> <span class='ocrx_word' id='word_1_583' title='bbox 603 3047 655 3082; x_wconf 86' lang='grc' dir='ltr'>δεῖ</span> <span class='ocrx_word' id='word_1_584' title='bbox 667 3048 805 3094; x_wconf 81' lang='grc' dir='ltr'>δραμεῖν</span> <span class='ocrx_word' id='word_1_585' title='bbox 823 3048 932 3094; x_wconf 91' lang='grc' dir='ltr'>φόνου</span> <span class='ocrx_word' id='word_1_586' title='bbox 950 3049 1038 3096; x_wconf 89' lang='grc' dir='ltr'>πέρι.</span> <span class='ocrx_word' id='word_1_587' title='bbox 1408 3049 1453 3083; x_wconf 85' lang='grc' dir='ltr'>ὡς</span> <span class='ocrx_word' id='word_1_588' title='bbox 1471 3047 1527 3084; x_wconf 88' lang='grc' dir='ltr'>ἐπὶ</span> <span class='ocrx_word' id='word_1_589' title='bbox 1545 3047 1664 3096; x_wconf 76' lang='grc' dir='ltr'>τύμβῳ</span> <span class='ocrx_word' id='word_1_590' title='bbox 1683 3045 1948 3093; x_wconf 87' lang='grc' dir='ltr'>καταθρήνησον.</span> 
     </span>
     <span class='ocr_line' id='line_1_57' title="bbox 306 3098 1971 3148; baseline -0.001 -12"><span class='ocrx_word' id='word_1_591' title='bbox 306 3098 382 3136; x_wconf 79' lang='grc' dir='ltr'>ἰ’σαι</span> <span class='ocrx_word' id='word_1_592' title='bbox 401 3099 440 3135; x_wconf 88' lang='grc' dir='ltr'>δέ</span> <span class='ocrx_word' id='word_1_593' title='bbox 457 3099 490 3134; x_wconf 81' lang='lat'>‹5&#39;</span> <span class='ocrx_word' id='word_1_594' title='bbox 511 3099 708 3136; x_wconf 89' lang='grc' dir='ltr'>ἐκσώσουσι</span> <span class='ocrx_word' id='word_1_595' title='bbox 725 3101 770 3146; x_wconf 91' lang='grc' dir='ltr'>μὴ</span> <span class='ocrx_word' id='word_1_596' title='bbox 791 3101 903 3136; x_wconf 80' lang='grc' dir='ltr'>θανεῖν</span> <span class='ocrx_word' id='word_1_597' title='bbox 921 3102 994 3147; x_wconf 87' lang='grc' dir='ltr'>δίκῃ</span> <span class='ocrx_word' id='word_1_598' title='bbox 1182 3105 1260 3147; x_wconf 82' lang='grc' dir='ltr'>ι265</span> <span class='ocrx_word' id='word_1_599' title='bbox 1304 3108 1361 3138; x_wconf 93' lang='grc' dir='ltr'>ΔΙ.</span> <span class='ocrx_word' id='word_1_600' title='bbox 1406 3102 1475 3147; x_wconf 86' lang='grc' dir='ltr'>φεῦ</span> <span class='ocrx_word' id='word_1_601' title='bbox 1493 3102 1572 3148; x_wconf 87' lang='grc' dir='ltr'>φεῦ·</span> <span class='ocrx_word' id='word_1_602' title='bbox 1601 3101 1710 3136; x_wconf 88' lang='grc' dir='ltr'>δεινὸν</span> <span class='ocrx_word' id='word_1_603' title='bbox 1727 3099 1796 3136; x_wconf 86' lang='grc' dir='ltr'>τόδ’</span> <span class='ocrx_word' id='word_1_604' title='bbox 1815 3098 1971 3147; x_wconf 85' lang='grc' dir='ltr'>ἐγηρύσω</span> 
     </span>
     <span class='ocr_line' id='line_1_58' title="bbox 307 3152 1735 3201; baseline 0.002 -14"><span class='ocrx_word' id='word_1_605' title='bbox 307 3153 428 3200; x_wconf 86' lang='grc' dir='ltr'>ψῆφοι</span> <span class='ocrx_word' id='word_1_606' title='bbox 446 3152 609 3188; x_wconf 85' lang='grc' dir='ltr'>τεθεῖσαι·</span> <span class='ocrx_word' id='word_1_607' title='bbox 639 3153 763 3198; x_wconf 81' lang='grc' dir='ltr'>Λοξίας</span> <span class='ocrx_word' id='word_1_608' title='bbox 780 3155 847 3201; x_wconf 87' lang='grc' dir='ltr'>γὰρ</span> <span class='ocrx_word' id='word_1_609' title='bbox 865 3154 974 3189; x_wconf 88' lang='grc' dir='ltr'>αἷτίαν</span> <span class='ocrx_word' id='word_1_610' title='bbox 1407 3155 1461 3189; x_wconf 82' lang='grc' dir='ltr'>καὶ</span> <span class='ocrx_word' id='word_1_611' title='bbox 1479 3154 1591 3190; x_wconf 89' lang='grc' dir='ltr'>θεοῖσι</span> <span class='ocrx_word' id='word_1_612' title='bbox 1610 3153 1735 3190; x_wconf 88' lang='grc' dir='ltr'>κλύειν.</span> 
     </span>
     <span class='ocr_line' id='line_1_59' title="bbox 309 3205 2001 3255; baseline 0.002 -14"><span class='ocrx_word' id='word_1_613' title='bbox 309 3207 357 3243; x_wconf 87' lang='grc' dir='ltr'>εἷς</span> <span class='ocrx_word' id='word_1_614' title='bbox 375 3206 476 3241; x_wconf 84' lang='grc' dir='ltr'>αὑτὸν</span> <span class='ocrx_word' id='word_1_615' title='bbox 494 3205 596 3248; x_wconf 79' lang='grc' dir='ltr'>οἴσει,</span> <span class='ocrx_word' id='word_1_616' title='bbox 614 3207 757 3251; x_wconf 90' lang='grc' dir='ltr'>μητέρος</span> <span class='ocrx_word' id='word_1_617' title='bbox 773 3205 907 3253; x_wconf 83' lang='grc' dir='ltr'>χρήσας</span> <span class='ocrx_word' id='word_1_618' title='bbox 925 3208 1045 3253; x_wconf 87' lang='grc' dir='ltr'>φόνον.</span> <span class='ocrx_word' id='word_1_619' title='bbox 1406 3207 1455 3242; x_wconf 82' lang='grc' dir='ltr'>ἔνι</span> <span class='ocrx_word' id='word_1_620' title='bbox 1471 3209 1537 3255; x_wconf 90' lang='grc' dir='ltr'>γὰρ</span> <span class='ocrx_word' id='word_1_621' title='bbox 1556 3207 1655 3253; x_wconf 85' lang='grc' dir='ltr'>κάμοὶ</span> <span class='ocrx_word' id='word_1_622' title='bbox 1673 3209 1744 3244; x_wconf 90' lang='grc' dir='ltr'>τοῖς</span> <span class='ocrx_word' id='word_1_623' title='bbox 1760 3208 1790 3244; x_wconf 77' lang='grc' dir='ltr'>τ’</span> <span class='ocrx_word' id='word_1_624' title='bbox 1810 3206 2001 3254; x_wconf 79' lang='grc' dir='ltr'>οὐρανίδαις</span> 
     </span>
     <span class='ocr_line' id='line_1_60' title="bbox 309 3256 2358 3308; baseline 0.001 -13"><span class='ocrx_word' id='word_1_625' title='bbox 309 3259 363 3295; x_wconf 82' lang='grc' dir='ltr'>καὶ</span> <span class='ocrx_word' id='word_1_626' title='bbox 379 3261 471 3294; x_wconf 91' lang='grc' dir='ltr'>τοῖσι</span> <span class='ocrx_word' id='word_1_627' title='bbox 488 3260 622 3294; x_wconf 90' lang='grc' dir='ltr'>λοιποῖς</span> <span class='ocrx_word' id='word_1_628' title='bbox 641 3258 697 3294; x_wconf 87' lang='grc' dir='ltr'>ὅδε</span> <span class='ocrx_word' id='word_1_629' title='bbox 718 3261 817 3304; x_wconf 90' lang='grc' dir='ltr'>νόμος</span> <span class='ocrx_word' id='word_1_630' title='bbox 832 3260 1024 3306; x_wconf 87' lang='grc' dir='ltr'>τεθήσεται,</span> <span class='ocrx_word' id='word_1_631' title='bbox 1408 3256 1513 3296; x_wconf 82' lang='grc' dir='ltr'>οἶκτοι</span> <span class='ocrx_word' id='word_1_632' title='bbox 1531 3260 1659 3305; x_wconf 89' lang='grc' dir='ltr'>θνητῶν</span> <span class='ocrx_word' id='word_1_633' title='bbox 1675 3260 1916 3308; x_wconf 88' lang='grc' dir='ltr'>πολυμόχθων.</span> <span class='ocrx_word' id='word_1_634' title='bbox 2276 3271 2358 3306; x_wconf 83' lang='lat'>1330</span> 
     </span>
     <span class='ocr_line' id='line_1_61' title="bbox 309 3309 1739 3361; baseline 0.001 -12"><span class='ocrx_word' id='word_1_635' title='bbox 309 3313 403 3349; x_wconf 82' lang='grc' dir='ltr'>νικᾶν</span> <span class='ocrx_word' id='word_1_636' title='bbox 418 3310 512 3348; x_wconf 76' lang='grc' dir='ltr'>’ίσαις</span> <span class='ocrx_word' id='word_1_637' title='bbox 528 3309 685 3359; x_wconf 89' lang='grc' dir='ltr'>ψήφοισι</span> <span class='ocrx_word' id='word_1_638' title='bbox 702 3314 762 3347; x_wconf 91' lang='grc' dir='ltr'>τὸν</span> <span class='ocrx_word' id='word_1_639' title='bbox 782 3312 943 3360; x_wconf 88' lang='grc' dir='ltr'>φεύγοντ’</span> <span class='ocrx_word' id='word_1_640' title='bbox 963 3314 1025 3351; x_wconf 83' lang='grc' dir='ltr'>ἀεί.</span> <span class='ocrx_word' id='word_1_641' title='bbox 1304 3320 1370 3350; x_wconf 92' lang='grc' dir='ltr'>ΟΡ.</span> <span class='ocrx_word' id='word_1_642' title='bbox 1411 3314 1521 3349; x_wconf 86' lang='grc' dir='ltr'>οὐκέτι</span> <span class='ocrx_word' id='word_1_643' title='bbox 1539 3313 1574 3349; x_wconf 82' lang='grc' dir='ltr'>σ’</span> <span class='ocrx_word' id='word_1_644' title='bbox 1595 3313 1739 3361; x_wconf 80' lang='grc' dir='ltr'>ὄψομαι.</span> 
     </span>
     <span class='ocr_line' id='line_1_62' title="bbox 311 3364 2077 3415; baseline 0 -14"><span class='ocrx_word' id='word_1_645' title='bbox 311 3365 415 3402; x_wconf 83' lang='grc' dir='ltr'>δειναὶ</span> <span class='ocrx_word' id='word_1_646' title='bbox 433 3366 494 3410; x_wconf 83' lang='grc' dir='ltr'>μὲν</span> <span class='ocrx_word' id='word_1_647' title='bbox 512 3364 571 3400; x_wconf 78' lang='grc' dir='ltr'>οὖν</span> <span class='ocrx_word' id='word_1_648' title='bbox 590 3365 662 3400; x_wconf 83' lang='grc' dir='ltr'>θεαὶ</span> <span class='ocrx_word' id='word_1_649' title='bbox 679 3364 759 3413; x_wconf 80' lang='grc' dir='ltr'>τῷδ’</span> <span class='ocrx_word' id='word_1_650' title='bbox 780 3367 855 3410; x_wconf 80' lang='grc' dir='ltr'>ἅχει</span> <span class='ocrx_word' id='word_1_651' title='bbox 874 3368 1108 3415; x_wconf 88' lang='grc' dir='ltr'>πεπληγμέναι</span> <span class='ocrx_word' id='word_1_652' title='bbox 1181 3379 1263 3413; x_wconf 79' lang='lat'>1270</span> <span class='ocrx_word' id='word_1_653' title='bbox 1304 3374 1380 3403; x_wconf 85' lang='lat' dir='ltr'>HA.</span> <span class='ocrx_word' id='word_1_654' title='bbox 1410 3367 1481 3402; x_wconf 83' lang='grc' dir='ltr'>οὐδ’</span> <span class='ocrx_word' id='word_1_655' title='bbox 1501 3366 1568 3414; x_wconf 83' lang='grc' dir='ltr'>ἐγὼ</span> <span class='ocrx_word' id='word_1_656' title='bbox 1588 3367 1622 3404; x_wconf 87' lang='grc' dir='ltr'>ἐς</span> <span class='ocrx_word' id='word_1_657' title='bbox 1641 3368 1705 3403; x_wconf 87' lang='grc' dir='ltr'>σὸν</span> <span class='ocrx_word' id='word_1_658' title='bbox 1722 3367 1905 3414; x_wconf 88' lang='grc' dir='ltr'>βλέφαρον</span> <span class='ocrx_word' id='word_1_659' title='bbox 1921 3367 2077 3402; x_wconf 88' lang='grc' dir='ltr'>πελάσω.</span> 
     </span>
     <span class='ocr_line' id='line_1_63' title="bbox 308 3417 2103 3468; baseline 0.001 -14"><span class='ocrx_word' id='word_1_660' title='bbox 308 3419 420 3466; x_wconf 91' lang='grc' dir='ltr'>πάγον</span> <span class='ocrx_word' id='word_1_661' title='bbox 437 3417 515 3464; x_wconf 79' lang='grc' dir='ltr'>παρ’</span> <span class='ocrx_word' id='word_1_662' title='bbox 533 3418 635 3453; x_wconf 83' lang='grc' dir='ltr'>αὐτὸν</span> <span class='ocrx_word' id='word_1_663' title='bbox 652 3419 772 3464; x_wconf 84' lang='grc' dir='ltr'>χάσμα</span> <span class='ocrx_word' id='word_1_664' title='bbox 790 3417 950 3455; x_wconf 83' lang='grc' dir='ltr'>δύσονται</span> <span class='ocrx_word' id='word_1_665' title='bbox 967 3421 1102 3467; x_wconf 87' lang='grc' dir='ltr'>χθονὸς,</span> <span class='ocrx_word' id='word_1_666' title='bbox 1305 3426 1368 3455; x_wconf 84' lang='grc' dir='ltr'>ΟΡ.</span> <span class='ocrx_word' id='word_1_667' title='bbox 1405 3420 1485 3455; x_wconf 89' lang='grc' dir='ltr'>τάδε</span> <span class='ocrx_word' id='word_1_668' title='bbox 1499 3419 1642 3455; x_wconf 89' lang='grc' dir='ltr'>λοίσθιά</span> <span class='ocrx_word' id='word_1_669' title='bbox 1659 3435 1717 3466; x_wconf 88' lang='grc' dir='ltr'>μοι</span> <span class='ocrx_word' id='word_1_670' title='bbox 1734 3418 2009 3468; x_wconf 88' lang='grc' dir='ltr'>προσφθέγματά</span> <span class='ocrx_word' id='word_1_671' title='bbox 2027 3434 2103 3456; x_wconf 90' lang='grc' dir='ltr'>σου.</span> 
     </span>
     <span class='ocr_line' id='line_1_64' title="bbox 311 3471 1694 3520; baseline 0.002 -13"><span class='ocrx_word' id='word_1_672' title='bbox 311 3473 437 3517; x_wconf 87' lang='grc' dir='ltr'>σεμνὸν</span> <span class='ocrx_word' id='word_1_673' title='bbox 455 3472 636 3518; x_wconf 89' lang='grc' dir='ltr'>βροτοῖσιν</span> <span class='ocrx_word' id='word_1_674' title='bbox 649 3471 794 3514; x_wconf 81' lang='grc' dir='ltr'>εὐσεβὲς</span> <span class='ocrx_word' id='word_1_675' title='bbox 811 3472 1032 3520; x_wconf 85' lang='grc' dir='ltr'>χρηστήριον.</span> <span class='ocrx_word' id='word_1_676' title='bbox 1305 3479 1379 3509; x_wconf 86' lang='grc' dir='ltr'>ΗΛ.</span> <span class='ocrx_word' id='word_1_677' title='bbox 1408 3472 1434 3507; x_wconf 85' lang='grc' dir='ltr'><em>ὦ</em></span> <span class='ocrx_word' id='word_1_678' title='bbox 1454 3474 1566 3519; x_wconf 88' lang='grc' dir='ltr'>χαῖρε,</span> <span class='ocrx_word' id='word_1_679' title='bbox 1582 3475 1694 3518; x_wconf 88' lang='grc' dir='ltr'>πόλις,</span> 
     </span>
     <span class='ocr_line' id='line_1_65' title="bbox 312 3523 2354 3576; baseline 0.002 -17"><span class='ocrx_word' id='word_1_680' title='bbox 312 3525 354 3560; x_wconf 81' lang='grc' dir='ltr'>σὲ</span> <span class='ocrx_word' id='word_1_681' title='bbox 373 3524 401 3559; x_wconf 83' lang='grc' dir='ltr'>δ’</span> <span class='ocrx_word' id='word_1_682' title='bbox 420 3524 595 3571; x_wconf 84' lang='grc' dir='ltr'>Ἀρκάδων</span> <span class='ocrx_word' id='word_1_683' title='bbox 612 3524 679 3572; x_wconf 90' lang='grc' dir='ltr'>χρὴ</span> <span class='ocrx_word' id='word_1_684' title='bbox 697 3526 800 3560; x_wconf 89' lang='grc' dir='ltr'>πόλιν</span> <span class='ocrx_word' id='word_1_685' title='bbox 817 3523 872 3560; x_wconf 82' lang='grc' dir='ltr'>ἐπ’</span> <span class='ocrx_word' id='word_1_686' title='bbox 893 3524 1063 3573; x_wconf 82' lang='grc' dir='ltr'>Ἀλφειοῦ</span> <span class='ocrx_word' id='word_1_687' title='bbox 1082 3528 1177 3576; x_wconf 82' lang='grc' dir='ltr'>ῥοαῖς</span> <span class='ocrx_word' id='word_1_688' title='bbox 1406 3526 1542 3572; x_wconf 86' lang='grc' dir='ltr'>χαίρετε</span> <span class='ocrx_word' id='word_1_689' title='bbox 1560 3525 1591 3562; x_wconf 92' lang='grc' dir='ltr'>δ’</span> <span class='ocrx_word' id='word_1_690' title='bbox 1610 3527 1704 3573; x_wconf 84' lang='grc' dir='ltr'>ὑμεῖς</span> <span class='ocrx_word' id='word_1_691' title='bbox 1721 3527 1849 3569; x_wconf 79' lang='grc' dir='ltr'>πολλὰ,</span> <span class='ocrx_word' id='word_1_692' title='bbox 1867 3526 2050 3562; x_wconf 88' lang='grc' dir='ltr'>πολίτιδες.</span> <span class='ocrx_word' id='word_1_693' title='bbox 2275 3538 2354 3574; x_wconf 79' lang='lat'>1335</span> 
     </span>
    </p>
   </div>
   <div class='ocr_carea' id='block_1_11' title="bbox 309 3577 970 3678">
    <p class='ocr_par' dir='ltr' id='par_1_15' title="bbox 309 3577 970 3678">
     <span class='ocr_line' id='line_1_66' title="bbox 311 3577 970 3623; baseline 0.005 -11"><span class='ocrx_word' id='word_1_694' title='bbox 311 3577 415 3612; x_wconf 80' lang='grc' dir='ltr'>οἰκεῖν</span> <span class='ocrx_word' id='word_1_695' title='bbox 434 3578 579 3614; x_wconf 91' lang='grc' dir='ltr'>Λυκαίου</span> <span class='ocrx_word' id='word_1_696' title='bbox 597 3578 747 3622; x_wconf 88' lang='grc' dir='ltr'>πλησίον</span> <span class='ocrx_word' id='word_1_697' title='bbox 760 3579 970 3623; x_wconf 83' lang='grc' dir='ltr'>σηκώματος·</span> 
     </span>
     <span class='ocr_line' id='line_1_67' title="bbox 309 3629 968 3678; baseline 0.002 -11"><span class='ocrx_word' id='word_1_698' title='bbox 309 3630 482 3678; x_wconf 82' lang='grc' dir='ltr'>ἐπώνυμος</span> <span class='ocrx_word' id='word_1_699' title='bbox 500 3631 537 3669; x_wconf 79' lang='grc' dir='ltr'>δὲ</span> <span class='ocrx_word' id='word_1_700' title='bbox 556 3633 621 3669; x_wconf 89' lang='grc' dir='ltr'>σοῦ</span> <span class='ocrx_word' id='word_1_701' title='bbox 638 3631 740 3668; x_wconf 84' lang='grc' dir='ltr'>πόλις</span> <span class='ocrx_word' id='word_1_702' title='bbox 757 3629 968 3677; x_wconf 82' lang='grc' dir='ltr'>κεκλήσεται.</span> 
     </span>
    </p>
   </div>
   <div class='ocr_carea' id='block_1_12' title="bbox 1304 3577 1926 3626">
    <p class='ocr_par' dir='ltr' id='par_1_16' title="bbox 1304 3577 1926 3626">
     <span class='ocr_line' id='line_1_68' title="bbox 1304 3577 1926 3626; baseline 0.008 -11"><span class='ocrx_word' id='word_1_703' title='bbox 1304 3585 1370 3615; x_wconf 89' lang='grc' dir='ltr'>ΟΡ.</span> <span class='ocrx_word' id='word_1_704' title='bbox 1409 3577 1436 3613; x_wconf 83' lang='grc' dir='ltr'><strong>ὦ</strong></span> <span class='ocrx_word' id='word_1_705' title='bbox 1452 3581 1653 3625; x_wconf 85' lang='grc' dir='ltr'>πιστοτάτη,</span> <span class='ocrx_word' id='word_1_706' title='bbox 1673 3579 1822 3626; x_wconf 81' lang='grc' dir='ltr'>στείχεις</span> <span class='ocrx_word' id='word_1_707' title='bbox 1838 3579 1901 3625; x_wconf 79' lang='grc' dir='ltr'>ἤδη</span> <span class='ocrx_word' id='word_1_708' title='bbox 1915 3594 1926 3620; x_wconf 72' lang='grc' dir='ltr'>ι·</span> 
     </span>
    </p>
   </div>
   <div class='ocr_carea' id='block_1_13' title="bbox 1182 3631 2091 3680">
    <p class='ocr_par' dir='ltr' id='par_1_17' title="bbox 1182 3631 2091 3680">
     <span class='ocr_line' id='line_1_69' title="bbox 1182 3631 2091 3680; baseline -0.001 -9"><span class='ocrx_word' id='word_1_709' title='bbox 1182 3646 1260 3679; x_wconf 81' lang='lat'>1275</span> <span class='ocrx_word' id='word_1_710' title='bbox 1304 3639 1383 3671; x_wconf 82' lang='lat' dir='ltr'>HA.</span> <span class='ocrx_word' id='word_1_711' title='bbox 1411 3631 1552 3679; x_wconf 84' lang='grc' dir='ltr'>στείχω,</span> <span class='ocrx_word' id='word_1_712' title='bbox 1571 3632 1754 3680; x_wconf 87' lang='grc' dir='ltr'>βλέφαρον</span> <span class='ocrx_word' id='word_1_713' title='bbox 1769 3632 1928 3679; x_wconf 71' lang='grc' dir='ltr'>τέγγουσ’</span> <span class='ocrx_word' id='word_1_714' title='bbox 1946 3633 2091 3670; x_wconf 80' lang='grc' dir='ltr'>ἁπαλόν.</span> 
     </span>
    </p>
   </div>
  </div>
 </body>
</html>
