2488 3860
178 252 200 291 δ’)
187 240 190 243 ·

208 253 230 292 C}

235 250 256 291 20

280 356 434 400 Μίμαντα
450 354 531 402 πυρὶ
550 354 754 390 καταιθαλοῖ.

281 409 334 442 καὶ
354 410 494 454 Βρόμιος
512 407 620 443 ἄλλον

280 460 483 505 ἀπολέμοισι
502 459 690 495 κισσίνοισι
707 461 865 506 βάκτροις

281 513 401 555 ἐναίρει
419 515 483 548 Γᾶς
501 514 622 547 τέκνων
640 515 658 548 ὁ
678 511 834 558 Βακχεύς.

276 565 319 600 σέ
336 579 387 599 τοι
406 566 463 600 τὸν
480 566 571 611 παρὰ
589 566 666 600 ναὸν
683 564 782 604 αὐδῶ,

283 618 374 661 θέμις
391 619 525 664 γυάλων
543 617 688 663 ὑπερβῆ-

283 685 334 705 ναι
351 672 459 718 λευκῷ
477 670 556 704 ποδὶ
572 671 704 712 βαλόνς

283 723 321 756 οὐ
340 721 444 766 θέμις,
465 721 490 756 ὦ
509 722 611 765 ξέναι.

278 775 345 809 οὐδ’
367 774 407 808 ἂν
425 776 460 809 ἐκ
478 774 576 809 σέθεν
593 775 634 810 ἂν
651 773 817 820 πυθοίμαν
835 774 958 813 αὐδάν;

283 828 354 862 τίνα
373 828 455 871 δῆτα
473 826 608 868 θέλεις,·

283 879 334 926 ἆρ’
353 879 454 916 ὅντως
471 879 576 924 μέσον
594 880 752 926 ὀμφαλὸν

286 935 347 979 γᾶς
366 929 491 974 Φοίβου
510 932 640 978 κατέχει
659 933 783 976 δόμος,·

287 984 457 1030 στέμμασί
474 983 505 1030 γ’
525 985 670 1025 ἐνδυτὸν,
689 984 778 1030 ἀμφὶ
796 984 831 1019 δὲ
852 984 1023 1029 Γοργόνες.

284 1036 371 1072 οὕτω
390 1041 442 1071 καὶ
461 1037 562 1082 φάτις
579 1037 673 1082 αὐδᾷ.

289 1090 317 1124 εἷ
335 1090 395 1134 μὲν
413 1088 554 1124 ἐθύσατε
572 1090 722 1125 πέλανον
739 1089 805 1135 πρὸ
825 1089 933 1133 δόμων

287 1142 340 1177 καί
358 1156 390 1176 τι
407 1140 574 1176 πυθέσθαι
591 1140 730 1188 χρῄζετε
749 1142 886 1182 Φοίβου,

287 1193 395 1241 πάριτ’
416 1194 448 1229 ἐς
466 1193 627 1238 θυμέλας,
648 1194 701 1228 ἐπὶ
720 1193 748 1228 δ’
769 1194 958 1238 ἀσφάκτοις

287 1246 427 1292 μήλοισι
446 1246 555 1290 δόμων
572 1246 616 1291 μὴ
635 1245 745 1292 πάριτ’
766 1246 799 1281 ἐς
817 1245 936 1290 μυχόν.

288 1301 356 1348 ἔχω
374 1297 540 1343 μαθοῦσα·

289 1352 366 1387 θεοῦ
385 1351 420 1385 δὲ
440 1352 539 1396 νόμον
557 1350 595 1384 οὐ
613 1350 871 1397 παραβαίνομεν·

288 1403 310 1438 ἂ
327 1403 354 1438 δ’
375 1402 478 1443 ἐκτὸς,
499 1402 587 1447 ὅμμα
605 1402 737 1449 τέρψει.

291 1458 401 1492 πάντα
421 1454 549 1498 θεᾶσθ’,
569 1454 588 1489 ὅ
606 1470 637 1489 τι
656 1455 708 1489 καὶ
728 1454 831 1499 θέμις,
850 1453 988 1498 ὄμμασι.

290 1507 449 1553 μεθεῖσαν
468 1508 628 1542 δεσπόται

292 1577 332 1606 με
352 1560 428 1595 θεοῦ
446 1560 555 1605 γύαλα
573 1559 643 1594 τάδ’
664 1559 812 1594 εἰσιδεῖν.

292 1613 397 1658 δμωαὶ
416 1612 452 1646 δέ
471 1612 567 1647 τίνων
588 1610 753 1656 κλῄζεσθε
771 1612 902 1657 δόμων,-

291 1664 472 1700 Παλλάδος
490 1666 598 1699 ἕνοικα

294 1718 445 1764 τρόφιμα
461 1716 616 1763 μέλαθρα
633 1720 698 1751 τῶν
717 1717 802 1761 ἐμῶν
817 1717 994 1762 τυράννων.

295 1767 470 1817 παρούσας
489 1770 516 1804 δ’
537 1769 626 1815 ἀμφὶ
644 1768 741 1804 τᾶσδ’
763 1770 895 1816 ἐρωτᾷς.

300 1823 489 1869 γενναιότης
508 1836 575 1863 σοι,
592 1822 645 1856 καὶ
663 1824 795 1867 τρόπων
812 1821 986 1867 τεκμήριον

293 1876 331 1910 τὸ
351 1873 455 1920 σχῆμ’
475 1876 563 1920 ἔχεις
581 1873 661 1915 τόδ’,
683 1873 754 1918 ἥτις
773 1871 904 1917 εἴπατ’,
924 1873 950 1908 ὦ
967 1873 1075 1921 γύναι.

293 1928 386 1973 γνοίη
406 1926 435 1961 δ’
455 1927 494 1962 ἂν
513 1928 556 1964 ὡς
574 1927 613 1961 τὰ
632 1927 747 1962 πολλά
764 1926 797 1973 γ’
817 1926 992 1971 ἀνθρώπου
1010 1927 1087 1973 πέρι

294 1980 332 2014 τὸ
353 1976 457 2026 σχῆμ’
479 1980 556 2015 ἰδών
574 1994 623 2016 τις
642 1979 670 2013 εἰ
688 1980 838 2025 πέφυκεν
856 1979 999 2026 εὐγενής.

296 2033 342 2067 ἔα.
449 2037 469 2062 ,j

295 2084 374 2119 ἀλλ’
395 2084 579 2128 ἐξέπληξάς
597 2083 628 2128 μ’
649 2083 738 2129 ὄμμα
756 2082 985 2130 συγκλῄσασα
1003 2085 1066 2119 σὸν

298 2136 450 2184 δακρύοις
469 2136 498 2171 θ’
520 2136 678 2185 ὑγράνασ’
698 2137 813 2182 εὐγενῆ
831 2135 987 2182 παρηίδα,

299 2190 343 2225 ὦς
362 2186 446 2225 εἶδες
464 2190 548 2236 ἁγνὰ
566 2186 688 2232 Λοξίου
706 2187 906 2235 χρηστήρια.

301 2242 335 2276 τί
352 2256 433 2277 ποτε
450 2242 607 2289 μερίμνης
626 2243 659 2278 ές
676 2239 744 2276 τόδ’
761 2239 874 2284 ἦλθες,
895 2240 921 2275 ὦ
938 2239 1055 2286 γύναι,-

299 2293 337 2328 οῦ
354 2295 473 2330 πάντες
492 2295 592 2329 ἄλλοι
610 2293 720 2340 γύαλα
736 2292 944 2329 λεύσσοντες
963 2293 1041 2328 θεοῦ

299 2347 487 2392 χαίρουσιν,
508 2346 635 2381 ἐνταῦθ’
656 2346 745 2391 ὄμμα
763 2347 826 2380 σὸν
845 2346 1050 2392 δακρυρροεῖ.

301 2398 326 2432 ὦ
345 2398 428 2442 ξένε,
449 2400 487 2434 τὸ
506 2399 566 2444 μὲν
584 2399 647 2434 σὸν
665 2399 723 2433 οὐκ
741 2396 943 2433 ἀπαιδεύτως
962 2399 1032 2443 ἔχει

302 2452 335 2487 ἔς
354 2450 491 2495 θαύματ’
513 2451 623 2486 ε’λθεῖν
642 2449 790 2497 δακρύων
807 2451 894 2494 ε’μῶν
910 2451 997 2496 πέρι·

303 2504 368 2549 ἐγὼ
387 2502 416 2537 δ’
438 2503 557 2538 ἰδοῦσα
574 2503 689 2538 τούσδ’
710 2503 928 2539 Ἀπόλλωνος
945 2503 1066 2547 δόμους

301 2554 429 2601 μνήμην
446 2557 592 2590 παλαιὰν
609 2556 884 2600 ἀνεμετρησάμην
901 2556 983 2589 τινά·

304 2606 388 2642 οἴκοι
407 2608 442 2642 δέ
461 2610 519 2643 τὸν
538 2611 615 2643 νοῦν
634 2609 754 2653 ἔχομεν
773 2605 881 2642 ἐνθάδ’
901 2606 989 2642 οῦσά
1006 2622 1079 2655 περ.

305 2659 330 2693 ὦ
348 2658 509 2704 τλήμονες
526 2662 686 2706 γυναῖκες·
714 2659 740 2694 ὦ
758 2658 953 2704 τολμήματα

306 2712 399 2746 θεῶν.
436 2712 470 2746 τί
487 2713 592 2757 δῆτα,·
620 2714 679 2748 ποῖ
697 2712 789 2756 δίκην
806 2711 996 2757 ἀνοίσομεν,

307 2764 336 2798 εἶ
354 2768 419 2799 τῶν
437 2763 641 2810 κρατούντων
659 2764 798 2800 ἀδικίαις
816 2763 1005 2809 ὀλούμεθα;

307 2817 341 2851 τί
357 2818 469 2863 χρῆμα
487 2817 515 2851 δ’
535 2815 731 2864 ἀνερεύνητα
749 2816 923 2861 δυσθυμεῖ,
942 2815 1060 2863 γύναι,·

310 2869 406 2903 οὐδὲν
422 2868 548 2913 μεθῆκα
565 2869 657 2912 τόξα·
685 2868 765 2904 τάπὶ
782 2869 867 2916 τῷδε
885 2869 921 2903 δὲ

311 2921 376 2966 ἐγώ
394 2935 430 2955 τε
449 2925 536 2967 σιγῶ
555 2923 607 2956 καὶ
626 2921 671 2955 σὺ
688 2921 732 2965 μὴ
752 2919 904 2966 φρόντιζ’
924 2922 984 2956 ἔτι.

311 2973 362 3008 τίς
381 2971 411 3007 δ’
432 2970 484 3013 εἷ;
511 2973 614 3009 πόθεν
630 2974 692 3019 γῆς
709 2972 810 3017 ἦλθες
821 2988 832 3012 ,·
860 2973 896 3007 ἐκ
914 2974 1012 3009 ποίον
1028 2975 1154 3020 πατρὸς

311 3026 485 3071 πέφυκας,·
514 3025 616 3069 ὄνομα
633 3025 665 3059 τί
682 3040 726 3059 σε
744 3026 856 3060 καλεῖν
872 3024 959 3071 ἡμᾶς
975 3028 1085 3072 χρεών
1095 3042 1106 3067 ‚·

315 3076 470 3124 Κρέουσα
486 3078 546 3122 μέν
563 3091 620 3123 μοι
637 3075 783 3122 τοῦνομ’,
803 3077 839 3119 ἐκ
856 3077 885 3113 δ’
905 3078 1092 3125 Ἐρεχθέως

313 3129 460 3174 πέφυκα,
480 3130 598 3176 πατρὶς
615 3131 657 3176 γῆ
677 3130 706 3164 δ’
727 3128 909 3173 Ἀθηναίων
926 3133 1035 3167 πόλις.

314 3181 340 3216 ὦ
359 3182 488 3216 κλεινὸν
506 3181 632 3216 οἷκοῦσ’
652 3182 749 3222 ἄστυ,
768 3183 927 3229 γενναίων
943 3182 972 3218 τ’
991 3183 1057 3219 ἄπο

315 3234 485 3280 τραφεῖσα
501 3233 663 3280 πατέρων,
683 3234 728 3270 ὥς
746 3248 787 3268 σε
805 3234 970 3280 θαυμάζω,
990 3234 1094 3281 γύναι.

314 3288 463 3321 τοσαῦτα
481 3287 713 3331 κεύτυχοῦμεν,
733 3286 759 3320 ὦ
777 3284 858 3330 ξέν’,
877 3288 916 3322 οὐ
934 3287 1030 3333 πέρα.

315 3340 399 3385 πρὸς
417 3338 501 3373 θεῶν
518 3337 660 3382 ἀληθῶς,
680 3339 725 3374 ὡς
740 3336 940 3383 μεμύθευται
955 3340 1103 3384 βροτοῖς,

321 3391 355 3425 τί
371 3389 472 3437 χρῆμ’
494 3391 627 3436 ἐρωτᾷς,
647 3389 672 3424 ὦ
691 3389 768 3433 ξέν’,
788 3390 940 3435 ἐκμαθεῖν
960 3390 1063 3426 θέλω.

217 3447 274 3476 ΙΩ.
321 3444 356 3478 ἐκ
373 3444 434 3489 γῆς
450 3443 576 3488 πατρός
595 3457 658 3477 σου
675 3443 839 3489 πρόγονος
856 3443 1025 3484 ἔβλαστεν
1041 3443 1172 3491 πατήρ,-

219 3496 286 3528 ΚΡ.
321 3492 531 3540 Ἐριχθόνιός
546 3509 597 3541 γε·
624 3493 662 3529 τὸ
682 3494 718 3529 δὲ
735 3493 830 3541 γένος
849 3492 883 3539 μ’
903 3495 962 3529 οὐκ
981 3496 1122 3541 ὠφελεῖ.

221 3549 279 3581 ΙΩ.
323 3543 343 3589 ἦ
362 3546 416 3581 καί
432 3544 498 3594 σφ’
517 3545 641 3582 Ἀθάνα
658 3546 760 3594 γῆθεν
778 3546 986 3590 ἐξανείλετο,-

180 571 247 601 XO.

181 728 236 757 ΙΩ.

182 780 249 810 ΧΟ.

182 833 241 862 ΙΩ.

183 885 253 915 ΧΟ.

185 990 240 1020 ΙΩ.

184 1044 254 1072 XO.

186 1097 242 1126 ΙΩ.

186 1305 258 1336 XO.

190 1463 245 1492 112.

189 1515 256 1545 XO.

191 1620 246 1649 ΙΩ.

191 1673 261 1702 XO.

196 1831 252 1861 m.

200 2404 226 2434 Κ
232 2405 262 2434 P.

206 2820 261 2850 ΙΩ.

206 2872 271 2902 ΚΡ.

208 2975 265 3006 ῙΩ.

211 3080 277 3110 ΚΡ.

212 3183 268 3215 ΙΩ.

214 3288 278 3320 ΚΡ.

215 3341 270 3371 m.

216 3394 282 3424 ΚΡ.

1159 357 1244 438 215ἰ

1145 562 1215 596 ιὶντ.

1159 628 1220 650 220

1162 889 1220 912 222

1164 1047 1221 1078 2²5

1169 1307 1229 1338 230

1170 1412 1227 1443 231

1171 1518 1231 1549 233

1168 1571 1230 1602 233

1171 1676 1231 1709 235

1173 1773 1234 1813 236

1173 1991 1234 2023 240

1177 2306 1235 2338 245

1181 2569 1242 2600 250

1186 2829 1243 2862 255

1189 3083 1249 3115 262

1193 3343 1251 3384 265

1265 357 1327 385 KP.

1263 409 1321 439 ῙΩ.

1060 244 1386 290 ΕΥΡΙΠΙΔΟΥ

1366 352 1399 387 ἐς
1417 349 1598 397 παρθένους
1616 363 1655 397 γε
1672 344 1858 397 χεῖρας,”οὔ
1875 350 2020 386 τεκοῦσά
2038 362 2095 386 νιν.

1368 403 1487 438 δίδωσι
1505 402 1549 445 δ’,
1569 403 1684 449 ὥσπερ
1704 403 1738 437 ἐν
1754 404 1870 450 γραφῇ
1889 404 2075 449 νομίζεταις

1265 462 1330 491 ΚΡ.
1371 455 1540 501 Κέκροπός
1557 469 1597 502 γε
1616 456 1736 498 σώζειν
1752 456 1871 491 παισὶν
1889 456 1953 502 οὐχ
1971 458 2147 500 ὁρώμενον.

1263 515 1320 544 ΙΩ.
1366 510 1506 552 ἤκουσα,
1525 509 1630 542 λῦσαι
1647 507 1829 555 παρθένους
1846 510 1964 555 τεῦχος
1981 507 2069 544 θεᾶς.

1265 567 1331 595 KP.
1369 561 1487 626 τριγὰρ
1506 559 1668 595 θανοῦσαι
1687 562 1856 597 σκόπελον
1873 559 2003 606 ᾕμαξαν
2019 559 2155 606 πέτρας.

1263 618 1320 646 m.
1369 628 1444 648 ειεν·

1266 722 1330 751 ΚΡ.

1266 775 1320 804 ΙΩ.

1268 828 1334 858 ΚΡ.

1269 879 1324 910 ΙΩ.

1269 935 1332 963 ΚΡ.

1270 989 1324 1017 m.

1271 1041 1335 1070 KP.

1272 1094 1327 1122 ΙΩ.

1272 1147 1336 1175 ΚΡ.

1272 1199 1328 1228 ΙΩ.

1274 1252 1338 1280 ΚΡ.

1274 1304 1330 1332 ΙΩ.

1277 1357 1340 1386 ΚΡ.

1276 1409 1332 1439 ΙΩ.

1278 1462 1342 1490 ΚΡ.

1278 1514 1324 1543 ΞΩ

1278 1618 1336 1647 ΙΩ.

1279 1671 1342 1700 ΚΡ.

1278 1723 1340 1752 m.

1280 1776 1346 1805 ΚΡ.

1279 1828 1336 1857 ΙΩ.

1281 1881 1345 1910 ΚΡ.

1280 1933 1336 1962 m.

1279 1986 1343 2015 ΚΡ.

1279 2038 1336 2069 ΙΩ.

1281 2091 1345 2120 ΚΡ.

1282 2143 1337 2173 ΙΩ.

1285 2197 1346 2225 ΚΡ.

1284 2249 1339 2278 ΙΩ.

1285 2302 1350 2331 ΚΡ.

1286 2354 1340 2383 ΙΩ.

1280 1566 1343 1595 ΚΡ.

1366 665 1400 700 τί
1418 666 1471 700 δαὶ
1488 665 1579 706 τόδ’,·
1607 663 1658 713 ἆρ’
1676 666 1798 710 ἀληθὲς
1815 666 1835 712 ἢ
1853 666 1958 712 μάτην
1974 667 2100 713 λόγος’·

1367 719 1401 753 τί
1416 715 1519 765 χρῆμ’
1541 719 1664 766 ἐρωτᾷς
1675 733 1686 759 ,-
1714 720 1767 754 καὶ
1784 719 1850 767 γὰρ
1867 719 1906 754 οὐ
1925 720 2035 764 κάμνω
2053 718 2166 763 σχολῇ

1365 771 1474 816 πατὴρ
1492 769 1670 817 Ἐρεχθεὺς
1689 771 1753 807 σὰς
1770 771 1871 807 ἔθυσε
1890 772 2100 818 συγγόνους,·

1373 824 1453 868 ἔτλη
1471 825 1537 870 πρὸ
1554 824 1652 870 γαίας
1670 824 1805 871 σφάγια
1821 823 2005 867 παρθένους
2019 823 2158 858 κτανεῖν.

1371 876 1416 910 σὺ
1435 876 1463 911 δ’
1484 875 1652 920 ἐξεσώθης
1669 880 1740 912 πῶς
1757 875 1964 923 κασιγνήτων
1981 878 2087 921 μόνη,·

1369 929 1501 974 βρέφος
1519 930 1654 974 νεογνὸν
1670 930 1794 975 μητρὸς
1811 927 1850 973 ἦν
1868 930 1903 963 ἐν
1920 930 2093 976 ἀγκάλαις.

1371 982 1498 1028 πατέρα
1516 981 1546 1016 δ’
1565 981 1697 1025 ἀληθῶς
1713 982 1832 1027 χάσμα
1850 981 1914 1016 σὸν
1931 980 2066 1028 κρύπτει
2083 978 2222 1026 χθονόςς

1373 1034 1501 1079 πληγαὶ
1519 1033 1667 1079 τριαίνης
1683 1034 1819 1069 ποντίου
1838 1031 1904 1079 σφ’
1924 1034 2116 1069 ἀπώλεσαν.

1375 1088 1509 1132 Μακραὶ
1527 1086 1563 1121 δὲ
1580 1086 1691 1132 χῶρός
1708 1086 1779 1120 ἐστ’
1799 1086 1867 1121 ἐκεῖ
1883 1085 2082 1131 κεκλημένος
2092 1099 2103 1124 ,-

1374 1137 1408 1172 τί
1426 1138 1455 1173 δ’
1477 1139 1623 1185 ἱστορεῖς
1640 1136 1710 1173 τόδ’
1724 1153 1735 1178 ,·
1763 1139 1807 1174 ὥς
1824 1137 1859 1184 μ’
1877 1138 2062 1183 ἀνέμνησάς
2080 1148 2179 1172 τινος.

1374 1193 1452 1237 τιμᾷ
1472 1192 1545 1237 σφε
1563 1190 1689 1227 Πύθιος
1707 1190 1877 1238 ἀστραπαί
1893 1205 1930 1226 τε
1948 1189 2094 1230 Πύθιαι,·

1377 1247 1456 1289 τιμᾷ
1474 1243 1507 1291 γ’
1528 1242 1628 1288 ἄτιμ’·
1657 1244 1701 1279 ὡς
1718 1242 1838 1288 μήποτ’
1861 1242 1998 1290 ὤφελόν
2015 1241 2082 1288 σφ’
2103 1242 2195 1278 ἰδεῖν.

1376 1296 1410 1331 τί
1428 1297 1467 1331 δέ
1476 1311 1486 1336 ;
1515 1298 1650 1342 στυγεῖς
1668 1296 1713 1331 σὺ
1730 1299 1790 1331 τοῦ
1809 1295 1887 1331 θεοῦ
1904 1297 1946 1331 τὰ
1963 1295 2135 1342 φίλτατα,-

1378 1349 1483 1384 οὐδέν·
1512 1347 1635 1392 ξύνοιδ’
1655 1348 1826 1395 ἄντροισιν
1843 1347 2006 1394 αἰσχύνην
2022 1348 2105 1383 τινά.

1374 1402 1476 1438 πόσις
1494 1401 1530 1435 δὲ
1548 1402 1598 1436 τίς
1617 1399 1652 1436 σ’
1672 1401 1765 1447 ἔγημ’
1786 1400 1980 1446 Ἀθηναίων,
1999 1399 2119 1447 γύναι,-

1379 1455 1438 1488 οὐκ
1457 1454 1572 1496 ἀστὸς,
1592 1452 1671 1488 ἀλλ’
1693 1454 1832 1490 ἐπακτὸς
1850 1453 1888 1497 ἐξ
1905 1455 2015 1498 ἄλλης
2032 1451 2164 1498 χθονός.

1377 1506 1450 1547 τίς,·
1479 1507 1595 1553 εὐγενῆ
1615 1520 1664 1541 νιν
1682 1507 1734 1541 δεῖ
1749 1507 1933 1552 πεφυκέναι
1950 1506 2035 1540 τινά.

1382 1559 1519 1601 Ξοῦθος,
1538 1559 1697 1605 πεφυκὼς
1714 1559 1839 1594 Αἰόλου
1858 1559 1937 1595 Διός
1953 1556 1984 1593 τ’
2004 1559 2082 1593 ἄπο.

1379 1613 1432 1646 καὶ
1450 1616 1521 1648 πῶς
1539 1612 1633 1656 ξένος
1651 1610 1684 1646 σ’
1704 1610 1749 1646 ὢν
1767 1612 1870 1657 ἔσχεν
1887 1610 1992 1646 οὖσαν
2011 1611 2151 1657 ἐγγενῆ,·

1381 1663 1500 1707 Εὔβοι’
1522 1663 1675 1709 Ἀθήναις
1693 1664 1768 1699 ἔστι
1785 1678 1836 1699 τις
1852 1664 1971 1711 γείτων
1986 1663 2097 1699 πόλις·

1382 1717 1473 1764 ὅροις
1491 1718 1657 1764 ὑγροῖσιν,
1678 1717 1721 1752 ὡς
1737 1716 1889 1763 λέγουσ’,
1909 1716 2088 1763 ὡρισμένη.

1379 1769 1500 1814 ταύτην
1519 1772 1643 1816 ἔπερσε
1663 1770 1880 1816 Κεκροπίδαις
1898 1771 1996 1816 κοινῷ
2014 1768 2097 1815 δορί.

1380 1822 1553 1869 ἐπίκουρος
1571 1822 1692 1865 ἐλθὼν,
1714 1818 1797 1869 κᾷτα
1815 1824 1879 1857 σὸν
1894 1822 1996 1868 γαμεῖ
2011 1820 2136 1866 λέχοςς

1384 1876 1511 1922 φερνάς
1528 1890 1568 1921 γε
1585 1875 1736 1920 πολέμου
1755 1875 1809 1910 καὶ
1826 1874 1924 1921 δορὸς
1939 1874 2058 1916 λαβὼν
2074 1873 2184 1920 γέρας.

1384 1927 1448 1962 σὺν
1465 1927 1560 1974 ἀνδρὶ
1578 1926 1607 1962 δ’
1627 1921 1716 1972 ἥκεις
1733 1926 1753 1972 ἢ
1771 1928 1854 1972 μόνη
1871 1924 2083 1973 χρηστήριαι·

1381 1980 1446 2015 σὺν
1463 1979 1567 2026 ἀνδρί.
1606 1980 1728 2025 σηκοὺς
1746 1978 1777 2015 δ’
1798 1979 1977 2026 ἐνστρέφει
1994 1977 2200 2025 Τροφωνίου.

1382 2035 1507 2079 πότερα
1525 2032 1652 2077 θεατὴς,
1672 2032 1691 2077 ἢ
1710 2034 1809 2079 χάριν
1825 2032 2079 2077 μαντευμάτωνς

1383 2085 1490 2120 κείνου
1508 2100 1544 2119 τε
1563 2086 1690 2126 Φοίβου
1710 2085 1740 2120 θ’
1761 2083 1795 2119 ἓν
1814 2084 1927 2119 θέλων
1943 2083 2060 2129 μαθεῖν
2078 2084 2165 2119 ἔπος.

1384 2140 1511 2184 καρποῦ
1530 2136 1557 2172 δ’
1577 2135 1660 2184 ὕπερ
1678 2138 1740 2184 γῆς
1757 2135 1858 2181 ἥκετ’,
1877 2135 1897 2181 ἢ
1915 2136 2043 2171 παίδων
2058 2135 2158 2182 πέρι,·

1384 2190 1520 2226 ἄπαιδές
1538 2190 1651 2234 ἐσμεν,
1671 2186 1778 2236 χρόνι’
1799 2188 1908 2234 ἔχοντ’
1928 2187 2102 2234 εὐνήματα.

1383 2243 1453 2278 οὐδ’
1473 2244 1582 2278 ἔτεκες
1600 2243 1696 2277 οὐδὲν
1712 2241 1852 2282 πώποτ’,
1871 2241 1952 2275 ἀλλ’
1972 2241 2105 2276 ἄτεκνος
2122 2237 2173 2280 εἷς

1384 2298 1403 2330 ὁ
1422 2298 1545 2338 Φοῖβος
1563 2292 1633 2330 οἶδε
1650 2294 1709 2339 τὴν
1727 2294 1807 2340 ἐμὴν
1824 2294 1988 2330 ἀπαιδίαν.

1383 2348 1408 2383 ὦ
1426 2350 1563 2393 τλῆμον,
1584 2348 1628 2383 ὦς
1645 2347 1742 2382 τᾶλλ’
1762 2345 1937 2392 εὐτυχοῦσ’
1957 2346 2016 2381 οὒκ
2034 2345 2193 2390 εὐτυχεῖς.

1287 2407 1351 2436 ΚΡ.
1383 2402 1429 2436 σὺ
1447 2401 1476 2436 δ’
1497 2398 1530 2436 εἷ
1543 2400 1618 2440 τίς,·
1647 2401 1690 2436 ὥς
1709 2414 1773 2435 σου
1790 2400 1850 2445 τὴν
1867 2401 2030 2433 τεκοῦσαν
2048 2397 2196 2440 ὤλβισα.

1285 2459 1342 2488 ΙΩ.
1380 2456 1439 2488 τοῦ
1459 2454 1536 2488 θεοῦ
1555 2454 1718 2498 καλοῦμαι
1737 2453 1858 2488 δοῦλος
1876 2451 1943 2497 εἶμί
1961 2450 2002 2494 τ’,
2022 2450 2048 2484 ὦ
2064 2449 2170 2496 γύναι.

1290 2511 1349 2540 KP.
1383 2506 1534 2551 ἀνάθημα
1551 2506 1692 2546 πόλεως,
1712 2506 1734 2550 ἤ
1750 2519 1838 2541 τινος
1854 2504 1993 2551 πραθεὶς
2010 2501 2098 2544 ῧπο,·

1285 2564 1343 2594 ΙΩ.
1385 2559 1445 2593 οὐκ
1463 2555 1547 2602 οἶδα,
1565 2557 1656 2602 πλὴν
1674 2556 1718 2599 ἓν,
1739 2557 1862 2601 Λοξίου
1880 2555 2076 2601 κεκλήμεθα.

1287 2617 1350 2646 ΚΡ.
1388 2610 1480 2656 ἡμεῖς
1499 2610 1533 2645 σ’
1553 2608 1605 2656 ἄρ’
1626 2609 1729 2654 αὖθις,
1749 2609 1776 2645 ὦ
1793 2608 1872 2653 ξέν’,
1892 2605 2165 2655 ἆντοικτείρομεν.

1287 2668 1342 2698 ΙΩ.

1288 2721 1350 2751 ΚΡ.

1289 2774 1347 2803 ΙΩ.

1291 2826 1354 2856 ΚΡ.

1290 2879 1348 2909 ΙΩ.

1292 2932 1356 2961 ΚΡ.

1291 2984 1349 3013 ΙΩ.

1292 3037 1356 3066 ΚΡ.

1291 3089 1347 3119 ῙΩ.

1294 3142 1357 3171 ΚΡ.

1294 3194 1349 3224 10.

1296 3247 1358 3275 ΚΡ.

1295 3299 1352 3328 ΙΩ.

1299 3351 1360 3380 ΚΡ.

1298 3403 1343 3433 ΙΩ

1299 3455 1364 3485 ΚΡ.

1385 2664 1429 2699 ὣς
1446 2663 1490 2709 μὴ
1510 2660 1612 2698 εἰδόθ’
1634 2664 1705 2708 ἥτις
1720 2660 1755 2707 μ’
1776 2663 1885 2697 ἔτεκεν
1903 2661 1941 2704 ἐξ
1959 2661 2037 2696 ὅτου
2054 2660 2082 2695 τ’
2102 2661 2197 2706 ἔφυν.

1390 2719 1500 2751 ναοῖσι
1518 2716 1544 2750 δ’
1565 2715 1664 2752 οἰκεῖς
1681 2713 1815 2756 τοισίδ’,
1835 2713 1855 2759 ἢ
1874 2715 1955 2749 κατὰ
1977 2713 2120 2761 στέγαςς

1389 2769 1476 2804 ἅπαν
1495 2768 1572 2802 θεοῦ
1590 2783 1647 2813 μοι
1666 2767 1759 2812 δῶμ’,
1778 2765 1819 2802 ἵν’
1839 2766 1880 2801 ἂν
1896 2767 1988 2811 λάβῃ
2006 2765 2039 2811 μ’
2058 2764 2168 2801 ὕπνος.

1385 2823 1463 2857 παῖς
1482 2821 1509 2855 δ’
1530 2821 1575 2855 ὢν
1593 2821 1717 2866 ἀφίκου
1736 2820 1824 2859 ναὸν,
1844 2818 1864 2863 ἢ
1883 2819 2031 2858 νεανίας,·

1390 2874 1522 2920 βρέφος
1539 2873 1702 2919 λέγουσιν
1719 2873 1751 2906 οἳ
1770 2872 1942 2907 δοκοῦντες
1960 2871 2089 2905 εἰδέναι.

1394 2926 1446 2961 καὶ
1464 2927 1514 2961 τίς
1530 2926 1674 2972 γάλακτί
1692 2923 1725 2959 σ’
1745 2923 1912 2970 ἐξέθρεψε
1931 2922 2131 2968 Δελφίδων;

1398 2977 1566 3013 οὐπώποτ’
1587 2978 1693 3024 ἔγνων
1711 2977 1849 3021 μαστόν·
1878 2974 1897 3019 ἣ
1917 2974 1947 3010 δ’
1967 2974 2098 3021 ἔθρεψέ
2113 2987 2155 3018 με

1393 3085 1520 3124 Φοίβου
1537 3083 1718 3129 προφῆτις,
1737 3077 1850 3127 μητέρ’
1872 3080 1915 3115 ὣς
1936 3079 2120 3124 νομίζομεν.

1396 3136 1429 3171 ἐς
1447 3134 1475 3170 δ’
1495 3133 1586 3182 ἄνδρ’
1607 3135 1734 3182 ἀφίκου
1751 3134 1823 3168 τίνα
1840 3132 1970 3178 τροφὴν
1987 3130 2200 3176 κεκτημένοςς

1395 3188 1506 3232 βωμοί
1522 3186 1557 3233 μ’
1578 3189 1729 3234 ἔφερβον
1747 3186 1870 3220 οὑπιών
1887 3182 1917 3218 τ’
1937 3183 1988 3218 ἀεὶ
2007 3183 2113 3227 ξένος.

1395 3239 1521 3275 τάλαιν’
1541 3239 1591 3286 ἄρ’
1611 3239 1630 3284 ἡ
1649 3239 1794 3275 τεκοῦσά
1813 3237 1860 3277 α’,
1880 3236 1951 3280 ἥτις
1967 3235 2007 3280 ἦν
2022 3248 2114 3271 ποτε.

1394 3292 1535 3336 ἀδίκημά
1552 3306 1611 3326 του
1629 3291 1783 3338 γυναικὸς
1802 3290 1960 3335 ἐγενόμην
1976 3286 2071 3324 ἴσως.

1398 3345 1487 3390 ἔχεις
1504 3344 1540 3378 δὲ
1558 3344 1697 3385 βίοτον,·
1725 3342 1762 3377 εὖ
1779 3342 1844 3389 γὰρ
1862 3342 2009 3385 ἤσκησαι
2025 3339 2177 3376 πέπλοις.

1397 3398 1466 3431 τοῖς
1483 3398 1542 3430 τοῦ
1561 3395 1638 3430 θεοῦ
1658 3391 1873 3440 κοσμούμεθ’,
1893 3389 1920 3439 ᾧ
1937 3390 2139 3436 δουλεύομεν

1398 3447 1467 3483 οὐδ’
1486 3444 1569 3492 ᾖξας
1587 3448 1634 3484 εἷς
1651 3449 1784 3494 ἔρευναν
1803 3445 1947 3491 ἐξευρεῖν
1962 3445 2063 3491 γονάς
2072 3458 2084 3485 ,·

1300 3507 1359 3536 ΙΩ.
1400 3501 1467 3545 ἔχω
1485 3500 1550 3546 γὰρ
1569 3500 1676 3540 οὐδὲν,
1696 3498 1722 3533 ὦ
1739 3497 1846 3546 γύναι,
1864 3494 2048 3544 τεκμήριον.

1301 3559 1365 3590 ΚΡ.
1403 3553 1483 3600 φεῦ.

1391 3031 1452 3074 τίς,
1472 3029 1498 3064 ὦ
1515 3027 1725 3076 ταλαίπωρ’,·
1753 3029 1796 3063 ὣς
1814 3027 1951 3063 νοσοῦσ’
1971 3026 2071 3073 ηὗρον
2088 3028 2217 3062 νόσους.

2240 356 2300 390 2¹50

2245 671 2304 707 ²75

2248 929 2310 961 280

2251 1191 2310 1232 285

2256 1463 2317 1496 270

2258 1726 2317 1759 295

2258 1989 2321 2021 300

2261 2250 2322 2283 30⁵

2261 2514 2325 2546 3¹0

2265 2775 2325 2808 ³15

2267 3039 2328 3070 320

2269 3298 2328 3334 3²5
