2488 3860
717 776 1282 829 ΕΥΡΙΠΙΔΟΥ
1356 779 1682 830 ΕΛΕΝΗ.

582 1143 747 1177 ΕΛΕΝΗ.

252 1192 375 1228 Νείλου
392 1191 453 1237 μὲν
470 1189 541 1227 αἵδε
558 1193 813 1239 καλλιπάρθενοι
830 1193 918 1240 ῥοαὶ,

250 1244 287 1282 ὃς
304 1245 377 1281 ἀντὶ
394 1245 466 1281 δίας
480 1245 634 1291 ψακάδος
651 1245 821 1292 Αἰγύπτου
837 1248 940 1283 πέδον

248 1299 367 1344 λευκῆς
383 1298 537 1342 τακείσης
552 1299 666 1344 χιόνος
682 1299 829 1346 ὑγραίνει
844 1299 939 1346 γύας.

247 1351 403 1398 Πρωτεὺς
421 1350 463 1391 δ’,
482 1350 529 1385 ὅτ’
547 1352 616 1396 ἔζη,
635 1352 740 1396 τῆσδε
756 1353 817 1398 γῆς
833 1351 991 1400 τύραννος
1006 1351 1058 1397 ἦν,

249 1405 360 1452 Φάρον
375 1404 437 1449 μὲν
454 1403 551 1439 οἶκῶν
568 1405 682 1449 νῆσον,
701 1404 871 1451 Αἰγύπτου
888 1406 918 1441 δ’
937 1407 1032 1452 ἅναξ,

247 1456 285 1494 ὃς
302 1461 368 1493 τῶν
385 1455 453 1492 κατ’
473 1454 571 1502 οἶδμα
587 1456 759 1504 παρθένων
774 1458 854 1503 μίαν
867 1461 979 1506 γαμεῖ,

246 1511 418 1556 Ψαμάθην,
437 1510 548 1555 ἐπειδὴ
565 1506 675 1557 λέκτρ’
693 1510 821 1556 ἀφῆκεν
833 1512 967 1549 Αἰακοῦ.

248 1563 350 1598 τίκτει
368 1563 404 1598 δὲ
423 1561 519 1598 τέκνα
536 1564 643 1598 δισσὰ
659 1564 774 1599 τοῖσδε
791 1564 936 1610 δώμασι,

250 1614 478 1661 θεοκλύμενον
493 1615 620 1662 ἄρσεν’,
640 1615 692 1651 ὅτι
709 1616 750 1661 δὴ
768 1616 864 1654 θεοὺς
881 1619 996 1660 σέβων

247 1669 325 1711 βίον
342 1668 495 1715 διήνεγκ’,
514 1669 628 1716 εὐγενῆ
646 1683 683 1705 τε
699 1670 864 1716 παρθένον

247 1722 349 1763 Εἷδὼ,
369 1723 410 1757 τὸ
427 1724 551 1768 μητρὸς
568 1721 743 1769 ἇγλάῖσμ’.
762 1722 810 1758 ὅτ’
828 1721 869 1767 ἦν
884 1724 1028 1772 βρέφος,

249 1775 320 1810 ἐπεὶ
338 1774 366 1810 δ’
387 1775 421 1811 ές
436 1775 522 1819 ἥβην
538 1773 640 1819 ἦλθεν
657 1775 780 1822 ὦραίαν
795 1777 922 1823 γάμων,

248 1830 410 1863 καλοῦσιν
426 1827 527 1872 αὐτὴν
545 1829 700 1873 θεονόην·
726 1829 768 1864 τὰ
785 1828 858 1864 θεῖα
873 1831 952 1877 γὰρ,

248 1882 290 1916 τά
306 1880 334 1916 τ’
353 1879 432 1916 ὅντα
450 1882 502 1916 καὶ
519 1879 686 1926 μέλλοντα
701 1881 797 1917 πάντ’
814 1880 992 1927 ἠπίστατο,

229 1968 238 1969 7
249 1935 417 1981 προγόνου
434 1935 591 1976 λαβοῦσα
608 1934 744 1981 Νηρέως
760 1936 857 1981 τιμὰς
872 1937 975 1981 πάρα.

251 1987 328 2032 ἡμῖν
344 1987 382 2022 δὲ
398 1988 442 2034 γῆ
459 1987 520 2033 μὲν
535 1988 656 2035 πατρὶς
673 1988 733 2023 οὐκ
749 1988 918 2034 ἀνώνυμος

251 2041 395 2087 Σπάρτη,
412 2040 521 2087 πατὴρ
538 2041 576 2075 δὲ
592 2041 794 2087 Τυνδάρεως·
820 2042 915 2078 ἔστιν
931 2042 969 2077 δὲ
987 2042 1028 2087 δὴ

249 2094 354 2140 λόγος
370 2107 420 2129 τις
436 2093 480 2130 ὡς
498 2093 578 2130 Ζεὺς
593 2093 705 2140 μητέρ’
724 2094 836 2131 ἔπτατ’
855 2095 902 2132 εἶς
917 2094 998 2141 ε’μὴν

252 2145 373 2191 Λήδαν,
392 2145 509 2182 κύκνου
526 2145 724 2194 μορφώματ’
743 2147 874 2193 ὄρνιθος
890 2149 1018 2191 λαβὸν,

253 2197 290 2236 ὃς
307 2199 423 2234 δόλιον
441 2199 536 2245 εὐνὴν
553 2199 705 2247 ἐξέπραξ’
724 2200 780 2236 ὑπ’
798 2201 910 2236 αἰετοῦ

252 2252 382 2299 δίωγμα
398 2251 544 2300 φεύγων,
563 2253 593 2288 εἶ
610 2254 724 2299 σαφὴς
742 2252 839 2291 οὗτος
855 2256 969 2302 λόγος.

252 2303 370 2350 Ἑλένη
388 2304 417 2341 δ’
437 2305 587 2350 ἐκλήθην·
616 2306 639 2342 ἃ
655 2307 693 2342 δὲ
709 2307 920 2353 πεπόνθαμεν
936 2308 1018 2344 κακὰ

252 2357 381 2405 λέγοιμ’
400 2358 452 2393 ἄν.
479 2357 583 2403 ἦλθον
599 2361 687 2407 τρεῖς
705 2359 776 2394 θεαὶ
795 2361 940 2397 κάλλους
955 2360 1033 2407 πέρι

253 2410 374 2446 Ἰδαῖον
392 2412 424 2448 ἐς
442 2411 598 2457 κευθμῶν’
615 2412 838 2459 Ἀλέξανδρον
854 2415 955 2462 πάρα,

249 2463 342 2508 Ἦρα
359 2463 486 2511 Κύπρις
502 2480 539 2500 τε
556 2464 706 2512 διογενής
721 2481 758 2501 τε
774 2465 951 2513 παρθένος.

255 2518 388 2564 μορφῆς
405 2517 571 2554 θέλουσαι
588 2518 848 2565 διαπεράνασθαι
864 2520 988 2567 κρίσιν.

255 2570 378 2615 τούμὸν
395 2571 431 2606 δὲ
449 2571 584 2612 κάλλος,
603 2570 632 2606 εἶ
650 2572 752 2607 καλὸν
768 2572 807 2607 τὸ
825 2572 1004 2636 δυστυχες,ἶ

255 2621 383 2670 Κύπρις
399 2623 589 2670 προτείνασ’
609 2624 653 2660 ὡς
669 2624 889 2671 Ἀλέξανδρος
904 2628 1014 2672 γαμεῖ,

257 2678 340 2721 νικᾷ·
367 2677 475 2712 λιπὼν
492 2677 529 2711 δὲ
546 2676 732 2721 βούσταθμ’
750 2676 871 2715 Ἰδαῖος
888 2680 995 2724 Πάρις

257 2729 410 2775 Σπάρτην
426 2729 568 2775 ἀφίκεθ’,
588 2731 632 2766 ὡς
650 2729 729 2775 ε’μὸν
744 2729 887 2776 σχήσων
902 2731 1016 2778 λέχος.

251 2780 345 2828 Ἦρα
362 2782 399 2817 δὲ
415 2781 598 2828 μεμφθεῖσ’
616 2780 719 2817 οὕνεκ’
738 2783 778 2817 οὔ
795 2784 868 2828 νικᾷ
885 2784 973 2826 θεὰς,

246 2834 447 2880 ’ἐξηνέμωσε
462 2834 537 2880 τᾶμ’
555 2834 766 2883 Ἀλεξάνδρῳ
782 2836 881 2881 λέχη,

259 2939 398 2975 εἴδωλον
416 2940 560 2983 ἔμπνουν
576 2944 717 2987 ουρανοῦ
734 2940 880 2987 ξυνθεῖσ’
899 2942 978 2982 ἄπο,

258 2994 412 3040 Πριάμου
429 2994 575 3041 τυράννῳ
591 2993 696 3028 παιδί·
725 2994 778 3029 καὶ
795 2993 886 3029 δοκεῖ
901 2994 935 3039 μ’
953 2994 1053 3042 ἔχειν,

260 3046 354 3091 κενὴν
370 3047 519 3090 δόκησιν,
538 3046 598 3081 οὔκ
614 3047 712 3092 ἔχων.
739 3046 781 3081 τὰ
798 3044 830 3082 δ’
849 3045 892 3081 αὖ
909 3046 990 3084 Aah·

260 3098 461 3145 βουλεύματ’
479 3099 569 3134 ἄλλα
584 3099 699 3134 τοῖσδε
717 3098 894 3143 συμβαίνει
911 3102 1032 3138 κακοῖς·

259 3153 407 3198 πόλεμον
422 3153 488 3199 γὰρ
506 3150 695 3198 εἰσήνεγκεν
709 3150 882 3196 Ἑλλήνων
897 3152 995 3198 χθονὶ

261 3204 315 3239 καὶ
332 3204 437 3251 Φρυξὶ
454 3203 680 3249 δυστήνοισιν,
699 3204 744 3240 ὦς
761 3203 868 3250 ὄχλον
883 3206 1017 3251 βροτὸν

259 3255 408 3302 πλήθους
424 3272 462 3293 τε
479 3257 653 3304 κουφίσειε
671 3256 796 3304 μητέρα
811 3257 930 3303 χθόνα,

259 3311 387 3357 γνωτόν
403 3325 440 3346 τε
458 3310 528 3355 θείη
543 3311 602 3345 τὸν
619 3310 798 3357 κράτιστον
813 3309 990 3348 Ἑλλάδος.

261 3366 400 3410 Φρυγῶν
417 3362 446 3398 δ’
466 3363 500 3400 ές
517 3362 621 3408 ἀλκὴν
636 3362 834 3409 προυτέθην,
852 3363 920 3410 έγῶ
935 3363 997 3409 μὲν
1013 3364 1064 3407 οὗ,

261 3416 302 3451 τὸ
320 3416 351 3451 δ’
367 3415 472 3460 ὄνομα
488 3416 622 3462 τοῦμὸν.
640 3414 747 3452 ἆθλον
757 3414 928 3460 Ἕλλησιν
945 3415 1056 3463 δορός.

260 3469 377 3510 λαβὼν
393 3468 432 3503 δέ
448 3467 482 3514 μ’
499 3467 624 3515 *Ερμῆς
641 3468 678 3504 ἐν
692 3469 876 3514 πτυχαῖσιν
891 3467 1023 3516 αἰθέρος

262 3521 390 3566 νεφέλῃ
407 3519 575 3567 καλύψας,
594 3520 634 3556 οὗ
649 3521 716 3567 γὰρ
731 3518 882 3565 ἦμέλησε
897 3534 963 3565 μου

264 3572 356 3615 Ζεὺς,
373 3572 463 3610 τόνδ’
481 3573 517 3611 ἐς
533 3570 624 3611 οἶκον
640 3574 804 3619 Πρωτέως
821 3571 994 3622 ἱδρύσατο,

1162 1419 1180 1451 5

1144 1687 1183 1709 ιο

1146 1947 1181 1980 Ι5

1146 2215 1185 2238 20

1229 2256 1296 2288 TE.

1148 2478 1185 2511 25

1148 2745 1190 2775 30

1235 2788 1302 2818 EA.

1234 2894 1300 2923 ΤΕ.

1150 3009 1189 3042 35

1236 3051 1304 3081 ΕΛ.

1235 3104 1302 3135 ΤΕ.

1237 3158 1306 3188 ΕΛ.

1151 3271 1194 3303 4ο
1237 3262 1303 3292 ΤΕ.

1239 3367 1307 3396 ΕΛ.

1239 3419 1306 3448 ΤΕ.

1240 3472 1310 3501 ΕΛ.

1153 3533 1195 3565 45
1239 3524 1307 3554 ΤΕ.
1340 3521 1499 3565 Τελαμὼν
1515 3522 1536 3556 ὁ
1553 3520 1681 3567 φύσας.
1707 3518 1768 3557 τίν’
1786 3522 1827 3557 ἃν
1845 3523 1937 3568 ἔχοις
1943 3524 2080 3567 μᾶλλον
2096 3521 2224 3568 φίλονι·

1329 1137 1463 1173 πάντων
1478 1138 1656 1185 προκρίνας
1672 1137 1957 1185 σωφρονέστατον
1971 1140 2115 1187 βροτῶν,

1330 1190 1482 1237 ἀκέραιον
1499 1192 1544 1228 ὡς
1561 1193 1710 1238 σώσαιμι
1729 1190 1884 1240 Μενέλεῳ
1900 1193 2012 1239 λέχος.

1330 1243 1419 1290 κάγὼ
1436 1246 1498 1289 μὲν
1515 1243 1623 1280 ενθάδ’
1642 1243 1717 1290 εἴμ’,
1735 1246 1755 1279 ὁ
1773 1242 1803 1280 δ’
1818 1245 1935 1281 ἅθλιος
1950 1247 2052 1284 πόσις

1330 1297 1508 1343 στράτευμ’
1527 1297 1690 1343 ἀθροίσας
1705 1298 1765 1335 τὰς
1782 1298 1862 1343 ε’μὰς
1878 1298 2068 1346 ἀναρπαγὰς

1330 1349 1426 1396 θηρᾷ,
1445 1350 1619 1396 πορευθεὶς
1633 1350 1738 1386 Ἰλίου
1754 1353 1969 1398 πυργώματα.

1328 1403 1442 1448 ψυχαὶ
1461 1404 1498 1438 δὲ
1514 1404 1642 1439 πολλοὶ
1659 1403 1702 1439 δι’
1721 1403 1771 1449 ἔμ’
1790 1405 1845 1440 ἐπὶ
1863 1404 2098 1451 Σκαμανδρίοις

1327 1454 1460 1501 ῥοαῖσιν
1478 1456 1606 1491 ἔθανον·
1634 1456 1654 1501 ἡ
1672 1457 1710 1491 δὲ
1726 1457 1834 1493 πάντα
1850 1455 1952 1493 τλᾶσ’
1972 1457 2038 1504 ἐγὼ

1329 1509 1511 1555 κατάρατός
1528 1509 1606 1555 εἶμι,
1626 1509 1679 1544 καὶ
1695 1510 1781 1545 δοκῶ
1798 1508 1963 1556 προδοῦσ’
1983 1511 2064 1555 ε’μὸν

1328 1563 1432 1596 πόσιν
1450 1562 1603 1608 συνάψαι
1619 1563 1768 1608 πόλεμον
1778 1561 1947 1608 Ἕλλησιν
1963 1563 2078 1610 μέγαν.

1328 1614 1362 1649 τί
1379 1612 1451 1659 δῆτ’
1470 1615 1520 1650 ἔτι
1538 1616 1582 1658 (ὦ
1593 1628 1606 1655 ,·
1631 1614 1710 1650 θεοῦ
1726 1613 1798 1651 τόδ’
1818 1614 1990 1661 εἶσήκουσ’
2009 1617 2090 1652 ἔπος

1327 1665 1465 1713 Ἑρμοῦ,
1483 1669 1523 1703 τὸ
1541 1668 1670 1703 κλεινόν
1686 1665 1722 1714 μ’
1741 1669 1791 1704 ἔτι
1808 1668 2015 1715 κατοικήσειν
2030 1669 2133 1705 πέδον

1330 1722 1482 1766 Σπάρτης
1498 1721 1563 1757 σὺν
1579 1720 1687 1768 ἀνδρὶ,
1704 1724 1843 1768 γνόντος
1860 1722 1904 1759 ὧς
1922 1723 1956 1759 ἐς
1978 1723 2086 1758 Ἴλιον

1330 1773 1389 1808 οὐκ
1407 1772 1522 1818 ἦλθον,
1542 1773 1595 1810 ἵνα
1611 1774 1656 1820 μὴ
1673 1774 1785 1822 λέκτρ’
1802 1775 2016 1823 ὑποστρώσω
2031 1775 2108 1812 τινί.

1331 1825 1392 1863 ἕως
1408 1827 1469 1872 μὲν
1486 1826 1545 1863 οὖν
1560 1828 1636 1874 φῶς
1651 1827 1750 1872 ἡλίου
1766 1828 1836 1864 τόδ’
1855 1830 1980 1872 ἕβλεπε

1330 1881 1497 1926 Πρωτεὺς,
1515 1880 1644 1918 ἄσυλος
1660 1879 1701 1926 ἦν
1716 1882 1842 1929 γάμων·
1871 1882 1943 1918 ε’πεὶ
1960 1881 1998 1917 δὲ
2013 1883 2076 1928 γῆς

1332 1934 1443 1981 σκότῳ
1459 1933 1646 1981 κέκρυπται,
1663 1938 1741 1972 παῖς
1758 1936 1778 1970 ὁ
1794 1937 1856 1970 τοῦ
1872 1935 2066 1981 τεθνηκότος

1334 1985 1418 2032 θηρᾷ
1434 1989 1552 2034 γαμεῖν
1568 2002 1622 2032 με.
1648 1989 1708 2024 τὸν
1725 1989 1830 2024 πάλαι
1847 1988 1877 2024 δ’
1897 1989 1977 2034 ε’μὸν
1992 1989 2097 2024 πόσιν

1331 2043 1474 2084 τιμῶσα,
1491 2039 1655 2088 Πρωτέως
1671 2043 1782 2087 μνῆμα
1797 2042 1993 2088 προσπίτνω
2011 2042 2089 2077 τόδε

1334 2091 1442 2132 ἱκέτις,
1461 2091 1501 2129 ’ἶν’
1520 2094 1616 2140 ἀνδρὶ
1632 2092 1721 2140 τάμὰ
1738 2095 1892 2140 διασώσῃ
1909 2094 2006 2142 λέχη,

1332 2145 1388 2185 ὡς,
1407 2146 1436 2180 εἶ
1453 2145 1524 2182 καθ’
1542 2145 1681 2182 Ἑλλάδ’
1701 2146 1806 2193 ὄνομα
1822 2148 1984 2185 δυσκλεὲς
2000 2146 2108 2195 φέρω,

1331 2197 1377 2244 μή
1394 2213 1452 2245 μοι
1468 2201 1508 2235 τὸ
1527 2199 1625 2245 σῶμά
1642 2197 1677 2246 γ’
1697 2199 1805 2236 ἐνθάδ’
1824 2200 1987 2247 αἰσχύνην
2003 2201 2110 2247 ὄφλῃ.

1330 2252 1381 2288 τίς
1397 2251 1496 2288 τῶνδ’
1515 2253 1663 2300 ἐρυμνῶν
1680 2253 1840 2298 δωμάτων
1856 2255 1928 2301 ἔχει
1944 2255 2085 2301 κράτοςς

1331 2304 1489 2342 Πλούτου
1506 2306 1572 2353 γὰρ
1589 2302 1679 2343 οἶκος
1694 2307 1787 2353 ἄξιος
1803 2308 2038 2354 προσεικάσαι,

1333 2359 1493 2399 βασίλειά
1507 2357 1539 2394 τ’
1557 2358 1790 2406 ἀμφιβλήματ’
1809 2361 1978 2408 εὔθριγκοί
1994 2359 2025 2396 θ’
2043 2359 2147 2406 ἕδραι.

1335 2463 1362 2499 ὦ
1376 2437 1461 2505 θεοὶ,
1480 2463 1539 2500 τίν’
1559 2461 1648 2500 εἶδον
1665 2464 1749 2512 ὄψιν
1759 2479 1771 2505 3
1798 2465 1958 2513 ἐχθίστην
1976 2467 2044 2513 ὁρῶ

1334 2518 1489 2564 γυναικὸς
1507 2517 1583 2553 εῖκὸ
1600 2518 1732 2564 φόνιον,
1748 2517 1772 2563 ἥ
1787 2519 1820 2564 μ’
1839 2519 1996 2555 ἀπώλεσε

1335 2571 1460 2607 πάντας
1476 2569 1504 2605 τ’
1521 2569 1689 2617 Ἀχαιούς.
1717 2571 1789 2606 θεοί
1806 2569 1854 2613 σ’,
1873 2572 1958 2608 ὅσον
1974 2571 2090 2618 μίμημ’
2108 2573 2197 2620 ἔχεις

1335 2622 1482 2669 Ἑλένης,
1499 2623 1740 2661 ἀποπτύσαιεν.
1768 2625 1798 2660 εἷ
1814 2625 1852 2660 δὲ
1869 2623 1915 2671 μὴ
1931 2622 1962 2661 ’ν
1979 2624 2058 2670 ξένῃ

1337 2676 1416 2722 γαίᾳ
1432 2674 1506 2711 πόδ’
1525 2673 1629 2722 εἶχον,
1647 2677 1726 2725 τῷδ’
1743 2676 1784 2712 ἂν
1800 2678 1955 2726 εὐστόχῳ
1971 2681 2083 2727 πτερῷ

1337 2729 1527 2764 ἀπόλαυσιν
1544 2730 1652 2766 εἷκοῦς
1669 2729 1782 2767 ἔθανες
1795 2730 1836 2767 ἂν
1852 2733 1932 2771 Διὸς
1948 2732 2058 2779 κόρης.

1335 2782 1369 2817 τί
1385 2783 1425 2819 δ’,
1445 2781 1470 2816 ὦ
1487 2783 1681 2829 ταλαίπωρ’,
1700 2781 1796 2820 ὅστις
1813 2783 1859 2820 ὧν
1875 2789 1908 2830 μ’
1927 2783 2160 2832 ἀπεστράφης

1337 2835 1390 2869 καὶ
1407 2836 1478 2870 ταῖς
1496 2835 1619 2879 ἐκείνης
1636 2836 1864 2883 συμφοράς’
1846 2838 1904 2883 εμὲ
1922 2839 2078 2885 στυγεῖς·

1338 2888 1494 2934 ἥμαρτον·
1522 2887 1605 2934 ὀργῇ
1623 2885 1652 2923 δ
1670 2885 1744 2932 εἶξα
1760 2890 1893 2934 μᾶλλον
1907 2891 1932 2935 ἤ
1946 2895 1980 2934 μ
1998 2891 2112 2937 ἐχρῆν·

1336 2941 1431 2986 μισεῖ
1445 2940 1511 2986 γὰρ
1527 2940 1653 2978 Ἑλλὰς
1668 2943 1765 2977 πᾶσα
1780 2942 1840 2988 τὴν
1856 2943 1937 2979 Διὸς
1953 2945 2066 2991 κόρην.

1339 2992 1510 3040 σύγγνωθι
1528 2993 1557 3028 δ’
1575 2993 1671 3057 ἡμῖνι
1667 2996 1739 3032 τοῖς
1755 2995 1981 3043 λελεγμένοις,
1999 2996 2110 3044 γύναι.

1337 3046 1387 3082 τίς
1405 3043 1433 3080 δ’
1452 3043 1492 3086 εἷ,
1510 3046 1614 3082 πόθεν
1629 3048 1691 3094 γῆς
1707 3045 1804 3111 τῆσδ’
1822 3048 2038 3096 ἐπεστράφης
2054 3048 2179 3088 πέδον·

1339 3096 1385 3134 εἷς
1396 3101 1467 3133 τῶν
1483 3097 1638 3145 Ἀχαιῶν,
1657 3099 1684 3134 ὦ
1700 3099 1808 3147 γύναι,
1827 3104 1894 3136 τόν
1910 3101 2048 3138 ἀθλίων.

1338 3153 1378 3185 οὔ
1395 3151 1479 3197 τᾶρα
1496 3156 1530 3186 α’
1547 3150 1686 3197 Ἑλένην
1703 3154 1732 3188 εἶ
1750 3156 1885 3200 στυγεῖς
1903 3153 2124 3200 θαυμαστέον.

1339 3203 1422 3250 ἀτὰρ
1438 3204 1490 3240 τίς
1507 3201 1548 3244 εἷ,
1566 3205 1682 3246 πόθεν,
1700 3206 1789 3243 τίνος
1806 3205 1840 3241 σ’
1856 3207 1960 3242 αὐδᾶν
1976 3208 2085 3255 χρεών
2094 3222 2107 3248 3

1341 3256 1444 3302 ὄνομα
1461 3257 1522 3302 μὲν
1538 3256 1615 3303 ἡμῖν
1630 3260 1785 3305 Τεῦκρος,
1805 3261 1824 3293 ὁ
1841 3259 1879 3294 δὲ
1897 3258 2013 3306 φύσας
2030 3259 2138 3306 πατὴρ

1339 3310 1510 3354 Τελαμὼν,
1528 3312 1675 3357 Σαλαμὶς
1692 3312 1730 3347 δὲ
1746 3312 1866 3358 πατρὶς
1882 3311 1902 3356 ἡ
1921 3312 2084 3359 θρέψασά
2099 3327 2154 3358 με.

1338 3362 1371 3396 τί
1388 3362 1471 3406 δῆτα
1488 3363 1614 3399 Νείλου
1632 3362 1748 3400 τούσδ’
1769 3363 1969 3411 ἐπιστρέφει
1986 3364 2094 3413 γύας,·

1338 3415 1451 3460 φυγὰς
1466 3414 1624 3464 πατρῴας
1640 3416 1842 3463 ἐξελήλαμαι
1859 3417 1992 3463 χθονός.

1342 3466 1478 3512 τλήμων
1493 3468 1535 3505 b
1551 3466 1632 3514 εἴης·
1659 3469 1711 3506 τίς
1727 3468 1765 3505 δέ
1783 3473 1818 3505 σ’
1837 3469 1998 3512 ἐκβάλλει
2012 3470 2162 3516 πάτρας,·

2151 2991 2159 3012 1

1240 3576 1313 3608 ΕΔ.
1345 3572 1382 3608 ἐκ
1397 3574 1479 3614 τοῦς
1504 3574 1544 3609 τὸ
1559 3573 1625 3622 γάρ
1641 3588 1695 3610 τοι
1711 3576 1850 3622 πρᾶγμα
1866 3575 2049 3623 συμφορὰν
2066 3574 2150 3622 ἔχει.

2223 1312 2262 1343 50

2223 1573 2263 1607 55

2229 2370 2268 2404 70

2228 2635 2266 2670 75

2228 2893 2270 2925 80

2233 3428 2274 3460 90
