2488 3860
239 295 322 338 4ss
1084 283 1547 325 ΑΡΙΣΤΟΦΑΝΟΤΣ

1315 386 1386 418 ΧΟ.
1417 386 1499 448 &xz
1498 397 1566 422 νυν.
1582 377 1773 428 ἐπέγκαψον
1787 379 1906 425 λαβὼν
1924 381 2007 414 ταδί.
2064 385 2089 413 Α
2095 385 2132 413 x.

1316 442 1390 472 ΧΟ.
1417 434 1457 470 ἵν’
1478 435 1621 479 ἄμεινον,
1642 433 1667 467 ὦ
1685 435 1757 473 τᾶν,
1776 432 2055 479 ἐσκοροδισμένος
2072 433 2176 476 μάχῃ.

1421 488 1473 522 καὶ
1492 487 1617 522 σπεῦδε
1634 485 1774 531 ταχέως.
1871 491 1941 520 ΑΛ.
1975 487 2078 519 ταῦτα
2095 485 2173 531 δρῶ.
2291 493 2352 528 495

2088 536 2238 581 μέμνησό
2256 548 2314 570 νυν

341 390 423 425 κατὰ
437 387 656 435 κῦμ’ἐμαυτὸν
668 390 791 435 οὔριον,
800 387 912 424 κλάειν
927 403 966 424 σε
977 390 1084 436 μακρὰ
1098 385 1271 423 κελεύσας
2167 377 2200 413 'ft'
2217 378 2271 414 δαί
2282 390 2292 418 3
2324 428 2327 431 Ι

343 441 477 489 κᾶγωγ’,
498 442 555 476 ἐάν
571 455 603 475 τι
620 443 811 487 παραχαλᾷ,
830 441 889 486 τὴν
907 442 1043 476 ἀντλίαν
1060 441 1217 487 φυλάξω.

340 496 381 529 οὔ
397 508 449 529 τοι
465 494 512 539 μὰ
529 493 588 537 τὴν
599 492 756 540 Δήμητρα
774 494 985 541 καταπροίξει
999 495 1144 528 τάλαντα
1160 491 1275 528 πολλὰ

342 546 474 592 κλέψας
490 544 682 590 Ἀθηναίων.
1214 546 1276 587 436
1317 546 1375 575 XO
1383 566 1391 574 .

242 447 316 478 ΔΗ.

239 499 311 531 ΚΛ.

239 604 310 634 ΧΟ.

239 709 310 738 ΑΛ.

240 761 311 790 ΚΛ.

242 1179 312 1209 ΛΑ.

242 1284 312 1312 AA.

759 597 864 643 ἄθρει,
885 599 938 634 καὶ
955 601 1014 633 τοῦ
1032 598 1134 634 ποδὸς
1151 597 1275 642 παρίει·

311 656 313 658 ’
343 651 388 687 ὡς
405 649 502 686 οὗτος
517 650 577 695 ἤδη
596 650 720 686 καικίας
738 651 791 690 καὶ
809 650 1036 695 συκοφαντίας
1053 649 1138 684 πνεῖ.

341 703 382 737 σέ
401 702 429 737 δ’
450 703 485 737 ἐκ
503 702 683 738 Ποτιδαίας
700 701 807 747 ἔχοντ’
828 700 864 736 εὖ
881 699 954 736 οἶδα
972 702 1050 735 δέκα
1067 702 1226 734 τάλαντα.

340 755 373 789 τί
391 755 472 799 δῆτα
487 767 495 794 ;
515 753 636 796 βούλει
653 757 718 788 τῶν
735 755 905 789 ταλάντων
923 752 958 788 ἓν
974 753 1091 795 λαβὼν
1110 752 1239 786 σιωπᾶν
1254 762 1262 789 ;

345 1135 382 1166 μι
398 1120 569 1167 γεγονέναι
587 1123 653 1154 τῶν
670 1120 728 1163 τῆς
747 1118 836 1153 θεοῦ.

346 1175 404 1208 τὸν
420 1173 557 1208 πάππον
575 1168 657 1206 εἶναί
675 1171 764 1216 φημί
782 1185 846 1205 σου

343 1229 410 1260 τῶν
427 1225 638 1271 δορυφόρων.
821 1228 890 1256 ΚΛ.
919 1222 1024 1256 ποίων
1037 1233 1045 1261 ;
1075 1221 1225 1266 φράσον.

345 1281 410 1312 τῶν
428 1277 591 1323 Βυρσίνης
609 1277 667 1320 τῆς
683 1274 828 1310 Ἱππίου.

1421 593 1560 631 δάκνειν,
1581 591 1790 632 διαβάλλειν,
1810 589 1887 626 τοὺς
1903 590 2036 636 λόφους
2053 587 2251 631 κατεσθίειν,

1419 643 1543 690 χῶπως
1560 644 1602 677 τὰ
1621 643 1752 677 κάλλαι’
1772 643 1958 689 ἀποφαγὼν
1975 642 2065 687 ἥξεις
2081 642 2195 676 πάλιν.

1419 696 1497 731 ἀλλ’
1515 694 1563 730 ιθι
1580 695 1719 741 χαίρων,
1739 695 1792 730 καὶ
1809 695 1968 741 πράξειας

1420 749 1502 783 κατὰ
1520 750 1597 783 νοῦν
1614 749 1672 781 τὸν
1690 747 1780 793 ἐμὸν,
1800 747 1854 781 καί
1872 761 1914 781 σε
1931 747 2100 793 φυλάττοι

197 828 199 830 >
239 813 311 843 XO.
340 807 421 853 ἁνὴρ
439 807 479 841 ἂν
492 806 594 850 ἡδέως
610 807 727 848 λάβοι.
756 806 833 841 τοὺς
851 805 1023 852 τερθρίους
1039 804 1162 850 παρίει.
1216 815 1278 845 440
1294 811 1299 816 “
1420 800 1500 836 Ζεὺς
1518 800 1685 846 ἀγοραῖος·
1715 800 1768 834 καὶ
1786 797 1922 844 νικήσας
2293 808 2358 842 500

239 866 310 895 ΑΛ.
340 861 378 893 τὸ
396 858 511 904 πνεῦμ’
530 859 674 893 ἔλαττον
690 859 849 905 γίγνεται.
1423 851 1516 888 αὖθις
1535 851 1658 886 ἐκεῖθεν
1674 853 1777 887 πάλιν
1796 852 1839 887 ὡς
1857 850 1942 896 ἡμᾶς

239 917 313 948 ΚΛ.
341 910 459 957 φεύξει
476 911 611 957 γραφὰς
629 911 926 946 ἑκατονταλάντους
943 909 1111 955 τέτταρας.
1421 904 1540 940 ἔλθοις
1559 905 1742 949 στεφάνοις
1761 904 1985 939 κατάπαστος.

240 971 310 1000 AA.
345 963 390 998 σὺ
408 962 436 998 δ’
455 963 655 1009 ἀστρατείας
670 960 808 1002 εἴκοσιν,
1420 957 1512 1001 ὑμεῖς
1530 954 1558 991 δ’
1576 955 1653 1000 ἡμῖν
1670 957 1841 1003 πρόσχετε
1858 957 1916 991 τὸν
1933 958 2011 991 νοῦν

343 1017 471 1060 κλοπῆς
488 1015 524 1050 δὲ
542 1016 642 1050 πλεῖν
658 1013 678 1059 ἢ
696 1014 822 1059 χιλίας.
1421 1011 1492 1044 τοῖς
1509 1008 1738 1049 ἀναπαίστοις,

240 1073 313 1104 ΚΛ.
342 1069 378 1103 ἐκ
395 1071 461 1103 τῶν
477 1067 657 1114 ἀλιτηρίων
675 1066 718 1101 σέ
734 1068 801 1112 φη-
1214 1075 1275 1106 445
1421 1061 1447 1095 ὦ
1464 1061 1620 1097 παντοίας
1637 1062 1698 1105 ἤδη
1716 1059 1846 1106 μούσης
2295 1070 2356 1104 505

1419 1113 1629 1159 πειραθέντες
1647 1113 1722 1147 καθ’
1741 1111 1889 1149 ἑαυτούς.

1420 1166 1449 1200 εἷ
1479 1165 1539 1210 μέν
1566 1179 1616 1201 τις
1647 1165 1727 1212 ἀνὴρ
1751 1169 1817 1200 τῶν
1843 1165 1991 1211 ἀρχαίων
2017 1164 2359 1226 κωμῳδοδιδάσκαλος

1515 1220 1553 1253 ἃς

1419 1233 1602 1317 ἡνάῙγικαζεν
1614 1269 1806 1314 λέξοντας”
1786 1285 1848 1315 επη
1862 1270 1946 1316 πρὸς
1956 1269 1995 1304 τὸ
2009 1268 2148 1316 θέατρον
2157 1270 2358 1315 παραβῆναι,

242 1336 312 1365 ΚΛ.
346 1331 493 1371 κόβαλος
510 1326 550 1363 εἶ.
669 1334 739 1362 ΑΛ.
769 1328 956 1373 πανοῦργος
974 1323 1015 1361 εἶ.
1220 1336 1283 1367 450
1420 1324 1479 1358 οὐκ
1498 1323 1538 1357 ἂν
1556 1321 1699 1368 φαύλως
1716 1324 1833 1368 ἔτυχεν
1850 1321 1982 1357 τούτου·
2012 1324 2070 1357 νῦν
2087 1321 2115 1357 δ’
2134 1321 2228 1366 ἄξιός
2244 1318 2322 1356 ἐσθ’
2339 1322 2359 1356 ὁ

242 1388 314 1417 ΧΟ.
342 1380 416 1417 παῖ’
436 1382 604 1427 ἀνδρικῶς.
1471 1374 1621 1420 ποιητὴς.

244 1440 315 1469 ΚΛ.
655 1432 706 1467 ἶοὺ
725 1432 789 1471 ἷοὺ,
1420 1427 1472 1463 ὅτι
1499 1427 1578 1464 τοὺς
1608 1427 1728 1464 αὐτοὺς
1754 1426 1831 1472 ἧμιν
1857 1427 1963 1472 μισεῖ,
1988 1428 2099 1472 τολμᾷ
2125 1441 2162 1461 τε
2183 1426 2297 1474 λέγειν
2317 1425 2359 1461 τὰ

345 1484 510 1521 τύπτουσί
526 1485 559 1530 μ’
575 1486 606 1520 οἱ
625 1485 821 1529 ξυνωμόται.
1471 1480 1590 1520 δίκαια,
2297 1492 2359 1523 5¹0

243 1544 314 1575 XO.
342 1538 415 1573 παῖ’
434 1538 533 1572 αὐτὸν
547 1536 772 1582 ἀνδρειότατα,
792 1536 844 1568 καὶ
1421 1534 1474 1568 καὶ
1491 1532 1649 1579 γενναίως
1665 1533 1750 1579 πρὸς
1767 1533 1826 1567 τὸν
1835 1532 1940 1578 Τυφῶ
1951 1533 2056 1578 χωρεῖ
2065 1532 2118 1566 καὶ
2131 1531 2191 1576 τὴν
2203 1531 2356 1578 ἐριώλην.

344 1591 504 1638 γάστριζε
523 1591 576 1624 καὶ
593 1591 663 1624 τοῖς
681 1589 821 1635 ἐντέροις
1416 1585 1437 1620 ἃ
1462 1586 1497 1621 δὲ
1523 1585 1698 1630 θαυμάζειν
1720 1585 1811 1630 ὑμῶν
1836 1585 1945 1631 φησιν
1967 1584 2118 1620 πολλοὺς
2137 1584 2225 1632 αὐτῷ
2247 1598 2357 1631 προσ-

346 1643 400 1678 καὶ
417 1644 486 1678 τοῖς
504 1643 627 1682 κόλοις,
1222 1650 1282 1682 455
1467 1640 1588 1678 ιόντας,

249 1963 317 1992 ΚΛ.
350 1971 444 1992 ταυτι
461 1956 507 1999 μὰ
525 1955 584 1999 τὴν
602 1954 760 2000 Δήμητρά
777 1954 810 1999 μ’
830 1955 889 1989 οὐκ
907 1953 1090 1988 ἐλάνθανεν
1223 1955 1282 1996 461
1471 1953 1611 1999 νομίζων
2297 1955 2356 1997 315

349 2008 578 2051 τεκταινόμενα
595 2006 636 2039 τὰ
653 2006 831 2052 πράγματ’,
849 2004 926 2041 ἀλλ’
946 1999 1138 2049 ἠπιστάμην
1419 2006 1778 2053 κωμῳδοδιδασκαλίαν
1830 2006 1911 2044 εἶναι
1963 2010 2206 2054 χαλεπώτατον
2255 2009 2356 2055 ἔργον

347 2057 553 2105 γομφούμεν’
573 2058 656 2092 αὐτὰ
673 2058 780 2092 πάντα
798 2070 850 2090 και
869 2057 1076 2103 κολλώμενα.
1470 2059 1635 2093 ἁπάντων·

246 2117 317 2147 XO.
347 2109 447 2155 οἴμοι,
469 2111 512 2145 σὺ
532 2108 560 2145 δ’
579 2110 674 2144 οὐδὲν
693 2109 730 2152 ἐξ
748 2108 960 2154 ἁμαξουργοῦ
978 2107 1110 2153 Hyas:
1420 2112 1561 2146 πολλῶν
1577 2112 1643 2158 γὰρ
1661 2112 1701 2157 δὴ
1724 2114 1955 2159 πειρασάντων
1981 2114 2082 2158 αὐτὴν
2107 2114 2236 2161 ὀλίγοις
2259 2112 2355 2161 χαρί-

246 2170 317 2199 AA.
350 2165 468 2198 οὔκουν
484 2162 520 2198 ἐν
529 2161 650 2209 ’Ἄργει
668 2160 702 2207 μ’
721 2158 774 2195 οἷα
791 2161 928 2206 πράττει
946 2159 1113 2193 λανθάνει.
1221 2161 1261 2201 46
1266 2169 1281 2201 5
1472 2163 1612 2198 <mu-002·

347 2215 524 2262 πρόφασιν
541 2215 601 2259 μὲν
617 2213 789 2259 Ἀργείους
807 2212 932 2257 φίλους
950 2211 1027 2256 ἡμῖν
1044 2212 1146 2246 ποιεῖ’
1420 2215 1504 2261 ὑμᾶς
1521 2230 1558 2250 τε
1574 2217 1680 2252 πάλαι
1707 2217 1957 2264 διαγιγνώσκων
1980 2219 2147 2255 ἐπετείους
2172 2218 2232 2263 τὴν
2248 2215 2358 2265 φύσιν

348 2268 415 2313 ἰδίᾳ
434 2267 461 2302 δ’
482 2268 549 2301 ἐκεῖ
566 2265 832 2310 Λακεδαιμονίοις
850 2264 1073 2310 ξυγγίγνεται.
1471 2266 1579 2308 ὄντας,

349 2321 402 2355 καὶ
419 2317 508 2354 ταῦτ’
529 2318 583 2364 ἐφ’
603 2316 693 2353 οἷσίν
711 2318 786 2351 ἐστι
805 2317 1060 2362 συμφυσώμενα
1422 2334 1475 2355 και
1503 2322 1581 2358 τοὺς
1614 2322 1797 2369 προτέρους
1831 2324 1896 2358 τῶν
1925 2325 2070 2369 ποιητῶν
2099 2324 2166 2369 ἅμα
2193 2325 2240 2371 τῷ
2271 2320 2359 2369 γήρᾳ

349 2369 457 2420 ἐγῷδ’·
488 2372 542 2406 ἐπὶ
559 2371 625 2417 γὰρ
643 2372 711 2406 τοῖς
730 2369 914 2413 δεδεμένοις
930 2367 1140 2414 χαλκεύεται.
1472 2375 1701 2419 προδιδόντας·

245 2430 318 2461 ΧΟ.
347 2424 383 2459 εὖ
400 2423 432 2471 γ’
453 2423 490 2458 εὖ
506 2438 557 2469 γε,
577 2422 713 2468 χάλκευ’
733 2422 805 2456 ἀντὶ
823 2425 888 2456 Τὣν
905 2420 1137 2465 Κολλωμὲνων-
1223 2430 1286 2462 470
1422 2428 1521 2460 τοῦτο
1539 2427 1600 2471 μὲν
1624 2427 1719 2464 εἰδὼς
1741 2428 1848 2464 ἅπαθε
1875 2416 2012 2476 Μάγνης
2037 2429 2104 2474 ἅμα
2127 2442 2199 2464 ταις
2224 2426 2360 2463 πολιαῖς

246 2484 316 2513 ΑΛ.
351 2477 404 2512 καὶ
422 2477 664 2523 ξυγκροτοῦσιν
682 2474 798 2520 ἄνδρες
815 2473 885 2508 αὔτ’
906 2473 1029 2508 ἐκεῖθεν
1046 2471 1098 2512 αὖ,
1475 2477 1677 2520 κατιούσαις,
2298 2491 2361 2523 520

350 2531 403 2564 καὶ
420 2530 523 2564 ταῦτά
540 2528 572 2573 μ’
593 2525 661 2562 οὔτ’
680 2527 838 2572 ἀργύριον
856 2527 933 2560 οὔτε
949 2525 1095 2571 χρυσίον
1425 2529 1462 2567 ὃς
1491 2532 1638 2567 πλεῖστα
1667 2536 1780 2579 χορῶν
1807 2537 1874 2569 τῶν
1903 2534 2094 2569 ἀντιπάλων
2120 2533 2208 2577 νίκης
2234 2532 2360 2576 ἔστησε

350 2581 460 2617 διδοὺς
478 2581 678 2620 ἀναπείσεις,
699 2581 775 2613 οὔτε
792 2577 1024 2625 προσπέμπων
1041 2576 1176 2623 φίλους,
1474 2586 1628 2629 τροπαῖα·

350 2633 439 2669 ὅπως
458 2633 522 2679 ἐγὼ
541 2632 629 2667 ταῦτ’
650 2632 709 2666 οὐκ
727 2630 914 2674 Ἀθηναίοις
931 2631 1070 2676 φράσω.
1424 2636 1536 2671 πάσας
1564 2635 1593 2671 δ’
1623 2637 1700 2683 ὑμῖν
1727 2638 1843 2684 φωνὰς
1869 2639 1929 2675 {ek
1952 2640 2006 2674 καὶ
2028 2639 2178 2686 ψάλλων
2204 2637 2258 2672 καὶ
2280 2649 2360 2672 ππ·

249 2692 316 2724 ΚΛ.
350 2686 415 2730 ἐγὼ
432 2686 492 2730 μέν
510 2700 568 2719 ουν
585 2685 700 2719 αυτίκα
716 2682 795 2728 μάλ’
815 2682 862 2718 εἷς
877 2682 1008 2726 βουλὴν
1026 2681 1083 2716 ἶὼν
1224 2690 1284 2723 475
1475 2689 1618 2734 ρυγίζων

350 2738 440 2782 ὑμῶν
458 2738 610 2772 ἁπάντων
627 2737 685 2772 τὰς
703 2734 949 2781 ξυνωμοσίας’
932 2738 1008 2780 ερῶ,
1427 2741 1478 2775 καὶ
1504 2742 1647 2784 λυδίζων
1670 2743 1723 2778 καὶ
1747 2743 1898 2790 ψηνίζων
1924 2744 1978 2779 καὶ
2000 2745 2211 2789 βαπτόμενος
2232 2744 2360 2788 βατρα-

350 2790 403 2824 καὶ
420 2790 479 2825 τὰς
497 2789 653 2831 ξυνόδους
671 2789 729 2824 τὰς
747 2787 934 2834 νυκτερινὰς
952 2787 986 2821 ἐν
1003 2788 1043 2831 τῇ
1061 2787 1171 2825 πόλει,
1476 2793 1581 2838 χρίοις

351 2842 403 2876 καὶ
421 2841 520 2876 πάνθ’
541 2840 562 2874 ἃ
580 2840 708 2884 Μήδοις
726 2841 778 2875 Καὶ
796 2841 938 2882 βασιλεῖ
954 2839 1144 2884 ξυνόμνυτε,
1427 2845 1486 2879 οὐκ
1505 2845 1695 2893 ἐξήρκεσεν,
1715 2848 1807 2883 ἀλλὰ
1833 2850 1998 2884 τελευτῶν
2022 2849 2077 2884 ἐπὶ
2092 2846 2215 2895 γήρως,
2234 2846 2274 2881 οὗ
2296 2845 2362 2893 γὰρ

351 2894 404 2928 καὶ
422 2893 482 2927 τάκ
501 2897 653 2928 Βοιωτῶν
670 2895 773 2927 ταῦτα
792 2890 1050 2938 συντυρούμενα.
1478 2897 1533 2943 ἐφ’
1553 2899 1648 2944 ἥβης,

250 2953 317 2981 ΑΛ.
350 2949 421 2981 πῶς
439 2943 496 2979 οὖν
515 2947 532 2979 ὁ
551 2946 648 2990 τυρὸς
666 2945 701 2979 ἐν
719 2946 875 2980 Βοιωτοῖς
894 2943 1009 2983 ὤνιος;
1223 2944 1285 2983 480
1426 2949 1595 2995 ἐξεβλήθη
1621 2951 1816 2999 πρεσβύτης
1843 2952 1900 2993 ὢν,
1923 2951 1975 2988 ὅτι
2003 2954 2064 2988 τοῦ
2089 2953 2255 2988 σκώπτειν
2279 2949 2360 2984 ἀπρ-

250 3004 318 3033 ΚΛ.
347 2998 412 3044 ἐγώ
431 3011 472 3031 σε
490 2997 526 3041 νὴ
545 2998 602 3031 τὸν
618 2996 788 3043 “Ηρακλεά
804 2999 1021 3041 παραστορῶ.
1480 3003 1619 3048 λείφθη·
2277 3011 2281 3016 -
2303 3014 2362 3046 52⁵

249 3056 320 3085 XO·
349 3050 410 3095 ἂγε
427 3049 466 3093 δὴ
487 3049 531 3083 σὺ
549 3049 621 3083 Τίνα
638 3051 714 3083 νοῦν
731 3047 751 3092 ἦ
770 3048 842 3082 Τίνα
858 3047 977 3093 ψυχὴν
994 3048 1106 3092 ἕΧΕῑςῖ
1429 3051 1500 3089 εἶτα
1519 3056 1682 3101 Κρατίνου
1704 3056 1919 3102 μεμνημένος,
1939 3055 1976 3093 ὃς
1999 3058 2120 3105 πολλῷ
2142 3053 2266 3102 ῥεύσας
2288 3051 2364 3090 ποτ’

351 3102 421 3136 νυνὶ
439 3100 593 3144 διδάξεις,
614 3098 705 3147 ε’ίπερ
724 3097 909 3146 ἀπεκρύψω
927 3099 1009 3134 ποτὲ
1481 3107 1602 3142 ewulm„

351 3154 398 3189 εἷς
415 3153 456 3187 Τἆ
474 3154 604 3198 Κοχώνα
621 3154 660 3186 Τὸ
679 3152 785 3198 Κρὲαςι
806 3152 849 3187 ὡς
867 3151 965 3187 αὐτὸς
981 3150 1104 3194 λέγεις·
1430 3158 1484 3193 διὰ
1510 3142 1742 3206 τῶνιᾶφελῶν
1771 3161 1894 3197 πεδίων
1920 3162 2021 3208 ἔρρει,
2046 3160 2100 3196 καὶ
2124 3161 2184 3204 τῆς
2210 3159 2365 3195 στάσεως

352 3205 464 3240 θεύσει
481 3206 547 3252 γὰρ
564 3202 645 3250 ᾅξας
664 3204 710 3239 εἷς
727 3205 764 3237 τὸ
783 3202 1033 3249 βουλευτήριον,
1223 3204 1282 3243 485
1481 3211 1686 3259 παρασύρων

353 3259 396 3294 ὣς
413 3256 510 3292 οὗτος
528 3256 698 3291 εἷσπεσὼν
716 3255 823 3290 ἐκεῖσε
842 3256 998 3296 διαβαλεῖ
1431 3262 1547 3309 ἐφόρει
1561 3265 1620 3300 τὰς
1634 3265 1714 3311 δρῦς
1727 3266 1780 3300 καὶ
1793 3266 1852 3302 τὰς
1864 3266 2054 3302 πλατάνους
2067 3264 2120 3299 καὶ
2130 3263 2208 3300 τοὺς
2222 3261 2364 3310 ἐχθρούς

351 3309 434 3354 ἡμᾶς
452 3310 596 3344 ἅπαντας
615 3309 667 3342 καὶ
685 3308 807 3353 κραγὸν
824 3306 1025 3350 κεκράξεται
1481 3315 1744 3360 προθελύμνους·

250 3368 320 3399 ΑΛ.
352 3361 429 3396 ἀλλ’
450 3358 528 3405 εἶμι
556 3364 689 3406 πρῶτον
707 3358 748 3399 δ’,
769 3359 812 3394 ὧς
830 3360 908 3403 ἔχω,
929 3359 987 3394 τὰς
1005 3358 1131 3393 Κοιλῖας
1427 3363 1511 3411 ᾆσαι
1538 3366 1567 3402 δ’
1593 3368 1651 3402 οὐκ
1677 3366 1718 3412 ἦν
1743 3369 1780 3404 ἐν
1805 3370 1983 3415 ξυμποσίω
2009 3369 2111 3413 πλὴν,
2131 3368 2244 3414 Δωροῖ
2265 3379 2366 3402 συκο-

352 3414 405 3448 καὶ
423 3414 481 3449 τὰς·
498 3413 662 3458 μαχαίρας
680 3410 791 3446 ἐνθαδὶ
810 3408 1051 3454 καταθήσομαι.
1316 3449 1317 3460 ‘
1482 3418 1612 3459 πέδιλε,
1964 3405 1974 3418 ⁸

250 3473 320 3504 XO·
350 3467 408 3511 ἕΧε
427 3479 494 3505 νννν
514 3464 661 3510 ἄλειψον
678 3463 736 3497 Τὸν
753 3463 923 3509 ΤΡάΧηλθν
940 3462 1071 3509 Τθντῳῖν
1223 3473 1285 3504 490
1314 3476 1318 3493 ⁶
1434 3470 1498 3513 καὶ,
1527 3470 1676 3508 τέκτονες
1707 3472 1908 3519 εὐπαλάμων
1937 3471 2059 3519 ὕμνων·
2088 3470 2194 3508 οὕτως
2224 3470 2370 3517 ἤνθησεν

251 3577 321 3609 ΑΛ.

345 1695 468 1741 χῶπως
486 1695 570 1740 κολᾷ
588 1695 646 1728 τὸν
663 1693 778 1740 ἄνδρα,

347 1747 373 1782 ὦ
390 1747 627 1793 γεννικώτατον
645 1746 741 1792 κρέας
754 1744 874 1792 ψυχήν
890 1744 919 1779 τ’
939 1745 1056 1792 ἄριστε
1074 1744 1216 1782 πάντων,

347 1800 400 1835 καὶ
418 1802 457 1844 τῇ
474 1800 573 1834 πόλει
592 1799 706 1844 σωτὴρ
724 1799 842 1844 φανεὶς
859 1797 936 1842 ἡμῖν
952 1813 988 1832 τε
1005 1800 1075 1833 τοῖς
1091 1796 1257 1835 πολίταις,

348 1853 392 1888 ὡς
410 1851 446 1886 εὖ
463 1853 521 1886 τὸν
538 1851 641 1897 ἄνδρα
657 1853 818 1886 ποικίλως
834 1851 861 1885 τ’
881 1848 1026 1894 ἐπῆλθες
1043 1850 1078 1882 ἐν
1095 1849 1262 1894 λόγοισιν.

347 1908 418 1940 πῶς
435 1919 474 1938 αν
493 1903 525 1939 o·‘
546 1903 778 1948 ἐπαινέσαιμεν
795 1901 900 1938 οὕτως
917 1903 1033 1947 ὥσπερ
1050 1899 1221 1946 ἡδόμεσθα
1235 1912 1244 1939 ;

351 3516 392 3554 ἵν’
412 3516 642 3561 ἐξολισθάνειν
661 3513 739 3559 δύνῃ
757 3515 817 3550 τὰς
834 3514 1009 3555 διαβολάς.

352 3570 429 3606 ἀλλ’
449 3567 486 3604 εὖ
502 3569 613 3611 λέγεις
631 3568 684 3603 καὶ
699 3566 958 3613 παιδοτριβικῶς
974 3564 1123 3611 ταυταγί.

1418 1691 1471 1727 καὶ
1492 1690 1700 1735 βασανίζειν,
1723 1690 1770 1728 ὣς
1793 1689 1870 1737 οὐχὶ
1893 1691 1999 1726 πάλαι
2019 1690 2125 1739 χορὸν
2148 1688 2255 1736 αἰτοίη
2282 1688 2358 1726 καθ’

1471 1745 1599 1784 ἑαυτὸν,

2269 1795 2359 1843 φησὶ

1416 1796 1500 1843 ἡμᾶς
1530 1797 1607 1843 ὑμῖν
1640 1798 1776 1834 ἐκέλευε
1810 1797 1942 1845 φράσαι
1976 1800 2054 1845 περὶ
2091 1796 2224 1834 τούτου.

1469 1848 1535 1894 γὰρ
1555 1849 1636 1893 ἁνὴρ

1418 1901 1483 1947 οὐχ
1506 1898 1561 1935 ὑπ’
1587 1900 1699 1937 ἀνοίας
1725 1902 1826 1935 τοῦτο
1851 1900 2027 1937 πεπονθὼς
2054 1900 2249 1946 διατρίβειν,
2268 1899 2360 1935 ἀλλὰ

1485 3522 1619 3558 ἐκεῖνος.
2305 3534 2369 3567 53⁰

1434 3574 1502 3609 νυνὶ
1513 3574 1542 3609 δ’
1547 3574 1639 3618 ὑμεῖς
1649 3575 1749 3611 αὐτὸν
1760 3579 1901 3622 ὁρῶντες
1910 3573 2153 3624 παραληροῦντ’
2160 3575 2220 3611 οὐκ
2230 3575 2363 3615 ἐλεεῖτε.
