2488 3860
204 788 269 819 AT.

203 1094 272 1126 ΔΑ.

267 1927 278 1929 ”
307 1917 460 1963 θρόνοισί
477 1917 504 1952 τ’
523 1918 709 1964 ἀρχαίοισι·
737 1920 795 1954 τὸν
813 1919 849 1954 δὲ
868 1919 932 1954 σὺν
949 1920 1040 1967 δόλῳ

211 2537 282 2567 XO.

212 2693 281 2723 ΔΑ.

209 2848 281 2879 XO.

211 2901 281 2930 ΔΑ.

209 2951 279 2981 XO.

213 3004 280 3033 ΔΑ.

210 3106 279 3136 XO.

270 3231 280 3240 .
307 3208 430 3255 παῦροί
445 3223 486 3255 γε
500 3211 652 3250 πολλῶν,
672 3209 705 3246 εἴ
717 3225 750 3246 τι
766 3216 948 3248 πιστεῦσαι
967 3214 1051 3250 θεῶν

1150 315 1379 357 ΠΕΡΣΑῙ.

307 419 433 468 ἤλπισε
450 417 596 466 σχήσειν
611 416 740 466 ῥέοντα,
758 417 934 463 Βόσπορον
952 414 1030 463 ρόον
1046 413 1136 456 θεοῦ,
1255 427 1259 449 ι

306 475 360 510 καὶ
375 475 481 520 πόρον
496 470 744 519 μετερρύθμιζε,
763 470 816 506 καὶ
833 469 948 506 πέδαις
965 468 1197 514 σφυρηλάτοις

305 525 499 573 περιβαλὼν
507 523 641 568 πολλὴν
651 522 813 558 κέλευθον
823 523 945 566 ἤνυσεν
953 521 1074 568 πολλῷ
1085 518 1229 566 στρατῷ,

306 577 424 622 θνητὸς
440 576 486 611 ὣν
498 576 583 611 θεῶν
599 576 636 610 δὲ
653 576 784 611 πάντων
801 572 886 622 ᾤετ’,
901 573 961 608 οὐκ
978 571 1150 616 εὐβουλίᾳ,
1171 581 1231 614 749

307 643 360 664 και
347 629 582 664 Ποσειδῶνος
587 626 775 674 κρατήσειν.
789 624 934 662 πῶςτόδ’
940 625 979 660 οὐ
990 625 1092 660 νόσος
1101 623 1233 669 φρενῶν

307 677 377 726 εἶχε
392 680 481 716 παῖδ’
501 680 600 724 ε’μόν;
629 679 761 714 δέδοικα
776 677 820 723 μὴ
837 677 945 714 πολὺς
963 674 1113 712 πλούτου
1129 676 1233 720 πόρος

306 733 408 775 οὑμὸς
423 731 610 776 ἀνθρώποις
626 731 759 773 γένηται
776 732 836 764 τοῦ
854 729 1050 772 φθάσαντος
1065 724 1211 771 ἁρπαγῆ-

307 782 411 817 ταῦτά
426 796 479 817 τοι
495 783 606 818 κακοῖς
622 782 749 824 ὁμιλῶν
765 781 927 824 ἀνδράσιν
943 780 1134 815 διδάσκεται

307 834 439 878 θούριος
449 832 586 877 Ξέρξης·
605 831 748 877 λέγουσι
762 831 819 865 δ”
803 845 847 866 ως
860 832 906 865 σὺ
917 832 977 875 μὲν
993 831 1097 875 μέγαν
1109 828 1234 863 τέκνοις

305 885 454 919 πλοῦτον
465 881 594 926 ἐκτήσω
605 882 665 926 ξὺν
674 882 788 927 αἶχμῇ,
801 884 859 917 τὸν
868 881 897 917 δ’
908 881 1081 925 ἀνανδρίας
1093 878 1158 915 ὕπο
1174 890 1190 924 7
1194 893 1210 924 5
1215 894 1231 924 5

305 936 399 970 ἔνδον
416 934 598 980 αἰχμάζειν,
617 935 771 982 πατρῷον
788 934 816 969 δ’
831 933 940 977 ὄλβον
955 934 1052 969 οὐδὲν
1067 932 1231 975 αὐξάνειν.

306 986 408 1021 τοιάδ’
429 987 466 1030 ἐξ
484 986 611 1033 ἀνδρῶν
627 986 736 1030 ὀνείδη
752 987 918 1022 πολλάκις
934 984 1044 1021 κλύων
1061 988 1167 1019 κακῶν

303 1035 392 1081 τήνδ’
413 1036 618 1078 ἐβούλευσεν
634 1036 792 1071 κέλευθον
809 1037 862 1071 καὶ
878 1035 1058 1082 στράτευμ’
1077 1035 1132 1080 ἐφ’
1150 1033 1229 1069 Ἑλ-

305 1089 421 1135 τοιγάρ
439 1089 525 1135 σφιν
542 1089 641 1134 ἔργον
658 1088 752 1124 ἐστὶν
769 1087 1024 1134 ἐξειργασμένον
1116 1086 1229 1132 ᾒάδα.

304 1138 477 1182 μέγιστον,
496 1138 707 1183 ἀείμνηστον,
726 1136 799 1174 οἷον
815 1139 944 1175 οὐδέπω
1172 1143 1233 1184 760

305 1189 374 1224 τόδ’
392 1190 480 1225 ἅστυ
497 1189 635 1225 Σούσων
653 1191 866 1234 ἐξεκείνωσεν
882 1192 1000 1231 πεσὸν,

1175 1403 1232 1444 765
1251 1385 1258 1647 ι

1253 1650 1257 1666 Ι

1255 1715 1258 1732 l

1177 1930 1232 1963 775

306 1242 344 1285 ἐξ
362 1241 439 1277 οὗτε
456 1242 553 1286 τιμὴν
570 1242 650 1278 Ζεὺς
667 1243 750 1287 ἅναξ
767 1242 857 1288 τήνδ’
876 1242 1022 1283 ὤπασεν,

305 1293 348 1329 ἕν’
366 1293 457 1340 ἄνδρ’
476 1295 608 1338 ἁπάσης
625 1292 762 1331 Ἀσίδος
778 1296 999 1341 μηλοτρόφου

304 1347 427 1392 ταγεῖν,
447 1346 568 1391 ἔχοντα
581 1348 753 1393 σκῆπτρον
770 1345 992 1394 εὐθυντήριον.

306 1398 421 1442 Μῆδος
437 1398 502 1445 γὰρ
519 1396 560 1442 ἦν
577 1400 596 1432 ὁ
612 1402 744 1445 πρῶτος
761 1399 891 1447 ἡγεμὼν
909 1402 1068 1446 στρατοῦ·

305 1450 412 1486 ἄλλος
429 1449 457 1484 δ’
472 1450 597 1485 ἐκείνου
613 1452 691 1486 παῖς
707 1449 778 1486 τόδ’
795 1452 894 1498 ἔργον
910 1453 1026 1496 ἤνυσε·

305 1501 426 1548 φρένες
442 1502 508 1548 γὰρ
526 1502 628 1537 αὐτοῦ
646 1502 750 1548 θυμὸν
768 1502 1045 1551 ᾠακοστρόφουν.

305 1553 417 1599 τρίτος
435 1554 463 1589 δ’
483 1553 539 1589 ἀπ’
558 1555 659 1589 αὐτοῦ
678 1557 798 1601 Κῦρος,
819 1555 982 1600 εὐδαίμων
999 1555 1092 1603 ἀνὴρ,

304 1605 407 1651 ἄρξας
424 1606 519 1650 ἔθηκε
535 1608 641 1642 πᾶσιν
657 1605 787 1653 εἶρήνην
804 1607 933 1652 φίλοις·

305 1658 420 1693 Λυδῶν
438 1658 474 1693 δὲ
490 1659 575 1693 λαὸν
591 1659 645 1693 καὶ
662 1662 801 1705 Φρυγῶν
818 1658 993 1704 ἐκτήσατο,

305 1708 433 1745 Ἰωνίαν
449 1724 486 1744 τε
502 1712 616 1745 πᾶσαν
633 1712 766 1755 ἤλασεν
781 1710 855 1756 βίᾳ.

307 1761 383 1797 θεὸς
398 1762 463 1808 γὰρ
481 1762 541 1796 οὐκ
558 1762 715 1809 ἤχθηρεν,
735 1763 780 1799 ὧς
796 1763 931 1810 εὔφρων
948 1764 1027 1809 ἔφυ.

306 1812 417 1859 Κύρου
435 1814 471 1849 δὲ
488 1816 566 1850 παῖς
583 1814 739 1861 τέταρτος
754 1813 846 1850 ἴθυνε
863 1817 1022 1861 στρατόν.

306 1866 456 1910 πέμπτος
473 1866 509 1900 δὲ
527 1866 652 1912 Μέρδις
668 1865 780 1912 ἦρξεν,
799 1866 943 1912 αἰσχύνη
960 1869 1070 1914 πάτρᾳ

307 1969 569 2015 Ἀρταφρένης*
550 1984 690 2005 εκτεινεν
707 1965 868 2007 ἐσθλὸς’
850 1985 885 2005 εν
903 1971 1029 2016 δόμοις,

303 2018 376 2058 ξὺν
393 2017 555 2062 ἀνδράσιν
571 2018 739 2062 φίλοισιν,
759 2019 809 2055 οἷς
825 2020 895 2055 τόδ’
914 2020 954 2065 ἦν
970 2022 1084 2068 χρέος.

300 2065 304 2072 “
320 2065 431 2112 [ἕκτος
448 2069 485 2103 δὲ
503 2070 675 2115 Μάραφις,
694 2070 838 2116 ἕβδομός
855 2072 883 2106 τ’
901 2072 1142 2121 Ἀρταφρένης.
1145 2073 1162 2120 ]

315 2119 405 2165 κάγὼ
422 2121 533 2154 πάλου
546 2120 578 2156 τ’
594 2135 720 2168 εκυρσα
736 2125 860 2171 τοῦπερ
877 2125 1011 2169 ἤθελον,

314 2171 591 2217 κάπεστράτευσα
607 2174 722 2208 πολλὰ
741 2174 805 2210 σύν
822 2178 943 2225 πολλῷ
961 2180 1109 2227 στρατῷ.

313 2222 391 2258 ἀλλ’
410 2224 450 2257 οὐ
468 2226 566 2259 κακὸν
582 2226 724 2260 τοσόνδε
740 2228 959 2272 προσέβαλον
974 2232 1086 2266 πόλει.

313 2274 441 2320 Ξέρξης
458 2275 486 2310 δ’
506 2276 584 2320 εμὸς
599 2279 677 2313 παῖς
695 2277 740 2312 ὢν
757 2278 830 2315 νέος
849 2280 970 2325 φρονεῖ
988 2281 1054 2322 νέα,

313 2327 372 2360 κού
389 2326 581 2372 μνημονεύει
598 2329 658 2365 τὰς
675 2329 754 2374 ἐμὸς
772 2330 967 2368 ἐπιστολάς·

312 2377 349 2412 εὐ
365 2379 431 2425 γὰρ
449 2381 570 2425 σαφῶς
587 2379 655 2415 τόδ’
673 2379 753 2421 ἴστ’,
773 2383 846 2427 ἐμοὶ
863 2383 1048 2428 ξυνήλικες,

312 2430 454 2466 ἅπαντες
471 2430 574 2476 ἡμεῖς,
593 2429 626 2467 οἳ
643 2434 744 2479 κράτη
762 2434 833 2469 τάδ’
852 2436 1010 2481 ἔσχομεν,

312 2482 372 2516 οὐκ
390 2482 430 2517 ἂν
447 2484 607 2528 φανεῖμεν
623 2483 744 2530 πήματ’
764 2486 918 2532 ἔρξαντες
934 2490 1033 2524 τόσα.

310 2534 344 2568 τί
361 2533 430 2573 οὖν,
450 2535 533 2578 ἅναξ
551 2539 680 2582 Δαρεῖε,
699 2540 759 2572 ποῖ
775 2540 1020 2586 καταστρέφεις

311 2586 425 2633 λόγων
441 2586 619 2632 τελευτήν;
647 2593 719 2625 πῶς
735 2589 811 2624 ἄν’
793 2605 829 2624 εκ
846 2590 974 2626 τούτων
990 2593 1039 2627 ετι

311 2639 525 2684 πράσσοιμεν
543 2640 586 2676 ὡς
603 2640 726 2686 ἄριστα
743 2644 910 2688 Περσικὸς
926 2645 1034 2686 λεώς;

311 2689 340 2723 εἰ
357 2690 402 2735 μὴ
420 2680 657 2737 στρατεύοισθ’
678 2693 712 2729 ἐς
729 2694 787 2728 τὸν
803 2693 976 2739 Ἑλλήνων
992 2698 1107 2738 τόπον,

311 2742 386 2785 μηδ’
405 2742 435 2776 εἷ
453 2744 643 2789 στράτευμα
659 2745 777 2780 πλεῖον
793 2742 816 2790 ᾗ
831 2747 870 2781 τὸ
889 2748 1050 2791 Μηδικόν.

340 2793 631 2807 xxxxxx

1183 2185 1242 2225 780

1182 2444 1239 2485 785

309 2848 381 2882 πῶς
397 2845 486 2880 τοῦτ’
504 2847 639 2890 ελεξας,
658 2848 722 2883 τίνι
739 2851 853 2898 τρόπῳ
871 2851 907 2885 δὲ
926 2855 1117 2899 συμμαχεῖς

310 2898 486 2932 κτείνουσα
502 2900 590 2946 λιμῷ
606 2899 684 2936 τοὺς
701 2900 936 2947 ὑπερπόλλους
953 2903 1048 2950 ἄγαν.

308 2948 384 2983 ἀλλ’
404 2950 552 2994 εὐσταλῆ
571 2964 623 2985 τοι
639 2953 795 2987 λεκτὸν’
775 2956 918 2999 αροῦμεν
937 2957 1076 2992 στόλον.

309 3000 387 3035 ἀλλ’
406 2999 476 3036 οὐδ’
494 3003 512 3036 ὁ
529 3002 642 3046 μείνας
658 3006 716 3039 νῦν
733 3005 768 3039 ἐν
784 3004 950 3043 Ἑλλάδος
966 3010 1082 3045 τόποις

312 3054 455 3099 στρατὸς
471 3052 608 3100 κυρήσει
625 3056 786 3101 νοστίμου
803 3059 981 3105 σωτηρίας.

307 3107 378 3140 πῶς
395 3102 510 3144 εἷπας;
537 3106 576 3140 οὐ
592 3107 658 3154 γὰρ
674 3109 741 3143 πᾶν
758 3110 948 3156 στράτευμα
964 3113 1148 3160 βαρβάρων

310 3159 396 3202 περᾷ
411 3157 470 3191 τὸν
477 3154 610 3202 Ἕλλης
626 3159 778 3205 πορθμὸν
794 3161 954 3208 Εὐρώπης
971 3162 1059 3205 ἔπος

1179 2968 1237 3006 79⁵

1175 3223 1236 3254 800

309 3259 375 3305 χρὴ
394 3260 631 3306 θεσφάτοισιν,
652 3262 686 3298 ἐς
702 3263 744 3297 τὰ
761 3266 818 3299 νῦν
834 3266 1049 3312 πεπραγμένα

308 3311 503 3357 βλέψαντα·
533 3314 710 3358 συμβαίνει
726 3315 792 3362 γὰρ
810 3316 849 3350 οὐ
867 3317 908 3351 τὰ
924 3318 996 3362 μὲν,
1015 3319 1057 3353 τὰ
1074 3319 1103 3354 δ’
1117 3321 1169 3355 οὔ.

310 3375 423 3409 κειπερ
440 3363 547 3398 τάδ”
530 3366 616 3405 εστὶ,
635 3366 803 3410 πλῆθος
783 3380 932 3414 εκκριτον
949 3374 1096 3416 στρατοῦ

308 3413 419 3449 λείπει
436 3417 582 3450 κεναῖσιν
599 3417 738 3452 ἐλπίσιν
753 3420 987 3462 πεπεισμένος.

308 3465 468 3510 μίμνουσι
485 3466 513 3501 δ’
532 3467 611 3502 ἔνθα
626 3469 767 3504 πεδίον’
768 3473 913 3507 Ασωπὸς
930 3472 1022 3509 ὁοαῖς

308 3515 413 3582 ἄρδει,
433 3518 542 3563 φίλον
558 3520 689 3564 πίασμα
706 3526 858 3558 Βοιωτῶν
873 3523 984 3568 χθονί·

310 3567 351 3613 vv
368 3569 455 3622 σφιν
472 3574 578 3613 κακῶν
594 3569 715 3622 ὕψιστ’
735 3573 910 3625 ἐπαμμένει
927 3575 1055 3625 παθεῖν,

1172 3479 1232 3521 805

1279 2234 1349 2265 XO.

1279 2338 1345 2368 AT.

1180 2710 1239 2745 790
1280 2703 1351 2734 XO.

2263 300 2311 348 31

1389 412 1518 478 ὕβρεως
1535 411 1655 449 ἄποινα
1672 411 1797 448 κᾶθέων
1814 409 2046 459 φρονημάτων·

1388 463 1422 501 οἳ
1435 464 1500 512 γῆν
1517 465 1680 510 μολόντες
1691 463 1829 499 Ἑλλάδ’
1849 464 1888 498 οὐ
1906 463 1990 498 θεῶν
2006 461 2110 509 βρέτη

1384 518 1525 563 ᾐδοῦντο
1545 518 1656 551 συλᾶν
1672 515 1750 551 οὐδε
1766 517 1948 562 πιμπράναι
1966 516 2058 551 νεώς·

1383 570 1495 615 βωμοὶ
1512 569 1540 604 δ’
1559 568 1684 608 (sima,
1703 568 1866 612 δαιμόνων
1884 567 1918 602 θ’
1938 565 2099 613 ἱδρύματα

1383 622 1546 668 πρόρριζα
1563 619 1696 667 φύρδην
1714 620 1976 665 ἐξανέστραπται
1992 618 2141 665 βάθρων.

1384 676 1502 720 τοιγὰρ
1520 676 1625 708 κακῶς
1642 673 1825 718 δράσαντες
1842 671 1902 705 οὐκ
1919 671 2092 705 ἐλάσσονα

1383 726 1573 771 πάσχουσι,
1593 724 1635 759 τὰ
1652 724 1689 758 δὲ
1705 723 1886 768 μέλλουσι,
1906 722 2055 756 κούδέπω
2073 723 2178 756 κακῶν

1384 778 1502 824 κρηπὶς
1518 775 1670 815 ὕπεστιν,
1690 774 1767 810 ἀλλ’
1786 774 1830 809 ἔτ’
1850 773 2049 809 ἐκπιδύεται.

1382 831 1487 865 τόσος
1503 829 1569 875 γὰρ
1587 829 1685 862 ἔσται
1701 827 1852 862 πέλανος
1868 825 2117 871 αἱματοσταγὴς

1382 882 1468 927 πρὸς
1483 882 1527 927 γῇ
1545 882 1724 915 Πλαταιῶν
1742 878 1892 925 Δωρίδος
1907 879 2038 924 λόγχης
2054 875 2131 912 ὕπο·

1384 932 1471 968 θῖνες
1488 935 1610 979 νεκρῶν
1628 932 1665 966 δὲ
1683 931 1736 966 καὶ
1753 932 1967 977 τριτοσπόρῳ
1984 929 2067 976 γονῇ

1381 984 1502 1030 ἄφωνα
1520 986 1728 1028 σημανοῦσιν
1746 982 1894 1027 ὄμμασιν
1910 984 2044 1028 βροτῶν

1383 1037 1427 1072 ὣς
1445 1036 1509 1081 οὐχ
1527 1035 1679 1081 ὑπέρφευ
1698 1035 1817 1078 θνητὸν
1834 1033 1913 1069 ὄντα
1929 1033 1995 1080 χρὴ
2014 1033 2164 1079 φρονεῖν.

1382 1086 1480 1135 ὕβρις
1495 1088 1562 1134 γὰρ
1581 1086 1756 1131 ἐξανθοῦσ’
1775 1086 1950 1132 ἐκάρπωσε
1969 1086 2099 1130 στάχυν

1382 1140 1473 1184 ἄτης,
1492 1139 1570 1174 ὅθεν
1585 1140 1800 1185 πάγκλαυτον
1818 1138 1922 1183 ἐξαμᾷ
1941 1137 2049 1183 θέρος.

1381 1191 1510 1227 τοιαῦθ’
1529 1193 1670 1238 ὁρῶντες
1687 1191 1790 1225 τῶνδε
1807 1189 1989 1234 τάπιτίμια,

1381 1243 1547 1289 μέμνησθ’
1565 1243 1713 1287 Ἀθηνῶν
1729 1242 1896 1278 Ἑλλάδος
1912 1253 1960 1281 τε,
1980 1241 2065 1286 μηδέ
2081 1253 2130 1276 τις

1381 1294 1642 1343 ὑπερφρονήσας
1659 1296 1717 1329 τὸν
1732 1296 1880 1341 παρόντα
1897 1293 2034 1338 δαίμονα

1381 1348 1496 1383 ἄλλων
1514 1347 1668 1394 ἐρασθεὶς
1686 1346 1793 1388 ὄλβον
1811 1345 1908 1391 ἐκχέῃ
1925 1345 2041 1391 μέγαν.

1381 1399 1460 1436 Ζεύς
1478 1414 1531 1435 τοι
1549 1398 1718 1443 κολαστὴς
1734 1402 1800 1433 τῶν
1816 1399 2012 1444 ὑπερκόπων
2029 1398 2114 1444 ἆγον

1382 1453 1604 1499 φρονημάτων
1621 1452 1769 1490 ἔπεστιν,
1789 1450 1925 1486 εὔθυνος
1940 1449 2060 1495 βαρύς.

1380 1506 1465 1550 πρὸς
1482 1503 1572 1539 ταῦτ’
1591 1504 1715 1538 ἐκεῖνον
1733 1503 1924 1549 σωφρονεῖν
1942 1500 2143 1548 κεχρημένον

1380 1555 1549 1591 πινύσκετ’
1569 1556 1743 1602 εὐλόγοισι
1762 1553 1996 1599 νουθετήμασι,

1380 1609 1482 1653 λῆξαι
1500 1606 1749 1650 θεοβλαβοῦνθ’
1769 1607 1948 1653 ὑπερκόπῳ
1966 1603 2096 1650 θράσει.

1383 1661 1427 1695 σύ
1445 1660 1486 1700 δ’,
1508 1660 1534 1694 ὦ
1550 1659 1668 1707 γεραιὰ
1684 1660 1787 1705 μῆτερ
1804 1657 1824 1702 ἡ
1843 1658 1972 1704 Ξέρξου
1989 1657 2089 1703 φίλη,

1381 1712 1521 1747 ἐλθοῦσ’
1542 1713 1576 1748 ἐς
1593 1710 1703 1747 οἴκους
1720 1713 1848 1755 κόσμον
1865 1709 1961 1746 ὅστις
1978 1708 2142 1754 εὐπρεπὴς

1379 1764 1525 1807 λαβοῦσ’
1546 1763 1720 1806 ὑπαντίαζε
1737 1762 1843 1799 παιδί.
1866 1762 1966 1797 παντὶ
1982 1761 2048 1807 γὰρ

1381 1820 1486 1852 κακῶν
1502 1816 1557 1852 ὑπ’
1576 1816 1702 1862 ἄλγους
1717 1815 1850 1850 λακίδες
1867 1814 1956 1859 ἀμφὶ
1975 1815 2104 1858 σώματι

1380 1870 1655 1915 στημορραγοῦσι
1672 1867 1838 1903 ποικίλων
1856 1865 2063 1910 ἐσθημάτων.

1378 1920 1456 1956 ἀλλ’
1475 1921 1575 1955 αὐτὸν
1592 1920 1764 1966 εὐφρόνως
1781 1918 1827 1954 σὺ
1843 1919 1988 1965 πράῦνον
2005 1919 2132 1963 λόγοις·

1376 1976 1478 2016 μόνης
1494 1972 1572 2018 γὰρ,
1591 1968 1676 2011 οἶδα,
1697 1973 1762 2006 σοῦ
1779 1969 1889 2005 κλύων
1905 1969 2065 2014 ἀνέξεται.

1378 2022 1444 2068 ἐγὼ
1463 2021 1492 2056 δ’
1510 2022 1624 2066 ἄπειμι
1640 2023 1703 2068 γῆς
1719 2021 1784 2056 ὑπὸ
1804 2019 1910 2066 ζόφον
1928 2021 2028 2054 κάτω.

1379 2074 1472 2117 ὑμεῖς
1490 2074 1538 2113 δὲ,
1557 2073 1733 2120 πρέσβεις,
1751 2072 1891 2119 χαίρετ’,
1911 2072 1947 2107 ἐν
1964 2074 2076 2108 κακοῖς
2093 2070 2181 2116 ὅμως

1379 2125 1499 2171 ψυχὴν
1516 2126 1663 2161 διδόντες
1680 2124 1780 2169 ἡδονῇ
1799 2123 1875 2159 καθ’
1893 2124 2027 2170 ἡμέραν,

1380 2178 1425 2213 ὡς
1441 2179 1512 2213 τοῖς
1530 2177 1670 2212 θανοῦσι
1686 2179 1835 2212 πλοῦτος
1852 2176 1948 2211 οὐδὲν
1967 2177 2106 2221 ὠφελεῖ.

1377 2227 1398 2272 ἦ
1416 2230 1533 2264 πολλὰ
1550 2230 1604 2264 καὶ
1621 2230 1770 2275 παρόντα
1787 2229 1840 2263 καὶ
1857 2227 2018 2273 μέλλοντ’
2038 2228 2086 2262 ἔτι

1379 2281 1508 2328 ἤλγησ’
1529 2279 1677 2317 ἀκούσας
1692 2281 1901 2327 βαρβάροισι
1918 2278 2065 2324 πήματα.

1383 2333 1410 2368 ὦ
1428 2334 1557 2379 δαῖμον,
1577 2333 1621 2369 ὥς
1637 2348 1679 2378 με
1696 2331 1799 2368 πόλλ’
1819 2332 1995 2379 ἐσέρχεται
2013 2331 2095 2366 κακὰ

1380 2385 1480 2432 «Ἀγη,
1499 2387 1650 2430 μάλιστα
1668 2384 1696 2419 δ’
1716 2384 1775 2429 ἥδε
1794 2385 1957 2430 συμφορὰ
1975 2383 2095 2424 δάκνει,

1381 2438 1514 2482 ἀτιμίαν
1530 2452 1571 2484 γε
1587 2437 1706 2473 παιδὸς
1723 2436 1813 2483 ἀμφὶ
1831 2437 1962 2481 σώματι

1382 2489 1578 2534 ἐσθημάτων
1595 2487 1776 2529 κλύουσαν,
1795 2488 1819 2534 ἥ
1835 2503 1884 2523 νιν
1901 2488 2054 2533 ἀμπέχει.

1382 2541 1459 2576 ἀλλ’
1479 2539 1557 2586 εἶμι,
1577 2541 1630 2576 καὶ
1646 2542 1807 2582 λαβοῦσα
1824 2542 1952 2585 κόσμον
1969 2541 2005 2574 ἐκ
2023 2541 2133 2585 δόμων

1383 2594 1590 2636 ὑπαντιάζειν
1606 2593 1697 2628 παίδ’
1717 2593 1784 2641 ἐμῷ
1801 2593 2016 2639 πειράσομαι.

1383 2646 1422 2680 οὐ
1438 2647 1505 2693 γὰρ
1522 2646 1564 2680 τὰ
1581 2644 1718 2691 φίλτατ’
1738 2645 1773 2679 ἐν
1791 2646 1902 2680 κακοῖς
1919 2645 2152 2691 προδώσομεν.

1381 2697 1407 2732 ὦ
1441 2701 1557 2737 πόποι,
1593 2696 1612 2741 ἦ
1647 2698 1797 2744 μεγάλας
1830 2695 1957 2743 ἀγαθᾶς
1986 2710 2023 2731 τε
2056 2696 2313 2740 πολισσονόμου

2254 518 2315 548 810

2252 777 2311 816 815

2251 1036 2312 1067 820

2250 1297 2308 1336 825

2248 1558 2309 1596 830

2250 2077 2312 2113 840

2251 2335 2311 2376 845

2250 2596 2314 2636 850

1433 2752 1552 2792 βιοτᾶς
1570 2747 1810 2797 ἐπεκύρσαμεν,
2172 2762 2249 2791 στρ.
2270 2746 2312 2781 α’.

1385 2801 1456 2837 εὖθ’
1475 2804 1494 2837 ὁ
1511 2803 1648 2848 γηραιὸς

1383 2854 1581 2901 πανταρκὴς,
1601 2853 1734 2894 ἀκάκας,
1753 2852 1882 2918 ἄμαχος
1898 2850 2064 2895 βασιλεὺς
2252 2856 2312 2896 855

1385 2906 1519 2942 ἰσόθεος
1536 2908 1676 2952 Δαρεῖος
1692 2904 1778 2952 ἆρχε
1793 2905 1918 2951 χώρας.

1383 2960 1499 3005 πρῶτα
1521 2959 1582 3004 μὲν
1603 2957 1779 3003 εὐδοκίμου
1798 2957 1958 3003 στρατιᾶς
1980 2955 2237 3001 ἀπεφαινόμεθᾎ
2257 2953 2313 3000 ἧδε

1436 3010 1625 3056 νομίσματα
1641 3008 1786 3057 πύργινα
2180 3007 2251 3043 ἀντ.
2271 3007 2312 3042 α’.

1384 3064 1480 3099 πάντ’
1498 3061 1690 3098 ἐπεύθυνεν.

1385 3117 1502 3151 νόστοι
1520 3112 1550 3150 δ’
1568 3115 1604 3150 ἐκ
1621 3114 1779 3159 πολέμων
1796 3113 1950 3152 ἀπόνους,
1970 3110 2118 3155 ἀπαθεῖς,
2253 3113 2310 3145 861

1386 3167 1406 3186 ‘
1423 3167 1443 3187 ⁸
1458 3165 1496 3201 εὐ
1512 3167 1731 3213 πράσσοντας
1748 3164 1831 3211 ἆγον
1848 3162 1970 3200 οἴκους.

1338 3222 1339 3228 ’
1386 3215 1497 3254 ὅσσας
1531 3219 1561 3253 δ’
1595 3215 1671 3253 εἷλε
1697 3218 1815 3253 πόλεις
1843 3218 1950 3262 πόρον
1978 3214 2017 3250 οὐ
2048 3215 2167 3257 διαβὰς
2188 3213 2315 3249 Ἀλυος

1436 3272 1613 3315 ποταμοῖο,
2057 3281 2135 3314 στρ.
2153 3266 2201 3309 β’.
2253 3270 2316 3309 864

1387 3321 1456 3357 οὐδ’
1474 3321 1535 3367 ἀφ’
1555 3321 1670 3358 ἑστίας
1688 3320 1813 3359 συθεὶς,

1387 3371 1454 3408 οἶαι
1465 3373 1668 3420 Στρυμονίου
1678 3374 1846 3419 πελάγους
1862 3369 2066 3417 Ἀχελωίδες
2079 3369 2146 3404 εἶσὶ
2162 3370 2315 3416 πάροικοι

1388 3425 1540 3471 Θρῃκίων
1557 3424 1722 3465 ἐπαύλων,
2253 3426 2316 3464 870

1388 3477 1510 3521 λίμνας
1543 3477 1572 3511 τ’
1604 3476 1750 3516 ἔκτοθεν,
1784 3473 1818 3514 αἳ
1849 3475 1932 3512 κατὰ
1960 3473 2090 3525 χέρσον
2120 3473 2312 3517 ἐληλαμένα

1439 3529 1516 3575 περὶ
1533 3527 1662 3575 πύργον
2176 3524 2247 3573 (jur,
2265 3522 2310 3575 β’,

1388 3579 1478 3631 τοῦδ’
1497 3580 1635 3631 ἄνακτας
1652 3581 1735 3634 ἐΐῐουι
