2488 3860
665 730 1232 782 ΕΥΡΙΠΙΔΟΥ
1306 731 1820 786 ΤΡΩΙΑΔΕΣ.

603 1137 848 1168 ΠΟΣΕῙΔΩΝ.

289 1185 388 1222 Ἵ-Ικω
406 1187 516 1221 λιπὼν
534 1183 672 1231 Αἴγαιον
689 1187 840 1231 ἁλμυρὸν
857 1186 963 1227 βάθος

292 1241 416 1275 πόντου
436 1238 623 1277 Ποσειδῶν,
644 1238 726 1272 ἔνθα
746 1238 908 1284 Νηρῄδων
924 1243 1022 1285 χοροὶ

293 1292 479 1327 κάλλιστον
495 1289 589 1335 ἴχνος
607 1289 852 1332 ἐξελίσσουσιν
868 1292 982 1327 ποδός·

294 1344 334 1387 ἐξ
352 1343 391 1377 οῦ
409 1343 475 1389 γὰρ
494 1342 583 1387 ἀμφὶ
601 1341 698 1386 τήνδε
717 1342 866 1389 Τρωικὴν
881 1343 988 1388 χθόνα

293 1397 418 1437 Φοῖβός
436 1410 472 1429 τε
492 1394 581 1440 κάγὼ
599 1391 735 1434 λαΐνους
752 1394 902 1440 πύργους
919 1397 1018 1443 πέριξ

293 1444 448 1495 ὀρθοῖσιν
466 1446 582 1491 ἔθεμεν
600 1449 747 1488 κανόσιν,
768 1446 883 1481 οὔποτ’
904 1448 939 1481 ἐκ
958 1450 1091 1495 φρενῶν

293 1498 389 1535 εὔνοι’
409 1499 538 1542 ἀπέστη
556 1502 623 1532 τῶν
642 1498 729 1543 ἐμῶν
747 1502 888 1545 Φρυγῶν
905 1501 1017 1543 πόλει,

292 1552 313 1597 ἦ
332 1554 389 1587 νῦν
407 1553 585 1586 καπνοῦται
604 1551 657 1585 καὶ
674 1553 759 1596 πρὸς
778 1550 935 1598 Ἀργείου
954 1553 1053 1590 δοοὸς

293 1604 405 1639 ὄλωλε
421 1602 632 1650 πορθηθεῖσ’.
670 1605 688 1637 ὁ
706 1604 772 1651 γὰρ
791 1605 929 1650 Παρνάυ
937 1621 986 1642 ιυς

295 1656 427 1692 Φωκεὺς
445 1653 580 1692 Ἐπειὸς
597 1658 781 1701 μηχαναῖσι
799 1657 985 1694 Παλλάδος

295 1708 447 1756 ἐγκύμον’
468 1706 572 1743 ἵππον
589 1708 736 1754 τευχέων
753 1709 966 1755 ξυναρμόσας

292 1761 430 1808 πύργων
447 1761 600 1807 ἔπεμψεν
620 1761 722 1801 ἐντὸς,
743 1761 899 1809 ὀλέθριον
915 1762 1034 1809 βάρος·

292 1813 370 1849 ὅθέν
385 1813 470 1860 πρὸς
487 1813 616 1860 ἀνδρῶν
633 1811 785 1860 ὕστὲρων
803 1813 1004 1858 κεκλήσεται

294 1864 444 1913 δούρὲιος
461 1863 574 1907 ἵππος,
586 1866 732 1912 κρυπτὸν
749 1866 931 1912 ἀμπισχὼν
948 1867 1039 1914 δόρυ.

295 1920 400 1966 ἔρημα
417 1916 447 1953 δ’
468 1918 559 1962 ἅλση
579 1919 632 1953 καὶ
651 1918 735 1953 θεῶν
752 1918 916 1965 ἀνάκτορα

294 1972 389 2018 φόνῳ
408 1972 572 2017 καταρρεῖ·
598 1972 684 2017 πρὸς
702 1971 738 2005 δὲ
756 1971 923 2017 κρηπίδων
939 1971 1082 2019 βάθροις

294 2024 447 2059 πέπτωκε
465 2022 616 2070 Πρίαμος
634 2023 736 2067 Ζηνὸς
754 2024 881 2069 ἑρκείου
900 2023 1018 2059 θανών.

295 2076 403 2115 πολὺς
418 2075 454 2114 δὲ
471 2075 601 2122 χρυσὸς
619 2074 748 2123 Φρύγιά
765 2090 802 2110 τε
816 2075 1031 2121 σκυλεύματα

295 2130 380 2178 πρὸς
397 2133 475 2166 ναῦς
492 2130 638 2174 Ἀχαιῶν
655 2129 829 2175 πέμπεται·
856 2128 995 2175 μένουσι
1014 2128 1051 2166 δὲ

294 2182 484 2230 πρύμνηθεν
502 2181 611 2229 οὖρον,
632 2184 681 2226 ὡς,
694 2184 891 2231 δεκασπόρῳ
908 2185 1020 2232 χρόνῳ

298 2236 446 2281 ἀλόχους
462 2249 499 2269 τε
518 2236 571 2270 καὶ
588 2235 672 2271 τέκν’
692 2236 868 2271 εἰσίδωσιν
886 2236 1036 2281 ἅσμενοι,

297 2286 329 2323 οἳ
346 2287 436 2333 τήνδ’
456 2288 728 2334 ἐπεστράτευσαν
739 2287 906 2333 Ἕλληνες
921 2290 1034 2324 πόλιν.

298 2341 363 2387 ἐγὼ
382 2340 429 2384 δέ,
449 2343 586 2384 νικῶμαι
603 2342 669 2388 γὰρ
689 2339 844 2388 Ἀργείας
862 2340 940 2375 θεοῦ

291 2391 403 2439 ’Ἤρας
422 2391 564 2428 Ἀθάνας
582 2392 626 2434 θ’,
646 2391 679 2428 αἲ
699 2393 895 2437 συνεξεῖλον
913 2393 1056 2440 Φρύγας,

296 2446 403 2480 λείπω
420 2445 459 2479 τὸ
478 2446 609 2481 κλεινὸν
619 2444 729 2481 Ἴλιον
745 2445 881 2492 βωμούς
898 2445 926 2480 τ’
947 2446 1054 2491 ἐμούς·

298 2498 414 2544 ἐρημία
430 2498 496 2544 γὰρ
514 2498 615 2533 πόλιν
633 2498 711 2533 ὅταν
728 2500 821 2543 λάβῃ
841 2498 933 2543 κακὴ,

298 2551 392 2584 νοσεῖ
408 2550 450 2583 τὰ
466 2553 532 2584 τῶν
550 2549 634 2585 θεῶν
652 2551 727 2585 οὐδὲ
745 2551 906 2596 τιμᾶσθαι
926 2550 1029 2588 θέλει.

296 2602 441 2637 πολλοῖς
459 2602 494 2637 δὲ
513 2606 710 2638 κωκυτοῖσιν
727 2603 984 2649 αἰχμαλωτίδων

295 2655 363 2699 βοᾷ
381 2654 590 2701 Σκάμανδρος
609 2655 775 2692 δεσπότας
793 2657 1035 2703 κληρουμένων.

298 2708 350 2741 καὶ
368 2706 427 2742 τὰς
444 2708 504 2750 μὲν
520 2706 651 2753 Ἀρκὰς,
670 2708 727 2744 τὰς
748 2708 784 2743 δὲ
803 2709 985 2745 Θεσσαλὸς
1002 2710 1088 2745 λεὼς

297 2756 406 2803 εἴληχ’
426 2758 607 2803 Ἀθηναίων
623 2774 660 2794 τε
679 2761 840 2804 Θησεῖδαι
857 2762 992 2807 πρόμοι.

298 2809 378 2845 ὅσαι
396 2810 424 2844 δ’
445 2811 584 2858 ἄκληροι
602 2813 776 2859 Τρῳάδων,
795 2813 859 2848 ὑπὸ
878 2813 1015 2859 στέγαις

297 2862 406 2897 ταῖσδ’
427 2862 506 2906 εἶσὶ,
525 2866 594 2899 τοῖς
611 2866 796 2910 πρώτοισιν
815 2866 1010 2912 ἐξῃρημέναι

299 2916 456 2961 στρατοῦ,
477 2915 541 2950 σὺν
557 2916 670 2952 αὐταῖς
691 2916 718 2951 δ’
738 2917 757 2961 ἡ
778 2918 921 2952 Λάκαινα
939 2919 1098 2965 Τυνδαρὶς

297 2966 429 3011 Ἑλένη,
450 2967 639 3011 νομισθεῖσ’
658 2969 871 3014 αἰχμάλωτος
890 2971 1036 3007 ἐνδίκως.

297 3018 358 3063 τὴν
375 3018 404 3053 δ’
423 3019 545 3054 ἀθλίαν
563 3019 651 3063 τήνδ’
672 3020 702 3055 εἴ
718 3035 768 3057 τις
786 3022 923 3068 εἰσορᾶν
941 3023 1047 3066 θέλει,

295 3072 467 3117 πάρεστιν,
486 3070 632 3116 Ἑκάβην
650 3074 798 3117 κειμένην
814 3075 930 3108 πυλῶν
947 3077 1063 3121 πάρος,

298 3124 423 3169 δάκρυα
439 3124 588 3168 χέουσαν
604 3126 720 3158 πολλὰ
738 3127 791 3160 καὶ
808 3127 949 3162 πολλῶν
966 3125 1061 3173 ὕπερ·

297 3172 320 3219 ᾗ
336 3177 413 3211 παῖς
430 3175 491 3220 μὲν
508 3175 596 3222 ἀμφὶ
614 3177 709 3221 μνῆμ’
729 3177 924 3222 Ἀχιλλείου
942 3180 1053 3225 τάφου

294 3227 407 3273 λάθρα
423 3227 558 3272 τέθνηκε
576 3229 747 3273 τλημόνως
765 3229 952 3274 Πολυξένη,

298 3279 448 3326 φροῦδος
466 3279 502 3313 δὲ
521 3280 670 3326 Πρίαμος
689 3282 741 3315 καὶ
759 3278 858 3315 τέκν’·
887 3281 926 3327 ἣν
944 3283 979 3318 δέ
997 3282 1162 3327 παρθένον

296 3331 410 3376 μεθῆκ’
431 3330 612 3367 Ἀπόλλων
629 3333 778 3379 δρομάδα
796 3335 995 3381 Κασάνδραν
1013 3335 1108 3379 ἅναξ,

298 3383 338 3417 τὸ
355 3385 415 3417 τοῦ
434 3383 511 3418 θεοῦ
529 3398 566 3418 τε
583 3386 782 3431 παραλιπὼν
798 3388 837 3420 τό
854 3384 885 3420 τ’
906 3387 1046 3428 εὐσεβὲς

296 3437 398 3481 γαμεῖ
412 3435 531 3476 βιαίως
550 3437 685 3471 σκότιον
703 3437 918 3484 Ἀγαμέμνων
935 3439 1049 3484 λέχος.

298 3484 393 3527 ἀλλ’,
412 3486 438 3521 ὦ
455 3486 531 3522 ποτ’
551 3488 750 3535 εὐτυχοῦσα,
768 3489 867 3535 χαῖρέ
881 3504 948 3534 μοι,
966 3493 1077 3535 πόλις,

299 3539 422 3584 ξεστόν
438 3553 475 3574 τε
491 3537 654 3588 πύργωμ’·
682 3540 713 3577 εἴ
729 3556 771 3577 σε
788 3542 832 3587 μὴ
852 3542 995 3577 διώλεσε

1200 1674 1236 1694 10

1198 1935 1234 1968 15

1196 2198 1236 2222 20

1196 2459 1233 2493 25

1194 2723 1235 2753 30

1193 2983 1231 3014 35

1194 3245 1235 3275 40

1253 2869 1260 3454 -.————-—-———
1254 1155 1261 2854 w——m

1194 3504 1233 3535 45

1283 1193 1352 1222 ΑΘ.

1284 1349 1356 1378 ΠΟ.

1284 1454 1351 1483 ΑΘ.

1282 1559 1357 1587 110.

1281 1663 1350 1693 ΑΘ.

1283 1767 1355 1797 ΠΟ.

1280 1872 1353 1902 ΑΘ.

1280 1977 1356 2008 ΠΟ.

1281 2082 1350 2113 ΑΘ.

1282 2190 1359 2220 ΠΟ.

1282 2297 1352 2326 ΑΒ.

1281 2348 1357 2378 ΠΟ.

1281 2401 1350 2430 ΑΘ.

1280 2453 1356 2483 ΠΟ.

1282 2506 1351 2536 ΑΘ.

1281 2559 1355 2588 ΠΟ.

1281 2611 1349 2640 ΑΘ.

1280 2664 1353 2692 ΠΟ.

1280 2716 1349 2746 ΑΘ.

1281 3235 1354 3265 ΠΟ.

1384 1134 1527 1169 Παλλὰς
1546 1134 1624 1170 Διὸς
1641 1135 1729 1174 παῖς,
1749 1131 1830 1177 ἦσθ’
1849 1133 1889 1167 ἂν
1907 1133 1943 1167 ἐν
1960 1132 2102 1179 βάθροις
2121 1134 2179 1168 ἔτι.

1383 1187 1496 1230 ἔξεστι
1514 1185 1573 1221 τὸν
1589 1186 1678 1232 γένει
1696 1186 1757 1230 μὲν
1773 1185 1940 1232 ἄγχιστον
1955 1186 2092 1232 πατρὸς,

1383 1240 1489 1285 μέγαν
1506 1253 1543 1273 τε
1561 1238 1687 1283 δαίμον’
1708 1239 1742 1272 ἐν
1760 1237 1849 1273 θεοῖς
1865 1252 1902 1272 τε
1919 1237 2040 1282 τίμιον,

1382 1291 1542 1326 λύσασαν
1559 1290 1684 1336 ἔχθραν
1700 1291 1760 1335 τὴν
1776 1290 1893 1336 πάρος,
1911 1292 2173 1336 προσεννέπειν;

1383 1344 1526 1387 ἔξεστιν·
1555 1345 1588 1378 αἱ
1606 1345 1672 1390 γὰρ
1691 1344 1866 1389 συγγενεῖς
1884 1343 2024 1387 ὁμιλίαι,

1384 1395 1506 1431 ι’ίνασσ’
1526 1395 1663 1434 Ἀθάνα,
1682 1396 1828 1441 φίλτρον
1846 1395 1885 1429 οὐ
1904 1396 2046 1441 σμικρὸν
2063 1396 2205 1443 φρενῶν.

1386 1447 1520 1493 ἐπῄνεσ’
1542 1448 1644 1495 ὀργὰς
1662 1446 1788 1492 ἠπίους·
1817 1448 1912 1493 φέρω
1931 1448 1966 1482 δὲ
1986 1449 2043 1483 σοὶ

1384 1501 1513 1536 κοινοὺς
1532 1502 1653 1546 ἐμαυτῇ
1671 1499 1701 1534 τ’
1723 1501 1755 1536 ἐς
1774 1500 1880 1544 μέσον
1896 1500 2032 1543 λόγους,
2052 1501 2147 1544 ἅναξ.

1382 1557 1453 1598 μῶν
1471 1554 1507 1587 ἐκ
1526 1552 1610 1588 θεῶν
1626 1555 1686 1587 τοῦ
1705 1555 1815 1587 καινὸν
1832 1551 2017 1598 ἀγγέλλεις
2034 1553 2124 1594 ἔπος,

1383 1604 1402 1650 ἦ
1424 1607 1533 1650 Ζηνὸς,
1552 1608 1573 1650 ἡ
1592 1605 1646 1639 καὶ
1664 1605 1827 1650 δαιμόνων
1844 1604 1932 1640 τινὸς
1949 1606 2061 1651 πάρα,·

1384 1658 1453 1699 οὒκ,
1474 1657 1565 1692 ἀλλὰ
1582 1658 1701 1703 Τροίας
1719 1655 1837 1700 οὕνεκ’,
1856 1655 1935 1691 ἔνθα
1951 1657 2120 1702 βαίνομεν,

1382 1712 1467 1757 πρὸς
1485 1710 1551 1755 σὴν
1568 1709 1714 1756 ἀφῖγμαι
1733 1708 1880 1754 δύναμιν,
1902 1709 1946 1744 ὡς
1964 1709 2074 1754 κοινὴν
2090 1710 2201 1752 λάβω.

1382 1762 1401 1806 ἧ
1420 1762 1486 1799 πού
1505 1777 1555 1797 νιν
1573 1762 1697 1808 ἔχθραν
1714 1762 1773 1806 τὴν
1790 1763 1869 1808 πρὶν
1886 1761 2082 1803 ἐκβαλοῦσα
2100 1765 2157 1798 νῦν

1386 1816 1432 1851 εἷς
1450 1813 1561 1850 οἶκτον
1578 1814 1680 1858 ἦλθες
1696 1815 1777 1861 πυρὶ
1796 1813 2093 1859 κατῃθαλωμένης,·

1386 1869 1495 1903 ἐκεῖσε
1512 1867 1615 1914 πρῶτ’
1635 1866 1765 1901 ἄνελθε·
1794 1867 1948 1901 κοινώσει
1965 1866 2090 1912 λόγους

1385 1922 1438 1955 καὶ
1457 1918 1680 1964 συνθελήσεις
1698 1918 1737 1954 ἂν
1756 1920 1821 1966 ἐγὼ
1838 1919 1963 1965 πρᾶξαι
1983 1918 2098 1960 θέλω,-

1382 1972 1533 2017 μάλιστ’·
1561 1971 1644 2018 ἀτὰρ
1663 1971 1702 2016 δὴ
1723 1972 1775 2006 καὶ
1792 1973 1831 2007 τὸ
1850 1971 1914 2006 σὸν
1928 1970 2022 2005 θέλω
2039 1971 2167 2016 μαθεῖν,

1384 2026 1527 2071 πότερον
1545 2023 1692 2069 Ἀχαιῶν
1709 2023 1811 2068 ἦλθες
1829 2022 1932 2059 οὕνεκ’
1952 2023 1971 2068 ἢ
1991 2027 2137 2070 Φρυγῶν.

1380 2078 1458 2114 τοὺς
1475 2079 1536 2123 μὲν
1552 2078 1632 2124 πρὶν
1651 2076 1791 2123 ἐχθροὺς
1808 2081 1922 2123 Τρῶας
1940 2076 2102 2122 εὐφρᾶναι
2121 2076 2225 2118 θέλω,

1387 2134 1520 2180 στρατῷ
1541 2129 1570 2166 δ’
1591 2130 1736 2176 Ἀχαιῶν
1754 2131 1875 2164 νόστον
1894 2129 2054 2172 ἐμβαλεῖν
2070 2130 2199 2176 πικρόν.

1385 2185 1419 2219 τί
1439 2183 1466 2219 δ’
1486 2184 1551 2219 ὧδε
1568 2184 1675 2229 πηδᾷς
1692 2180 1811 2216 ἄλλοτ’
1831 2182 1878 2218 εἷς
1895 2181 2021 2217 ἅλλους
2037 2182 2192 2227 τρόπους,

1384 2239 1496 2283 μισεῖς
1513 2251 1550 2271 τε
1567 2236 1647 2270 λίαν
1664 2236 1717 2269 καὶ
1735 2236 1850 2280 φιλεῖς
1869 2232 1906 2269 ὃν
1924 2233 1964 2268 ἂν
1979 2232 2104 2278 τύχῃς,-

1385 2291 1444 2324 ούκ
1463 2287 1555 2324 οἶσθ’
1577 2287 1803 2334 ὑβρισθεῖσάν
1819 2301 1861 2331 με
1879 2286 1932 2320 καὶ
1950 2286 2047 2321 ναοὺς
2066 2285 2184 2331 ἐμούς,·

1384 2340 1460 2385 οἶδ’,
1479 2340 1559 2386 ἡνίκ’
1579 2338 1660 2376 Α’ίας
1678 2337 1771 2374 εἷλκε
1789 2339 1989 2384 Κασάνδραν
2005 2339 2074 2383 βίᾳ.

1385 2394 1499 2429 κούδέν
1517 2393 1549 2440 γ’
1570 2392 1716 2438 Ἀχαιῶν
1733 2392 1856 2427 ἔπαθεν
1872 2389 1942 2426 οὐδ’
1962 2389 2081 2435 ἤκουσ’
2099 2388 2176 2426 ὕπο.

1384 2449 1437 2482 καὶ
1454 2447 1519 2492 μὴν
1536 2446 1683 2493 ἔπερσάν
1698 2444 1731 2492 γ’
1744 2443 1852 2479 Ἴλιον
1869 2445 1916 2492 τῷ
1936 2443 1987 2491 σῷ
2006 2442 2130 2477 σθένει.

1383 2499 1502 2546 τοιγάρ
1521 2499 1594 2543 σφε
1613 2497 1677 2532 σὺν
1695 2497 1753 2532 σοὶ
1769 2495 1937 2541 βούλομαι
1955 2495 2078 2542 δρᾶσαι
2096 2498 2211 2532 κακῶς.

1383 2550 1485 2596 ἕτοιμ’
1505 2549 1526 2585 ἃ
1543 2548 1664 2592 βούλει
1681 2548 1758 2584 τάπ’
1779 2549 1869 2594 ἐμοῦ.
1907 2548 2042 2594 δράσεις
2059 2547 2096 2581 δὲ
2113 2547 2168 2588 τίς

1380 2603 1569 2639 δύσνοστον
1586 2602 1696 2638 αὐτοῖς
1714 2603 1836 2636 νόστον
1853 2601 2014 2645 ἐμβαλεῖν
2031 2599 2133 2635 θέλω.

1382 2657 1417 2691 ἐν
1432 2657 1476 2702 γῇ
1493 2656 1658 2700 μενόντων
1675 2653 1694 2699 ἢ
1714 2652 1787 2688 καθ’
1808 2653 1959 2699 ἁλμυρὰν
1976 2652 2064 2692 ἅλας

1383 2707 1462 2743 ὅταν
1478 2708 1562 2755 πρὸς
1579 2705 1688 2742 οἴκους
1709 2703 1919 2742 ναυστολῶσ’
1938 2704 1993 2740 ἀπ’
2012 2704 2128 2739 Ἰλίου.

1384 2761 1437 2795 καὶ
1455 2760 1535 2796 Ζεὺς
1553 2759 1614 2805 μὲν
1631 2758 1761 2805 ὄμβρον
1780 2758 1832 2792 καὶ
1849 2758 2001 2802 χάλαζαν
2018 2757 2166 2792 ἄσπετον

1381 2813 1513 2859 πέμψει
1531 2812 1687 2857 δνοφώδη
1706 2809 1736 2845 τ’
1757 2810 1888 2857 αἶθέρος
1905 2808 2100 2855 φυσήματα,

1382 2866 1455 2909 ἐμοὶ
1473 2864 1509 2899 δὲ
1528 2865 1651 2899 δώσειν
1669 2864 1759 2909 φησὶ
1777 2864 1844 2909 πῦρ
1863 2860 2042 2908 κεραύνιον,

1381 2917 1526 2959 βάλλειν
1545 2914 1702 2962 Ἀχαιοὺς
1720 2917 1797 2951 ναῦς
1813 2929 1851 2949 τε
1867 2914 2050 2960 πιμπράναι
2067 2927 2161 2960 πυρι.

1381 2968 1427 3004 σὺ
1445 2967 1474 3003 δ’
1494 2968 1535 3003 αὖ
1553 2970 1591 3003 τὸ
1615 2971 1678 3003 σὸν
1694 2969 1870 3014 παράσχες
1889 2964 2025 3013 Αἴγαιον
2041 2966 2146 3012 πόρον

1383 3021 1567 3067 τρικυμίαις
1584 3020 1753 3067 βρέμοντα
1771 3021 1824 3054 καὶ
1843 3019 1946 3055 δίναις
1963 3020 2056 3057 ἁλὸς,

1383 3073 1518 3117 πλῆσον
1536 3073 1572 3108 δέ
1591 3075 1714 3119 νεκρῶν
1731 3073 1847 3107 κοῖλον
1864 3071 2009 3113 Εὖβοίας
2026 3069 2145 3115 μυχὸν,

1384 3126 1427 3160 ὡς
1446 3124 1485 3159 ἂν
1498 3127 1536 3160 τὸ
1554 3126 1675 3160 λοιπὸν
1691 3123 1768 3169 τᾶμ’
1785 3121 1936 3170 ἀνάκτορ’
1957 3123 2110 3162 εὐσεβεῖν

1383 3174 1497 3212 ‘isam’
1518 3175 1651 3222 Ἀχαιοὶ
1670 3175 1765 3213 θεούς
1782 3191 1819 3211 τε
1835 3175 1914 3212 τοὺς
1931 3175 2056 3210 ἄλλους
2075 3172 2203 3214 σέβειν.

1380 3231 1476 3264 ἔσται
1493 3229 1575 3264 τάδ’·
1603 3229 1622 3273 ἡ
1641 3230 1739 3275 χάρις
1754 3229 1821 3275 γὰρ
1835 3228 1874 3262 οὐ
1891 3231 2024 3273 μακρῶν
2039 3227 2152 3271 λόγων

1383 3282 1498 3317 δεῖται·
1526 3281 1658 3328 ταράξω
1675 3281 1830 3327 πέλαγος
1847 3279 1985 3326 Αἰγαίας
2001 3280 2092 3314 ἁλός.

1383 3333 1478 3368 ἀκταὶ
1498 3334 1533 3368 δὲ
1554 3334 1708 3368 Μυκόνου
1728 3331 1848 3377 Δήλιοί
1864 3346 1901 3367 τε
1918 3331 2074 3377 χοιράδες

1384 3387 1507 3432 Σκῦρός
1524 3400 1561 3420 τε
1580 3386 1709 3430 Λῆμνός
1726 3383 1759 3420 θ’
1778 3386 1812 3419 αἱ
1832 3382 2017 3429 Καφήρειοί
2032 3380 2064 3417 τ’
2083 3383 2180 3428 ἄκραι

1383 3438 1522 3473 πολλῶν
1540 3437 1704 3472 θανόντων
1723 3434 1853 3482 σώμαθ’
1869 3435 2005 3479 ἕξουσιν
2022 3438 2155 3481 νεκρῶν.

1383 3487 1464 3524 ἀλλ’
1484 3488 1754 3535 ἕρπ’*Ολυμπον,
1773 3489 1827 3523 καὶ
1844 3487 2032 3534 κεραυνίους
2049 3488 2159 3529 βολὰς

1381 3542 1541 3584 λαβοῦσα
1557 3541 1683 3588 πατρὸς
1700 3540 1737 3576 ἐκ
1753 3543 1862 3588 χερῶν
1879 3539 2063 3587 καραδόκει,

2281 1306 2320 1337 50

2282 1567 2317 1600 55

2280 2082 2319 2124 6⁵

2283 2350 2321 2383 70

2283 2610 2320 2646 75

2279 2866 2319 2897 80
