2488 3860
139 400 199 439 10.

140 460 198 492 01.

140 566 198 596 10.

140 619 197 648 01.

139 671 197 701 10.

139 776 196 806 01.

138 828 197 858 10.

139 934 197 964 01.

138 987 197 1017 10.

139 1040 197 1071 01.

140 1145 194 1176 10.

138 1252 196 1283 01.

138 1357 194 1387 10.

137 1411 194 1440 01.

138 1516 194 1546 [0.

136 1569 194 1599 ΟῙ.

139 1674 194 1705 ΙΟ.

136 1780 193 1810 01.

107 1906 112 1910 .
136 1885 192 1915 10.

136 1938 192 1967 01.

136 1990 191 2021 [Ο.

138 2352 196 2383 01.

138 2405 196 2435 10.

139 2458 195 2488 01.

139 2563 195 2593 10.

183 2645 187 2649 .
242 2612 333 2659 κάγὼ
350 2613 393 2647 τά
408 2612 441 2661 γ’
462 2614 498 2648 ἐν
516 2615 574 2649 σοὶ
592 2615 778 2662 δυσφόρως
795 2614 917 2661 ἔχοντ’,
937 2615 1034 2659 ἅναξ.

140 2668 196 2698 ΟῙ.

864 276 1161 338 ommo‘rz
1198 294 1530 340 TwPANNoz.

243 398 343 438 ποίας
359 401 519 449 μερίμνης
535 399 632 437 τοῦθ’
653 403 887 451 ὑποστραφεὶς
903 404 1037 452 λέγεις;

245 455 338 500 ἔδοξ’
358 455 503 491 ἀκοῦσαι
523 454 589 490 σοῦ
604 455 687 496 τόδ’,
706 457 751 493 ὡς
768 459 788 492 ὁ
806 458 908 494 Λάϊος

242 507 478 555 κατασφαγείη
494 509 581 555 πρὸς
597 511 755 555 τριπλαῖς
771 510 958 555 ἁμαξιτοῖς.

243 561 367 606 ηὗδᾶτο
383 561 451 608 γὰρ
467 559 560 596 ταῦτ’
579 561 658 596 οὐδέ
675 576 728 597 πω
745 561 883 607 λήξαντ’
903 564 987 609 ἔχει.

242 614 297 649 καὶ
313 616 381 649 ποῦ
397 612 471 648 ’σθ’
491 615 510 648 ὁ
527 617 640 660 χῶρος
657 613 756 651 οὗτος
774 614 815 650 οὗ
832 615 902 651 τόδ’
921 615 962 660 ἦν
978 616 1086 653 πάθος
1102 629 1111 657 ;

245 667 353 702 Φωκὶς
369 666 432 711 μέν
448 664 468 710 ἡ
485 667 530 712 γῆ
547 665 716 711 κλῄζεται,
735 669 866 714 σχιστὴ
885 668 914 704 δ’
933 669 1012 706 ὁδὸς

243 719 278 755 ἐς
294 719 396 754 ταύτὸ
415 720 566 765 Δελφῶν
583 719 670 755 κάπὸ
690 721 840 758 Δαυλίας
857 721 944 769 ἄγει.

241 772 296 806 καὶ
312 771 364 808 τίς
379 772 504 818 χρόνος
521 771 630 807 τοῖσδ’
651 772 747 808 ἐστὶν
764 774 1024 819 οὗξεληλυθώς;

243 825 371 870 σχεδόν
387 838 420 859 τι
436 823 591 871 πρόσθεν
607 823 627 869 ἢ
648 825 694 860 σὺ
711 826 809 870 τῆσδ’
828 827 917 872 ἔχων
933 827 1064 873 χθονὸς

241 876 350 923 ἀρχὴν
367 876 510 923 ἐφαίνου
527 876 618 911 τοῦτ’
638 877 806 925 ἐκηρύχθη
824 881 938 915 πόλει.

243 929 270 964 ὦ
288 931 363 967 Ζεῦ,
383 929 418 964 τί
433 944 500 975 μου
518 930 643 976 δρᾶσαι
660 930 897 973 βεβούλευσαι
914 932 992 980 πέρι
1007 945 1016 973 ;

243 982 278 1017 τί
294 981 323 1017 δ’
343 982 421 1017 ἐστί
439 996 498 1017 σοι
515 981 619 1023 τοῦτ’,
642 983 815 1028 Οἰδίπους,
831 983 1008 1030 ἐνθύμιον;

243 1033 342 1080 μήπω
359 1034 394 1079 μ’
413 1035 533 1082 ἐρώτα.
562 1036 622 1070 τὸν
639 1035 677 1071 δὲ
695 1037 798 1072 Λάϊον
815 1036 926 1083 φύσιν

240 1087 302 1123 τίν’
321 1084 394 1134 εἶχε
411 1088 534 1134 φράζε,
553 1087 628 1123 τίνα
645 1088 675 1123 δ’
695 1089 802 1135 ἀκμὴν
819 1090 906 1135 ἥβης
923 1091 1023 1137 ἔχων.

239 1140 356 1188 μέγας,
374 1141 528 1186 χνοάζων
544 1139 621 1187 ἅρτι
637 1142 820 1179 λευκανθὲς
838 1144 934 1190 κάρα,

239 1194 378 1240 μορφῆς
394 1194 432 1228 δὲ
449 1195 510 1239 τῆς
528 1194 593 1238 σῆς
610 1194 671 1229 οὐκ
688 1195 872 1230 ἀπεστάτει
890 1195 994 1232 πολύ.

242 1244 334 1292 οἴμοι
350 1247 467 1282 τάλας·
498 1245 577 1281 ἔοικ’
598 1246 740 1292 ἐμαυτὸν
757 1248 805 1284 εἷς
822 1248 906 1295 ἀρὰς

239 1299 349 1335 δεινὸς
364 1299 578 1346 προβάλλων
594 1299 718 1346 ἀρτίως
734 1301 795 1335 οὐκ
814 1301 947 1338 εἰδέναι.
1125 1312 1183 1347 745

237 1355 310 1388 πῶς
326 1351 396 1398 φῄς
406 1364 416 1392 ;
446 1352 532 1387 ὀκνῶ
549 1367 603 1387 τοι
619 1353 706 1399 πρὸς
724 1353 757 1388 σ’
777 1352 1027 1394 ἀπσσκοποῦσ’,
1046 1353 1142 1399 ἅναξ.

241 1405 356 1441 δεινῶς
372 1403 490 1450 ἀθυμῶ
507 1405 553 1450 μὴ
570 1405 712 1448 βλέπων
730 1408 749 1441 ὁ
766 1407 883 1451 μάντις
899 1404 935 1452 ᾖ.

241 1457 363 1502 δείξεις
380 1457 418 1492 δέ
435 1459 582 1502 μᾶλλον,
603 1457 644 1503 ἢν
661 1457 697 1494 ἓν
715 1459 850 1504 ἐξείπῃς
868 1460 931 1495 ἔτι.

695 1512 714 1524 .,
864 1515 879 1522 -
906 1512 915 1524 ‚
945 1513 954 1525 ‚
981 1516 996 1524 .-

282 1510 537 1524 xxxxx

1122 521 1183 556 7³0

1124 787 1181 819 735

1123 1047 1184 1082 740

239 1565 384 1610 πότερον
402 1563 522 1610 ἐχώρει
539 1565 649 1606 βαιὸς,
670 1563 690 1608 ῆ
708 1565 863 1601 πολλοὺς
880 1566 970 1611 ἔχων

237 1616 359 1663 ἄνδρας
376 1616 520 1662 λοχίτας
537 1613 589 1650 οἷ’
608 1616 691 1663 ἀνὴρ
709 1617 898 1664 ἀρχηγέτης
913 1631 923 1659 ;

239 1668 330 1704 πέντ’
349 1667 439 1713 ἦσαν
456 1670 489 1703 οἶ
507 1667 708 1714 ξύμπαντες,
729 1670 765 1705 ἐν
783 1668 812 1705 δ’
830 1670 985 1706 αὐτοῖσιν
1001 1668 1043 1715 ἦν

238 1718 356 1769 κῆρυξ·
385 1720 494 1766 ἀπήνη
513 1721 542 1756 δ’
561 1720 623 1769 ἦγε
640 1723 744 1757 Λάῖον
760 1722 833 1768 μία.

239 1774 320 1815 αἰαῖ,
340 1774 411 1810 τάδ’
431 1775 494 1819 ἤδη
513 1775 672 1821 διαφανῆ.
701 1775 753 1812 τίς
769 1774 810 1820 ἦν
826 1777 910 1812 ποτέ

235 1828 255 1862 ὁ
273 1826 399 1863 τούσδε
415 1826 520 1871 λέξας
537 1829 616 1864 τοὺς
632 1829 760 1875 λόγους
776 1828 865 1874 ὑμῖν,
883 1827 981 1876 γύναι
997 1842 1007 1870 ;

238 1879 346 1916 οἶκεύς
363 1894 426 1922 τις,
446 1879 557 1927 ὅσπερ
574 1878 654 1915 ἵκετ’
674 1880 835 1917 ἐκσωθεὶς
851 1882 967 1926 μόνος.

237 1931 264 1977 ἢ
277 1933 337 1968 κάν
355 1933 493 1978 δόμοισι
510 1934 672 1980 τυγχάνει
690 1936 792 1979 τανῦν
808 1935 947 1981 παρών;

238 1985 279 2020 οὐ
297 1984 380 2029 δῆτ’·
410 1984 473 2031 ἀφ’
493 1984 534 2020 οὗ
550 1987 618 2032 γὰρ
636 1985 746 2021 κεῖθεν
762 1985 848 2030 ἦλθε
866 1988 920 2022 καὶ
937 1987 1040 2032 κράτη

240 2033 285 2068 σέ
299 2033 329 2068 τ’
350 2030 408 2069 εἶδ’
428 2035 551 2080 ἔχοντα
569 2037 671 2071 Λάῖόν
688 2035 717 2070 τ’
737 2036 906 2077 ὀλωλότα,

1123 1576 1186 1611 750

1123 1839 1183 1875 755

240 2085 431 2130 ἐξικέτευσε
448 2088 508 2132 τῆς
526 2088 607 2133 ε’μῆς
623 2090 739 2135 χειρὸς
756 2089 860 2136 θιγὼν

239 2137 364 2185 ἀγρούς
382 2140 456 2185 σφε
473 2140 610 2187 πέμψαι
627 2141 708 2176 κάπὶ
724 2141 889 2187 ποιμνίων
905 2142 1021 2187 νομὰς,

240 2191 285 2227 ὡς
301 2192 470 2227 πλεῖστον
487 2191 536 2237 εἴη
554 2193 646 2228 τοῦδ’
666 2194 817 2231 ἄποπτος
834 2194 978 2231 ἄστεως.

241 2243 394 2290 κάπεμψ’
414 2245 480 2291 ἐγώ
499 2260 560 2281 νιν.
580 2245 676 2290 ἄξιος
692 2247 759 2294 γὰρ
777 2244 827 2282 οἷ’
847 2247 930 2294 ἀνὴρ

242 2296 367 2333 δοῦλος
384 2296 539 2344 φέρειν’
519 2312 561 2342 ην
577 2299 684 2344 τῆσδε
701 2300 755 2334 καὶ
771 2300 874 2345 μείζω
891 2301 1005 2364 χάριν.

241 2402 419 2448 πάρεστιν.
449 2403 542 2438 ἀλλὰ
558 2405 645 2451 πρὸς
662 2404 696 2439 τί
713 2404 802 2440 τοῦτ’
823 2405 983 2451 ἐφίεσαι,

242 2454 362 2489 δέδοικ’
383 2455 538 2501 ἐμαυτὸν,
559 2455 585 2490 ὦ
602 2455 712 2504 γύναι,
730 2457 776 2503 μὴ
794 2457 899 2493 πόλλ’
918 2472 1004 2504 αγαν

241 2506 382 2553 εἷρημέν’
401 2505 424 2553 ᾗ
439 2523 498 2553 μοι
516 2508 558 2544 δι’
577 2510 600 2544 ἅ
618 2524 668 2545 νιν
685 2510 825 2545 εἰσιδεῖν
842 2509 949 2546 θέλω.

242 2559 320 2594 ἀλλ’
340 2557 448 2604 ἵξεται
465 2561 537 2606 μέν·
567 2562 647 2606 ἀξία
664 2562 704 2598 δέ
718 2577 786 2598 που
802 2562 921 2608 μαθεῖν

1125 2625 1186 2660 770

244 2665 304 2700 κοῦ
321 2665 367 2710 μὴ
387 2666 554 2713 στερηθῇς
570 2666 603 2714 γ’
623 2668 657 2704 ἐς
674 2670 842 2703 τοσοῦτον
859 2668 1013 2703 ἐλπίδων

242 2717 324 2763 ἐμοῦ
339 2719 508 2761 βεβῶτος.
537 2724 585 2768 τῷ
601 2720 668 2767 γὰρ
686 2720 727 2755 ἂν
744 2721 799 2755 καὶ
815 2721 941 2765 μείζονι

240 2770 371 2816 λέξαιμ’
391 2771 432 2806 ἂν
449 2769 470 2816 ἢ
490 2772 548 2807 σοὶ
566 2773 621 2807 διὰ
638 2771 743 2818 τύχης
760 2772 891 2808 τοιᾶσδ’
911 2772 992 2814 ἶώνς

242 2823 317 2868 ἐμοὶ
333 2824 443 2869 πατὴρ
460 2825 522 2869 μὲν
539 2827 702 2868 Πόλυβος
718 2823 759 2869 ἦν
777 2825 966 2872 Κορίνθιος,

241 2874 350 2922 μήτηρ
369 2876 406 2911 δὲ
425 2879 566 2923 Μερόπη
585 2877 708 2924 Δωρίς.
737 2876 866 2925 ἠγόμην
883 2877 912 2913 δ’
932 2878 1014 2925 ἀνὴρ

242 2928 357 2963 ἀστῶν
373 2928 537 2975 μέγιστος
554 2933 621 2965 τῶν
638 2931 716 2969 ἐκεῖ,
735 2930 816 2977 πρίν
831 2945 889 2975 μοι
907 2929 993 2976 τύχη

241 2980 346 3015 τοιάδ’
367 2981 506 3026 ἐπέστη,
527 2981 698 3028 θαυμάσαι
715 2983 777 3028 μὲν
794 2983 884 3027 ἀξία,

243 3033 396 3078 σπουδῆς
412 3048 453 3080 γε
470 3034 584 3079 μέντοι
602 3037 662 3080 τῆς
680 3035 761 3080 ἐμῆς
778 3035 839 3070 οὐκ
856 3035 947 3080 ἀξία.

242 3085 325 3132 ἀνὴρ
341 3086 408 3133 γὰρ
426 3086 462 3122 ἐν
479 3087 626 3124 δείπνοις
643 3089 676 3133 μ’
697 3088 950 3134 ὑπερπλησθεὶς
966 3087 1051 3134 μέθῃ

242 3140 339 3173 καλεῖ
353 3138 431 3186 παρ’
452 3137 543 3188 οἴνῳ,
562 3141 720 3177 πλαστός
738 3141 783 3176 ὣς
800 3139 870 3183 ε’ίην
886 3141 1003 3189 πατρί.

242 3190 333 3238 κάγὼ
349 3191 530 3238 βαρυνθεὶς
547 3193 607 3237 τὴν
623 3194 685 3238 μὲν
703 3192 810 3228 οὖσαν
827 3193 952 3240 ἡμέραν

242 3245 344 3289 μόλις
361 3244 540 3290 κατέσχον·
571 3245 694 3293 θάτέρα
712 3245 741 3281 δ’
761 3245 820 3280 ἶὼν
836 3246 945 3283 πέλας

242 3296 368 3342 μητρὸς
383 3298 511 3344 πατρός
529 3297 558 3333 τ’
576 3300 740 3345 ἤλεγχον·
770 3313 802 3333 οι
821 3299 858 3334 δὲ
876 3299 1063 3348 δυσφόρως

243 3347 447 3385 τοῦνειδος’
428 3364 513 3396 ηγον
529 3354 577 3399 τῷ
593 3351 726 3396 μεθέντι
743 3352 803 3386 τὸν
818 3352 937 3398 λόγον.

242 3400 334 3448 κάγὼ
351 3401 394 3435 τὰ
410 3415 472 3447 μεν
489 3403 611 3438 κείνοιν
629 3404 825 3450 ἐτερπόμην,
844 3403 934 3449 ὅμως
952 3404 981 3440 δ’

243 3453 350 3496 εκνιζέ
364 3452 398 3499 μ’
418 3469 470 3489 αει
487 3455 597 3491 τοῦθ’·
626 3456 772 3503 ὑφεῖρπε
788 3457 856 3503 γὰρ
872 3456 977 3493 πολύ.

244 3505 358 3552 λάθρα
375 3506 412 3541 δὲ
429 3509 556 3555 μητρὸς
573 3509 628 3543 καὶ
645 3509 773 3555 πατρὸς
789 3508 975 3556 πορεύομαι

245 3557 400 3594 Πυθώδε.
430 3560 486 3595 καί
501 3560 535 3606 μ’
555 3563 574 3596 ὁ
592 3562 719 3603 Φοῖβος
737 3561 782 3596 ὢν
799 3562 861 3606 μὲν
879 3562 995 3609 ἱκόμην

245 3609 364 3656 ἄτιμον
381 3611 586 3659 ἐξέπεμψεν,
606 3614 698 3650 ἅλλα
716 3613 744 3649 δ’
764 3613 867 3651 ἄθλια

1127 2890 1184 2924 775

1126 3145 1188 3185 780

1227 2722 1305 2752 XO.

1231 2827 1289 2858 01.

1231 2932 1291 2963 10.

1233 2986 1289 3015 01.

1230 3090 1289 3121 10.

1231 3143 1290 3174 01.

1230 3459 1289 3489 10.

2185 292 2206 340 1
2219 292 2264 340 15

1326 403 1382 438 καὶ
1399 403 1491 437 δεινὰ
1509 403 1562 437 καὶ
1581 403 1730 446 δύστηνα
1744 404 1951 450 προῦφηνεν,
1970 405 2082 451 λέγων
2201 417 2265 452 790

1330 457 1374 491 ὡς
1390 455 1491 501 μητρὶ
1507 455 1569 499 μὲν
1585 454 1682 501 χρείη
1700 469 1742 499 με
1759 455 1928 501 μιχθῆναι,
1948 457 2045 503 γένος
2062 456 2094 493 δ’

1327 509 1474 552 ἄτλητον
1491 506 1701 554 ἀνθρώποισι
1719 507 1905 553 δηλώσαιμ’
1923 511 2016 556 ὁρᾶν,

1328 559 1453 605 φονεὺς
1471 557 1501 594 δ’
1519 559 1661 604 ἐσοίμην
1678 561 1739 594 τοῦ
1757 559 1990 606 φυτεύσαντος
2006 565 2146 610 πατρός.

1328 612 1419 659 κάγὼ
1436 610 1624 648 ’πακούσας
1640 614 1745 647 ταῦτα
1762 613 1822 657 τὴν
1840 614 2018 660 Κορινθίαν

1328 664 1468 712 ἄστροις
1485 666 1525 699 τὸ
1542 666 1666 700 λοιπὸν
1683 664 1943 712 ἐκμετρούμενος
1959 667 2066 713 χθόνα

1328 718 1487 764 ἔφευγον,
1507 717 1588 752 ἔνθα
1603 716 1725 762 μήποτ’
1745 717 1897 764 ὀψοίμην
1915 723 2022 755 κακῶν

1329 774 1495 817 χρησμῶν
1512 770 1622 814 ὀνείδη
1641 773 1708 805 τῶν
1725 770 1813 816 ἐμῶν
1829 770 2026 817 τελούμενα.

1329 822 1477 868 στείχων
1494 821 1524 858 δ’
1544 823 1696 868 ἱκνοῦμαι
1713 822 1839 858 τούσδε
1856 824 1937 860 τοὺς
1953 826 2086 871 χώρους
2104 826 2140 861 ἐν
2157 823 2207 863 οἷς

1331 875 1376 910 σὺ
1393 877 1452 910 τὸν
1469 873 1630 922 τύραννον
1647 878 1768 911 τοῦτον
1785 874 1958 911 ὅλλυσθαι
1975 878 2100 924 λέγεις.

1331 928 1386 963 καί
1403 942 1474 968 σοι,
1492 926 1602 975 γύναι,
1621 928 1765 973 τάληθὲς
1782 928 1900 976 ἐξερῶ.
1929 932 2074 976 τριπλῆς

1329 980 1376 1016 ὅτ’
1395 979 1437 1025 ἦν
1453 979 1615 1015 κελεύθου
1633 980 1731 1026 τῆσδ’
1750 982 1938 1028 ὁδοιπορῶν
1954 983 2073 1024 πέλας,

1330 1033 1472 1068 ἐνταῦθά
1488 1047 1547 1078 μοι
1565 1034 1671 1080 κῆρυξ
1689 1048 1726 1068 τε
1744 1034 1826 1069 κάπὶ
1842 1037 1994 1080 πωλικῆς

1330 1086 1412 1133 ἀνὴρ
1431 1084 1558 1130 ἀπήνης
1575 1086 1743 1131 ἐμβεβὼς,
1763 1083 1837 1122 οἶον
1855 1087 1901 1122 σὺ
1919 1087 2000 1134 φῂς,

1330 1138 1556 1183 ξυνηντίαζσν·
1586 1139 1649 1182 κάξ
1667 1139 1748 1174 ὁδοῦ
1765 1139 1800 1182 μ’
1819 1139 1840 1175 ὅ
1857 1138 1892 1175 θ’
1909 1140 2042 1187 ἡγεμὼν

1329 1192 1430 1228 αὐτός
1447 1191 1482 1226 θ’
1502 1193 1521 1226 ὁ
1538 1191 1695 1238 πρέσβυς
1711 1193 1797 1239 πρὸς
1814 1193 1894 1235 βίαν
1911 1191 2107 1239 ἠλαυνέτην.

1329 1244 1420 1291 κάγὼ
1438 1245 1497 1279 τὸν
1515 1244 1727 1291 ἐκτρέποντα,
1747 1246 1806 1280 τὸν
1823 1247 2048 1292 τροχηλάτην,

1329 1296 1417 1332 παίω
1435 1297 1477 1332 δι’
1496 1297 1611 1344 ὀργῆς·
1641 1298 1696 1332 καί
1711 1297 1744 1343 μ’
1764 1300 1783 1333 ὁ
1800 1299 1956 1345 πρέσβυς
1974 1299 2020 1336 ὧς
2037 1301 2111 1347 ὁρᾷ,

1329 1349 1432 1396 ὄχους
1448 1350 1722 1397 παραστείχοντα
1739 1351 1893 1399 τηρήσας
1910 1353 2019 1398 μέσον

1330 1404 1415 1451 κάρα
1432 1404 1566 1440 διπλοῖς
1583 1403 1753 1450 κέντροισί
1769 1419 1836 1450 μου
1849 1404 2015 1441 καθίκετο.

1331 1471 1371 1491 ου
1388 1456 1454 1501 μὴν
1471 1471 1549 1501 ισην
1565 1456 1598 1503 γ’
1617 1457 1743 1497 ἔτισεν,
1760 1457 1853 1492 ἀλλὰ
1870 1460 2046 1503 συντόμως

1331 1508 1492 1557 σκήπτρῳ
1509 1510 1624 1546 τυπεὶς
1642 1509 1678 1544 ἐκ
1695 1511 1801 1555 τῆσδε
1818 1509 1970 1557 χειρὸς’
1949 1525 2067 1548 υπτιος

1329 1561 1436 1607 μέσης
1453 1561 1579 1606 ἀπήνης
1597 1562 1694 1599 εὐθὺς
1712 1563 1950 1598 ἐκκυλίνδεται·

1332 1614 1447 1650 κτείνω
1465 1615 1502 1649 δε
1520 1614 1598 1650 τοὺς
1616 1613 1821 1660 ξύμπαντας.
1842 1615 1871 1651 εἷ
1889 1617 1926 1651 δε
1943 1617 1991 1665 τῷ
2007 1617 2092 1665 ξένῳ

1330 1666 1439 1715 τούτῳ
1456 1666 1622 1714 προσήκει
1640 1665 1746 1703 Λαΐου
1763 1683 1796 1703 τι
1814 1670 1989 1715 συγγενὲς,

1335 1715 1405 1768 [τίς
1421 1718 1522 1754 τοῦδέ
1537 1717 1569 1765 γ’
1589 1717 1712 1765 ἀνδρὸς
1730 1721 1789 1754 νῦν
1804 1719 1876 1755 ἔστ’
1896 1720 2099 1768 ἀθλιώτερος
2111 1719 2138 1769 ‚·]

1330 1772 1382 1808 τίς
1399 1771 1630 1818 ἐχθροδαίμων
1647 1774 1781 1818 μᾶλλον
1798 1773 1840 1808 ἂν
1855 1774 1979 1820 γένοιτ’
1995 1774 2100 1821 ἀνήρ;

1329 1823 1368 1860 ὃν
1379 1825 1424 1870 μὴ
1438 1825 1542 1868 ξένων
1559 1825 1675 1868 ἔξεστι
1691 1825 1767 1870 μηδ’
1787 1826 1902 1861 ἀστῶν
1922 1826 1987 1860 τινὶ

1331 1877 1447 1921 δόμοις
1464 1877 1638 1922 δέχεσθαι,
1657 1879 1740 1923 μηδὲ
1757 1880 1979 1925 προσφωνεῖν
1995 1880 2080 1923 τινὰ,

1331 1929 1428 1964 ὦθεῖν
1445 1929 1474 1964 δ’
1496 1928 1554 1966 ἀπ’
1569 1928 1680 1966 οἴκων.
1710 1932 1764 1966 καὶ
1780 1929 1852 1966 τάδ’
1870 1933 1961 1967 οὔτις
1977 1932 2085 1968 ἄλλος
2102 1931 2142 1977 ἦν

1333 1980 1528 1996 ''''''
1626 1987 1641 1994 Α
1689 1984 1697 1994 Ι

2210 681 2267 715 795

2210 936 2272 967 800

2213 1201 2272 1239 805

2206 1463 2269 1494 8ιο

2205 1727 2266 1767 8ι5

2205 1991 2267 2021 820

1330 2031 1417 2077 λέχη
1437 2032 1474 2067 δὲ
1491 2036 1552 2067 τοῦ
1571 2033 1729 2070 θανόντος
1746 2035 1782 2070 ἐν
1798 2037 1914 2082 χεροῖν
1932 2036 2027 2080 ἐμαῖν

1330 2084 1472 2131 χραίνω,
1491 2085 1534 2120 δι’
1554 2086 1664 2134 ὧνπερ
1682 2086 1793 2123 ὤλετ’.
1822 2086 1874 2134 ἆρ’
1893 2089 1981 2134 ἔφυν
1998 2089 2118 2127 κακόςς

1331 2135 1384 2181 ἆρ’
1404 2138 1482 2183 οὐχὶ
1501 2140 1566 2174 πᾶς
1584 2139 1747 2185 ἅναγνος;
1777 2138 1810 2175 εἴ
1823 2154 1866 2185 με
1882 2140 1950 2187 χρὴ
1969 2141 2106 2187 φυγεῖν,

1329 2190 1385 2225 καί
1402 2205 1460 2235 μοι
1478 2191 1623 2237 φυγόντι
1639 2193 1745 2236 μῆστι
1762 2190 1840 2227 τοὺς
1858 2192 1957 2237 ἐμοὺς
1975 2193 2068 2237 ἰδεῖν,

1329 2241 1405 2287 μηδ’
1423 2243 1620 2288 ἐμβατεύειν
1635 2243 1808 2290 πατρίδος,
1827 2242 1847 2289 ἦ
1865 2245 1986 2291 γάμοις
2001 2260 2044 2289 με
2063 2246 2115 2281 δεῖ

1329 2294 1455 2340 μητρὸς
1473 2296 1617 2342 ζυγῆναι
1627 2296 1681 2330 καὶ
1697 2300 1827 2342 πατέρα
1845 2296 2057 2330 κατακτανεῖν

1335 2344 1528 2391 [Πόλυβον,
1548 2347 1586 2384 ὃς
1604 2346 1754 2393 ἐξέφυσε
1771 2348 1965 2398 κάξέθρεψέ
1980 2345 2054 2393 με.]

1330 2397 1381 2446 ἂρ’
1401 2400 1462 2435 οὐκ
1479 2399 1534 2435 ἀπ’
1555 2400 1648 2445 ὠμοῦ
1665 2402 1770 2435 ταῦτα
1787 2400 1943 2445 δαίμονός
1959 2413 2011 2436 τις
2028 2399 2069 2434 ἂν

1332 2453 1452 2499 κρίνων
1469 2452 1520 2487 ἐπ’
1540 2452 1637 2499 ἀνδρὶ
1654 2452 1768 2501 τῷδ’
1750 2468 1791 2488 αν
1807 2451 1924 2499 ὄρθοίη
1942 2453 2073 2499 λόγον;

1330 2505 1375 2550 μὴ
1395 2506 1479 2550 δῆτα
1495 2505 1540 2550 μὴ
1559 2505 1644 2551 δῆτ’,
1664 2505 1691 2540 ὦ
1709 2505 1795 2541 θεῶν
1812 2506 1914 2552 ἁγνὸν
1932 2505 2053 2547 σέβας,

1329 2556 1435 2603 ἴδοιμι
1453 2556 1576 2603 ταύτην
1593 2558 1730 2605 ἡμέραν,
1750 2557 1829 2593 ἀλλ’
1849 2558 1885 2592 ἐκ
1902 2559 2038 2604 βροτῶν

1331 2611 1432 2655 βαίην
1449 2610 1601 2657 ἄφαντος
1617 2610 1770 2658 πρόσθεν
1786 2610 1807 2656 ἢ
1827 2610 1950 2646 τοιάνδ’
1971 2609 2054 2646 ἰδεῖν

1333 2663 1440 2708 κηλῖδ’
1460 2664 1593 2712 ἐμαυτῷ
1612 2665 1796 2710 συμφορᾶς
1813 2662 2016 2710 ἀφιγμένην.

1334 2715 1412 2761 ἡμῖν
1429 2717 1501 2762 με’ν,
1522 2716 1623 2761 ὦναξ,
1642 2716 1734 2752 ταῦτ’
1754 2715 1878 2763 ὀκνήρ’”
1909 2716 1971 2752 ἕως
1988 2715 2018 2751 δ’
2037 2715 2077 2751 ἂν
2094 2713 2154 2750 οὖν

1333 2770 1418 2816 πρὸς
1435 2771 1495 2804 τοῦ
1512 2772 1678 2817 παρόντος
1696 2769 1851 2815 ἐκμάθῃς,
1871 2768 1921 2815 ἔχ’
1940 2769 2078 2804 ἐλπίδα.

1336 2823 1390 2857 καὶ
1407 2822 1472 2867 μὴν
1489 2825 1656 2858 τοσοῦτόν
1671 2821 1704 2869 γ’
1725 2822 1802 2857 ἐστί
1818 2836 1876 2867 μοι
1893 2823 1954 2867 τῆς
1971 2822 2127 2862 ἐλπίδος,

1335 2876 1393 2909 τὸν
1410 2874 1515 2922 ἄνδρα
1531 2877 1591 2911 τὸν
1609 2876 1741 2922 βοτῆρα
1757 2876 1959 2922 προσμεῖναι
1976 2877 2091 2919 μόνον.

1337 2928 1561 2973 πεφασμένου
1579 2928 1616 2963 δὲ
1635 2929 1686 2964 τίς
1702 2927 1784 2964 ποθ’
1803 2927 1824 2972 ἡ
1841 2926 2034 2974 προθυμίας

1337 2980 1403 3027 ἐγὼ
1422 2980 1547 3025 διδάξω
1567 2980 1613 3015 σ’·
1641 2979 1682 3026 ἢν
1697 2982 1765 3028 γὰρ
1783 2979 1902 3027 εὑρεθῇ
1919 2979 2032 3026 λέγων

1334 3033 1393 3067 σοὶ
1409 3031 1513 3074 ταῦτ’,
1533 3031 1632 3081 ἔγωγ’
1649 3033 1691 3069 ἂν
1708 3034 1953 3080 ἐκπεφευγοίην
1970 3032 2090 3069 πάθος.

1335 3085 1433 3121 ποῖον
1450 3085 1488 3121 δέ
1503 3101 1570 3131 μου
1586 3087 1757 3133 περισσὸν
1773 3088 1921 3131 ἤκουσας
1937 3087 2044 3132 λόγον
2057 3098 2067 3126 ;

1335 3139 1469 3182 λῃστὰς
1486 3139 1636 3185 ἔφασκες
1654 3140 1754 3175 αὐτὸν
1772 3140 1894 3186 ἄνδρας
1912 3138 2059 3173 ἐννέπειν

1337 3191 1381 3227 ὥς
1398 3205 1448 3226 νιν
1466 3192 1721 3228 κατακτείνειαν.
1751 3191 1780 3227 εἶ
1797 3192 1858 3237 μὲν
1876 3189 1936 3226 οὖν
1953 3191 2003 3224 ἔτι

1334 3243 1429 3288 λέξει
1446 3245 1506 3280 τὸν
1522 3245 1624 3280 αὐτὸν
1640 3245 1793 3292 ἀριθμὸν,
1813 3244 1874 3279 οὐκ
1891 3243 1957 3290 ἐγὼ
1974 3242 2118 3278 ’κτανον.

1334 3296 1374 3331 οὗ
1390 3297 1457 3344 γὰρ
1473 3296 1596 3344 γένοιτ’
1615 3298 1656 3332 ἃν
1674 3295 1721 3334 εἷς
1737 3312 1778 3345 γε
1795 3299 1866 3334 τοῖς
1883 3297 2030 3332 πολλοῖς
2045 3294 2136 3332 ἴσος.

1336 3347 1366 3383 εἶ
1384 3345 1414 3384 δ’
1431 3348 1522 3397 ἄνδρ’
1543 3349 1586 3386 ἕν’
1606 3349 1764 3393 οἷόζωνον
1781 3348 1934 3394 αὐδήσει,
1955 3350 2078 3395 σαφῶς

1335 3401 1426 3436 τοῦτ’
1445 3402 1541 3438 ἐστὶν
1557 3403 1620 3448 ἤδη
1638 3405 1782 3450 τοῦργον
1799 3402 1847 3439 εἷς
1865 3402 1923 3447 ἐμὲ
1940 3402 2058 3450 ῥέπον.

1336 3453 1416 3489 ἀλλ’
1435 3455 1480 3492 ὣς
1497 3455 1606 3502 φανέν
1621 3469 1663 3503 γε
1679 3458 1805 3491 τοῦπος
1822 3455 1878 3490 ὧδ’
1900 3455 2083 3494 ἐπίστασο,

1336 3507 1416 3542 κούκ
1434 3508 1531 3543 ἔστιν
1546 3508 1636 3556 αὐτῷ
1654 3510 1755 3542 τοῦτό
1771 3507 1803 3552 γ’
1824 3508 1982 3550 ἐκβαλεῖν
1998 3507 2115 3542 πάλιν.

1336 3561 1439 3596 πόλις
1454 3561 1522 3608 γὰρ
1539 3560 1671 3606 ἤκουσ’,
1692 3561 1752 3595 οὐκ
1771 3561 1837 3607 ἐγὼ
1854 3562 1951 3605 μόνη,
1971 3559 2063 3594 τάδε.

1335 3612 1365 3648 εἶ
1383 3611 1412 3649 δ’
1431 3611 1491 3650 οὖν
1507 3627 1541 3650 τι
1559 3613 1779 3662 κάκτρέποιτο
1797 3615 1859 3649 τοῦ
1875 3611 2029 3660 πρόσθεν
2045 3612 2168 3659 λόγου,

2214 2251 2273 2291 825

2213 2772 2273 2812 335

2210 3035 2274 3074 840

2213 3298 2276 3339 8⁴5

2213 3560 2275 3602 {350
