2488 3860
270 284 322 325 38

275 385 346 417 XO.
375 382 468 418 αἰδοῦ
487 384 532 416 σύ
548 383 698 429 πρύμναν
714 383 838 419 πόλεος
855 380 910 418 ὧδ’
930 381 1144 427 ἐστεμμένην.

275 438 343 467 BA.
371 433 520 480 πέφρικα
536 433 696 470 λεύσσων
713 435 810 470 τάσδ’
828 434 923 482 ἔδρας
941 434 1150 469 κατασκίους.

276 490 347 520 ΧΟ.
375 484 482 532 βαρύς
498 501 538 532 γε
554 486 667 531 μέντοι
685 487 786 531 Ζηνὸς
804 487 931 522 ἱκεσίου
949 488 1056 522 κότος.

377 537 613 583 Παλαίχθονος
630 539 734 582 τέκος,
754 538 853 574 κλῦθί
868 553 932 583 μου

378 590 547 636 πρόφρονι
565 591 693 637 καρδίᾳ,
711 592 901 637 Πελασγῶν
917 590 1011 633 ἅναξ.

377 639 430 676 ἴδε
445 656 487 686 με
504 642 564 677 τὰν
582 644 682 679 ἱκέτιν
698 643 834 690 φυγάδα
850 642 1063 688 περίδρομον,

381 694 603 729 λυκοδίωκτον
620 693 664 729 ὣς
682 692 824 739 δάμαλιν
842 694 887 738 ἃμ
904 691 1040 739 πέτραις

376 746 561 790 ἀλιβάτοις.
579 744 619 781 ἵν’
638 745 723 792 ἀλκᾷ
739 746 880 782 πίσυνος
896 744 1018 791 μέμυκε

380 797 560 843 φράζουσα
576 798 696 844 βοτῆρι
713 796 873 842 μόχθους.

280 854 346 884 BA.
375 851 443 895 ὁρῶ
461 849 616 884 κλάδοισι
634 850 825 895 νεοδρόποις
842 849 1021 883 κατάσκιον

381 900 455 938 νέον
472 899 506 935 θ’
526 900 645 946 ὅμιλον
661 900 755 936 τῶνδ’
774 900 922 948 ἀγωνίων
940 899 1035 934 θεῶν.

383 950 431 997 ε’ίη
450 952 478 987 δ’
497 953 617 988 ἄνατον
633 955 770 1000 πρᾶγμα
786 951 874 987 τοῦτ’
894 951 1095 994 ἀστοξένων.

381 1004 456 1050 μηδ’
476 1005 514 1049 ἐξ
531 1005 685 1040 ἀέλπτων
702 1002 961 1051 κάπρομηθήτων
977 1005 1076 1038 πόλει

386 1058 490 1093 νεῖκος
506 1057 650 1103 γένηται·
679 1060 745 1092 τῶν
760 1057 826 1103 γὰρ
844 1055 883 1090 οὗ
901 1056 1004 1090 δεῖται
1021 1056 1133 1091 πόλις.

380 1106 486 1143 ἴδοιτο
504 1108 573 1153 δῆτ’
593 1108 711 1143 ἄνατον
726 1108 839 1155 φυγὰν

386 1161 495 1195 ἱκεσία
514 1161 615 1206 Θέμις
633 1162 712 1196 Διὸς
725 1159 874 1206 κλαρίου.

388 1212 432 1247 σὺ
450 1212 486 1247 δὲ
503 1212 580 1259 παρ’
600 1213 766 1259 ὀψιγόνου
783 1211 868 1257 μάθε
884 1211 1111 1258 γεραιόφρων·

386 1266 623 1311 ποτιτρόπαιον
640 1264 810 1308 αίδόμενος
828 1263 888 1299 οὖν
904 1277 967 1307 περ

389 1317 540 1363 ἱεροδόκα
557 1316 641 1351 θεῶν
656 1314 800 1361 λήμματ’
819 1315 874 1350 ἀπ’
894 1315 1012 1362 ἀνδρὸς
1029 1314 1130 1361 ἁγνοῦ

392 1367 412 1387 ι
500 1368 519 1388 ο
605 1367 624 1388 ο
711 1367 730 1386 ι

1239 441 1299 476 345

1219 551 1296 584 στρ.

1242 701 1304 733 350

1245 907 1305 941 355

283 1115 352 1145 XO.
1237 1107 1307 1142 ἀντ.

1248 1159 1312 1199 360

289 1416 356 1446 BA.
385 1412 477 1446 οὔτοι
495 1409 642 1454 κάθησθε
659 1410 818 1454 δωμάτων
835 1409 989 1454 ἐφέστιοι

392 1464 489 1508 ἐμῶν.
516 1464 554 1498 τὸ
573 1463 681 1498 κοινὸν
697 1461 726 1497 δ’
746 1462 775 1496 εἶ
792 1462 952 1506 μιαίνεται
969 1462 1080 1500 πόλις,

392 1515 474 1559 ξυνῇ
490 1514 646 1560 μελέσθω
663 1515 747 1550 λαὸς
765 1514 913 1548 ἐκπονεῖν
930 1513 1003 1557 ι’ίκη.

392 1567 458 1612 ἐγὼ
477 1567 506 1602 δ’
525 1567 565 1602 ἂν
582 1567 622 1601 οὗ
639 1565 798 1612 κραίνοιμ’
818 1566 1009 1610 ὑπόσχεσιν
1025 1565 1142 1611 πάρος,

392 1617 509 1655 ἀστοῖς
526 1619 562 1653 δὲ
579 1619 666 1653 πᾶσι
682 1618 785 1652 τῶνδε
804 1619 965 1653 κοινώσας
982 1616 1070 1662 πέρι.

390 1668 435 1705 σύ
453 1684 505 1704 τοι
521 1671 631 1709 πόλις,
652 1668 697 1704 σὺ
715 1669 751 1703 δὲ
769 1669 807 1703 τὸ
826 1666 953 1713 δήμιον,

394 1721 554 1769 πρύτανις
570 1721 703 1767 ἄκριτος
720 1720 776 1761 ὢν,

396 1772 563 1821 κρατύνεις
580 1774 695 1818 βωμὸν
713 1773 828 1807 ἑστίαν
843 1771 975 1817 χθονός·

395 1824 636 1872 μονοψήφοισι
653 1823 812 1869 νεύμασιν
829 1823 939 1864 σέθεν,

397 1876 684 1924 μονοσκήπτροισι
702 1877 730 1912 δ’
751 1877 785 1911 ἐν
802 1875 932 1923 θρόνοις
947 1876 1047 1922 χρέος

395 1932 462 1965 πᾶν
479 1929 686 1988 ἐπικραίνεις·
715 1929 798 1987 ἄγος
813 1929 1013 1983 φυλάσσου.

298 1981 364 2012 BA.
393 1977 475 2023 ι’ίγος
491 1976 552 2022 μὲν
570 1990 619 2020 ειη
636 1977 707 2011 τοῖς
723 1975 815 2019 ἐμοῖς
831 1971 1059 2018 παλιγκότοις,

401 2029 478 2073 ὑμῖν
495 2028 524 2063 δ’
543 2026 678 2074 ἀρήγειν
696 2026 755 2061 οὒκ
773 2026 841 2071 ἔχω
859 2025 995 2066 βλάβης
1012 2021 1102 2067 ἅτερ·

401 2081 471 2115 οὐδ’
488 2079 529 2114 αὖ
546 2078 614 2114 τόδ’
633 2077 771 2144 εὖφρον,
790 2076 888 2112 τάσδ’
887 2074 1066 2140 ἀτιμάσαι
1083 2072 1191 2109 λιτάς-

402 2132 560 2177 ἀμηχανῶ
579 2131 615 2165 δε
634 2131 687 2165 καὶ
704 2129 817 2175 φόβος
833 2127 866 2173 μ’
886 2128 956 2172 ἔχει
974 2125 1099 2171 φρένας

1254 1409 1313 1450 365

293 1675 361 1706 XO.

1150 1683 1226 1714 στρ.
1255 1677 1318 1711 370

1259 1936 1319 1971 375

403 2183 527 2230 δρᾶσαί
543 2196 580 2217 τε
596 2182 640 2228 μὴ
660 2181 783 2229 δρᾶσαί
800 2195 837 2215 τε
854 2180 908 2214 καὶ
925 2177 1029 2223 τύχην
1047 2178 1148 2212 έλεῖν.
1270 2179 1334 2217 380

300 2242 373 2272 ΧΟ.
401 2237 460 2270 τὸν
476 2234 607 2281 ὑψόθεν
625 2235 753 2269 σκοπὸν
771 2230 956 2270 ἐπισκόπει,
1257 2226 1329 2262 ἀντ.

403 2287 540 2333 φύλακα
556 2288 755 2322 πολυπόνων

406 2341 552 2385 βροτῶν,
571 2336 604 2373 οἲ
621 2340 691 2374 τοῖς
707 2338 813 2373 πέλας
829 2334 1035 2383 προσήμενοι

405 2391 497 2427 δίκας
515 2391 554 2425 οὗ
571 2391 797 2437 τυγχάνουσιν
814 2390 964 2433 ἐννόμου.

405 2443 494 2488 μένει
511 2457 564 2477 τοι
581 2443 682 2486 Ζηνὸς
701 2441 805 2476 ἱκτίου
823 2442 919 2476 κότος
1272 2438 1334 2478 385

408 2494 716 2542 δυσπαραθέλκτοις
733 2492 897 2529 παθόντος
915 2504 1048 2526 οικτοις.

306 2554 374 2584 BA.
403 2562 433 2582 ει
449 2561 502 2582 τοι
520 2549 679 2594 κρατοῦσι
696 2546 811 2581 παῖδες
827 2543 998 2608 Αἰγύπτου
1017 2541 1126 2581 σέθεν,

409 2599 497 2647 νόμῳ
514 2598 645 2634 πόλεως
663 2599 853 2644 φάσκοντες
871 2594 1034 2642 ἐγγύτατα
1051 2593 1167 2640 γένους

410 2648 503 2691 εἶναι,
523 2651 574 2686 τίς
591 2650 631 2685 ἂν
647 2648 755 2684 τοῖσδ’
774 2647 969 2692 ἀντιωθῆναι
988 2646 1104 2680 θέλοι·
1096 2671 1105 2685 ,

415 2704 466 2738 δεῖ
481 2717 532 2737 τοι
551 2717 592 2737 σε
610 2700 748 2749 φεύγειν
765 2701 847 2735 κατὰ
865 2699 983 2744 νόμους
1000 2697 1077 2733 τοὺς
1094 2694 1235 2734 οικοθεν,
1276 2705 1338 2738 390

413 2755 457 2791 ὡς
474 2755 533 2789 οὐκ
550 2755 671 2800 ἔχουσι
689 2755 787 2799 κῦρος
804 2752 900 2787 οὐδὲν
917 2751 1006 2796 ἀμφὶ
1026 2751 1101 2783 σοῦ.

309 2812 384 2843 ΧΟ.
411 2805 455 2852 μή
474 2807 507 2841 τί
522 2806 597 2842 ποτ’
616 2804 675 2840 οὖν
690 2804 846 2852 γενοίμαν
863 2802 1055 2848 ὑποχείριος

414 2859 571 2905 κράτεσιν
588 2858 749 2904 ἀρσένων.
779 2854 952 2898 ὕπαστρον
969 2854 1007 2888 δέ
1023 2867 1075 2887 τοι

414 2912 526 2957 μῆχαρ
544 2911 694 2954 ὁρίζομαι
711 2909 820 2955 γάμου
838 2906 1032 2952 δύσφρονος

416 2964 522 3009 φυγᾷ.
551 2961 726 3007 ξύμμαχον
743 2960 771 2995 δ’
792 2958 948 3003 ἑλόμενος
965 2957 1058 2992 δίκαν

417 3017 506 3061 κρῖνε
523 3016 630 3056 σέβας
646 3014 685 3047 τὸ
702 3013 785 3058 πρὸς
803 3010 898 3045 θεῶν.

315 3072 382 3103 BA.
409 3067 469 3101 οὐκ
487 3068 636 3112 εὔκριτον
647 3065 686 3099 τὸ
704 3066 813 3110 κρῖμα·
842 3061 886 3106 μή
904 3063 938 3106 μ’
955 3061 1050 3107 αἱροῦ
1068 3057 1191 3104 κριτήν.

420 3116 514 3154 εἷπον
531 3119 567 3153 δὲ
586 3118 638 3152 καὶ
655 3130 746 3162 πριν,
766 3115 825 3149 οὐκ
842 3114 919 3148 ἄνευ
938 3111 1042 3157 δήμου
1060 3111 1138 3145 τάδε

418 3169 574 3217 πράξαιμ’
593 3169 644 3209 ἂν,
665 3167 743 3202 οὐδέ
758 3180 822 3212 περ
840 3168 978 3211 κρατῶν,
997 3163 1041 3208 μὴ
1061 3163 1115 3196 καὶ
1130 3162 1210 3197 ποτὲ

420 3222 494 3266 εἴπῃ
511 3222 609 3261 λεὼς,
629 3234 659 3255 ει
675 3218 740 3255 πού
758 3232 790 3253 τι
807 3217 851 3262 μὴ
870 3218 960 3251 τοῖον
977 3215 1086 3260 τύχοι,

422 3274 589 3319 ἐπήλυδας
605 3275 708 3317 τιμῶν
726 3271 906 3306 ἀπώλεσας
922 3269 1034 3303 πόλιν.

421 3325 632 3372 ἀμφοτέρους
650 3323 799 3368 ὁμαίμων
816 3319 887 3355 τάδ’
907 3319 1084 3355 ἐπισκοπεῖ

423 3379 503 3414 Ζεὺς
521 3375 750 3423 ἑτερορρεπὴς,
770 3373 875 3416 νέμων
893 3371 1024 3406 εἰκότως

425 3431 520 3465 ἶίδικα
537 3429 597 3474 μὲν
614 3429 736 3469 κακοῖς,
755 3439 835 3460 οσια
852 3423 880 3459 δ’
901 3424 1057 3467 ἐννόμοις.

425 3482 459 3516 τί
475 3480 569 3516 τῶνδ’
590 3479 628 3523 ἐξ
644 3477 724 3514 ἴσον
740 3476 929 3523 ῥεπομένων
946 3475 1067 3520 μεταλ-

425 3535 495 3584 γεῖς
513 3533 551 3568 τὸ
565 3531 690 3568 δίκαιον
707 3530 821 3578 ἔρξαις

1264 2815 1340 2846 στρ.

1278 2962 1338 2997 395

1284 3224 1346 3254 400

1273 3319 1342 3355 ἀντ.

319 3333 393 3364 ΧΟ.

1288 3482 1349 3515 405

1184 266 1482 316 ΑΙΣΧΥΛΟΥ

1347 376 1413 406 BA.
1442 371 1493 407 δεῖ
1509 385 1561 406 τοι
1577 369 1715 413 βαθείας
1732 367 1912 415 φροντίδος
1930 366 2109 416 σωτηρίου,

1449 424 1542 467 δίκην
1559 423 1823 467 κολυμβητῆρος,
1843 421 1876 457 ἐς
1892 420 1999 463 βυθὸν
2014 422 2132 466 μολεῖν

1451 476 1606 521 δεδορκὸς
1623 473 1723 518 ὄμμα,
1742 472 1816 517 μηδ’
1835 472 1919 519 ἅγαν
1935 471 2118 521 ᾠνωμένον·

1452 526 1542 562 ὅπως
1559 526 1661 561 ἅνατα
1678 527 1781 559 ταῦτα
1797 527 1913 570 πρῶτα
1929 524 1990 569 μὲν
2006 525 2116 563 πόλει,

1451 578 1584 613 αὐτοῖσί
1601 577 1635 611 θ’
1653 576 1730 621 ἡμῖν
1747 574 1976 620 ἐκτελευτήσει
1994 577 2114 619 καλῶς,

1454 631 1506 665 καὶ
1523 629 1605 674 μήτε
1623 630 1715 675 δῆρις
1731 627 1859 674 ῥυσίων
1876 627 2048 674 ἐφάψεται

1453 681 1526 727 μήτ’
1546 682 1582 716 ἐν
1599 681 1683 715 θεῶν
1700 680 1849 726 ἕδραισιν
1866 679 1922 714 ὧδ’
1941 679 2114 726 ἱδρυμένας

1454 734 1601 768 ἐκδόντες
1619 733 1702 777 ὑμᾶς
1719 733 1777 766 τὸν
1793 730 2009 778 πανώλεθρον
2026 730 2102 766 θεὸν

1456 785 1563 831 βαρὺν
1580 783 1732 829 ξύνοικον
1749 782 1937 828 θησόμεσθ’
1957 783 2142 831 ἀλάστορα,

1456 836 1492 873 ὃς
1509 836 1577 871 οὐδ’
1597 837 1633 871 ἐν
1644 835 1762 870 ’Άιδου
1779 836 1837 870 τὸν
1855 834 1980 870 θανόντ’
2000 835 2184 883 ἐλευθεροῖ.

1455 893 1526 933 μῶν
1542 889 1582 923 οὔ
1601 889 1691 923 δοκεῖ
1706 888 1775 922 δεῖν
1792 887 1973 934 φροντίδος
1991 887 2179 934 σωτηρίου;

1455 942 1640 986 φρόντισον
1658 940 1711 974 καὶ
1727 941 1827 986 γενοῦ

1457 993 1621 1028 πανδίκως
1638 991 1782 1036 εὐσεβὴς
1799 991 1969 1037 πρόξενος,

1459 1045 1518 1079 τὰν
1535 1045 1671 1091 φυγάδα
1688 1044 1732 1089 μὴ
1750 1043 1893 1091 προδῷς,

1460 1097 1519 1131 τὰν
1537 1097 1651 1131 ἕκαθεν
1669 1096 1826 1138 ἐκβολαῖς

1461 1148 1616 1184 δυσθέοις
1633 1149 1784 1194 ὀρμέναν·

1461 1200 1535 1246 μηδ’
1553 1199 1625 1245 ἴδῃς
1642 1200 1676 1246 μ’
1696 1200 1734 1244 ἐξ
1752 1201 1850 1247 ἑδρᾶν

1461 1253 1635 1288 πολυθέων
1651 1252 1906 1300 ῥυσιασθεῖσαν,
1928 1251 1953 1287 ὦ

1461 1307 1527 1340 πᾶν
1545 1307 1664 1352 κράτος
1681 1306 1768 1350 ἔχων
1784 1304 1918 1350 χθονός.

1462 1357 1564 1403 γνῶθι
1583 1357 1611 1392 δ’
1630 1356 1728 1404 ὕβριν
1746 1356 1880 1403 ἀνέρων,

1469 1411 1520 1444 καὶ
1539 1409 1690 1455 φύλαξαι
1708 1410 1816 1443 κότον.

1465 1461 1509 1506 μή
1527 1476 1559 1496 τι
1577 1464 1659 1506 τλῇς
1676 1461 1736 1496 τὰν
1754 1461 1853 1496 ἱκέτιν
1872 1460 2008 1496 εἰσιδεῖν

1467 1514 1532 1549 ἀπὸ
1548 1514 1695 1560 βρετέων
1711 1513 1771 1558 βίᾳ

1469 1566 1561 1601 δίκας
1579 1565 1742 1612 ἀγομέναν

1470 1619 1622 1662 ἱππηδὸν,
1642 1616 1800 1662 ἀμπύκων

1469 1670 1673 1715 πολυμίτων,
1693 1670 1831 1706 πέπλων
1848 1670 1876 1706 τ’
1897 1670 2061 1713 ἐπιλαβὰς
2079 1670 2176 1716 ἐμῶν.

1469 1721 1542 1757 ’ίσθι
1559 1723 1635 1769 γὰρ,
1655 1727 1754 1757 παισὶ
1771 1724 1850 1758 τάδε
1868 1724 1921 1758 καὶ
1938 1724 2062 1768 δόμοις,

1471 1774 1600 1821 ὁπότερ’
1621 1775 1664 1809 ἂν
1682 1775 1810 1819 κτίσῃς,

1471 1827 1561 1871 μένει
1570 1825 1668 1873 ’Ἄρει
1684 1826 1815 1862 ’κτίνειν

1475 1878 1591 1923 ὁμοίαν
1609 1879 1713 1924 θέμιν.

1474 1931 1553 1965 τάδε
1570 1931 1702 1987 φράσαι
1721 1931 1828 1966 δίκαια
1846 1929 1964 1965 Διόθεν
1982 1929 2096 1974 κράτη.

1379 1977 1444 2007 BA.
1474 1975 1526 2007 καὶ
1545 1974 1584 2018 δὴ
1602 1974 1812 2040 πέφρασμαι·
1842 1976 1938 2021 δεῦρο
1957 1975 1986 2010 δ’
2006 1975 2234 2018 ἐξοκέλλεται·

1479 2023 1498 2068 ἢ
1517 2026 1627 2060 τοῖσιν
1643 2024 1662 2070 ἢ
1681 2028 1750 2062 τοῖς
1766 2028 1914 2071 πόλεμον
1931 2026 2083 2074 αἴρεσθαι
2099 2026 2203 2072 μέγαν

1480 2076 1562 2111 πᾶσ’
1581 2075 1653 2111 ἔστ’
1670 2078 1806 2124 ἀνάγκη·
1834 2079 1887 2112 καὶ
1899 2079 2116 2125 γεγόμφωται
2135 2078 2268 2123 σκάφος

1483 2128 1688 2174 στρέβλαισι
1706 2132 1909 2164 ναυτικαῖσιν
1926 2131 1970 2166 ὣς
1986 2129 2231 2176 προσηγμένον.

1482 2179 1558 2214 ἄνευ
1576 2181 1611 2215 δὲ
1628 2180 1736 2225 λύπης
1753 2182 1898 2226 οὐδαμοῦ
1916 2181 2147 2227 καταστροφή.

1485 2229 1537 2263 καὶ
1554 2228 1732 2275 χρημάτων
1747 2231 1808 2275 μὲν
1827 2232 1862 2265 ἐκ
1881 2233 1991 2276 δόμων
2008 2229 2245 2277 πορθουμένων

1492 2279 1585 2326 [ἄτην
1603 2282 1725 2327 γεμίζω
1745 2284 1798 2318 καὶ
1815 2283 1889 2331 μέγ’
1910 2282 2087 2330 ἐμπλήσας
2103 2280 2239 2331 γόμον,]

1483 2334 1603 2380 γένοιτ’
1622 2335 1662 2369 ἂν
1679 2335 1769 2370 ἄλλα
1786 2336 1924 2380 κτησίου
1943 2338 2021 2372 Διὸς
2038 2338 2148 2383 χάριν·

1485 2386 1538 2420 καὶ
1554 2388 1702 2429 γλῶσσα
1718 2387 1911 2431 τοξεύσασα
1926 2388 1970 2433 μὴ
1989 2389 2030 2423 τὰ
2048 2389 2168 2435 καίρια,

1483 2437 1612 2483 γένοιτο
1630 2438 1736 2482 μύθου
1753 2440 1857 2484 μῦθος
1874 2440 1914 2474 ἂν
1932 2439 2136 2487 θελκτήριος.

1487 2491 1640 2534 [ἀλγεινὰ
1657 2491 1763 2536 θυμοῦ
1781 2490 1882 2537 κάρτα
1899 2487 2097 2538 κινητήρια.]

1487 2542 1576 2578 ὅπως
1594 2542 1623 2577 δ’
1642 2542 1782 2587 ὅμαιμον
1798 2542 1877 2588 αἷμα
1893 2559 1937 2588 μη
1955 2546 2143 2590 γενήσεται,

1488 2593 1539 2628 δεῖ
1555 2595 1657 2641 κάρτα
1675 2593 1774 2635 θύειν,
1795 2596 1848 2629 καὶ
1864 2597 1982 2630 πεσεῖν
1997 2596 2185 2644 χρηστήρια

1488 2644 1595 2681 θεοῖσι
1613 2648 1755 2682 πολλοῖς
1772 2647 1899 2687 πολλὰ,
1918 2650 2064 2692 πημονῆς
2081 2648 2154 2693 ἅκη.

1488 2694 1507 2738 ἢ
1527 2699 1629 2744 κάρτα
1646 2698 1772 2735 νείκους
1788 2699 1878 2734 τοῦδ’
1898 2699 1963 2746 ἐγὼ
1980 2701 2194 2747 παροίχομαι·

1499 2750 1590 2785 θέλω
1609 2750 1637 2785 δ’
1656 2750 1761 2797 ἅῖδρις
1777 2753 1910 2795 μᾶλλον
1926 2751 1946 2796 ἢ
1966 2753 2078 2798 σοφὸς
2095 2757 2201 2788 κακῶν

1491 2799 1583 2838 εἶναι.
1611 2804 1741 2848 γένοιτο
1760 2803 1787 2838 δ’
1807 2803 1843 2838 εὖ
1860 2806 1950 2850 παρὰ
1966 2806 2099 2851 γνώμην
2116 2804 2208 2851 ἐμήν.

1486 2856 1625 2891 πολλῶν
1642 2854 1787 2890 ἄκουσον
1804 2855 1935 2902 τέρματ’
1955 2856 2089 2891 αἰδοίων
2105 2858 2228 2904 λόγων.

1486 2910 1624 2952 ἤκουσα,
1645 2907 1698 2940 καὶ
1715 2907 1828 2954 λέγοις
1846 2908 1896 2948 ἂν,
1917 2910 1957 2943 οὕ
1973 2923 2014 2953 με
2028 2907 2199 2954 φεύξεται.

1489 2961 1555 3004 ἔχω
1574 2958 1742 3006 στρόφους
1761 2961 1862 3002 ζώνας
1875 2975 1923 3000 τε,
1945 2962 2124 3003 συλλαβὰς
2141 2962 2290 2997 πέπλων.

1488 3010 1573 3056 τύχῃ
1590 3014 1752 3056 γυναικῶν
1769 3014 1871 3046 ταῦτα
1890 3015 2068 3059 συμπρεπῆ
2086 3013 2194 3048 πέλει.

1491 3063 1526 3097 ἐκ
1544 3062 1646 3096 τῶνδε
1663 3063 1783 3103 τοίνυν,
1802 3062 1887 3103 ἴσθι,
1907 3065 2036 3109 μηχανὴ
2056 3063 2153 3111 καλή.

1488 3114 1590 3158 λέξον
1606 3113 1666 3148 τίν’
1686 3115 1786 3159 αὐδὴν
1803 3113 1899 3158 τήνδε
1916 3116 2086 3163 γηρυθεῖσ’
2106 3117 2190 3152 ἔσει.

1492 3165 1521 3201 εἷ
1538 3165 1582 3211 μή
1600 3180 1632 3200 τι
1649 3168 1773 3201 πιστὸν
1789 3167 1864 3215 τῷδ’
1885 3167 2073 3213 ὑποστήσει
2091 3170 2206 3217 στόλῳ

1491 3219 1525 3253 τί
1543 3231 1600 3253 σοι
1616 3219 1762 3264 περαίνει
1779 3219 1908 3264 μηχανὴ
1928 3221 2152 3265 συζωμάτων;

1496 3270 1580 3306 νέοις
1597 3270 1710 3313 πίναξι
1726 3270 1848 3317 βρέτεα
1866 3273 2036 3316 κοσμῆσαι
2053 3273 2144 3308 τάδε.

1492 3322 1727 3368 αἰνιγματῶδες
1744 3324 1877 3359 τοῦπος·
1907 3323 1984 3358 ἀλλ’
2004 3326 2119 3360 ἁπλῶς
2136 3325 2285 3372 φράσον.

1497 3374 1533 3408 ἐκ
1551 3372 1645 3408 τῶνδ’
1664 3373 1754 3410 ὅπως
1771 3375 1903 3419 τάχιστ’
1923 3375 2140 3420 ἀπάγξασθαι
2157 3376 2254 3412 θεῶν.

1494 3427 1622 3470 ἤκουσα
1638 3427 1849 3472 μαστικτῆρα
1867 3427 2002 3473 καρδίας
2017 3429 2133 3472 λόγον.

1499 3477 1649 3522 ξυνῆκας·
1679 3479 1871 3523 ὠμμάτωσα
1887 3480 1952 3525 γὰρ
1970 3479 2199 3526 σαφεστερον.

1496 3530 1548 3565 καὶ
1565 3530 1725 3575 πολλαχῆ
1742 3543 1782 3576 γε
1800 3529 2039 3566 δυσπάλαιστα
2054 3532 2245 3581 πράγματα.

2312 533 2378 565 4¹0

2318 792 2379 826 4¹⁵

1355 947 1425 976 XO.
2240 951 2319 984 στρ.
2338 934 2382 971 α’.

2323 1054 2388 1086 420

2327 1313 2388 1346 42⁵

2248 1473 2323 1508 στρ.
2342 1456 2389 1501 β’.

2332 1575 2396 1606 430

2337 1835 2397 1867 435

2341 2089 2404 2119 440

2346 2348 2405 2381 445

2350 2609 2413 2641 450
2426 2656 2431 2660 ἡ

1386 2862 1458 2893 ΧΟ.

1386 2915 1457 2944 BA.

1388 2966 1460 2996 XO.

1390 3018 1460 3047 BA.

1391 3069 1462 3098 XO.

1389 3121 1460 3150 BA.

1390 3173 1463 3204 XO.

1390 3225 1462 3254 BA.

1393 3276 1466 3306 XO.

1395 3328 1463 3358 BA.

1394 3380 1467 3409 XO.

1395 3432 1465 3461 BA.

1397 3483 1470 3513 XO.

1398 3535 1466 3566 BA.

2354 2869 2414 2901 455

2362 3373 2426 3422 Μ’
