2488 3860
1051 310 1374 359 ΧΟΗΦΟΡΟῙ.

1230 423 1302 453 ΚΛ.

1231 476 1301 505 ΟΡ.

1231 528 1302 557 ΚΛ.

1233 580 1298 609 ΟΡ.

1234 631 1304 661 KA.

1235 683 1297 713 ΟΡ.

261 402 362 444 οἴκων
379 406 522 456 ὄλεθρον
539 410 595 445 διὰ
611 413 747 453 παντὸς,

260 460 281 506 ἢ
299 463 368 508 πῦρ
385 462 440 496 καὶ
457 462 533 508 φῶς
550 462 602 499 ἐπ’
621 464 798 512 ἐλευθερίᾳ

261 514 364 549 δαίων
379 514 500 561 ἀρχαῖς
517 529 554 550 τε
570 517 841 563 πολισσονόμοις

260 566 329 610 ἕξει
346 567 499 613 πατέρων
514 567 620 615 μέγαν
637 568 758 611 ὅλβον.

253 619 392 654 ’τοιάνδε
408 620 520 664 πάλην
536 622 639 665 μόνος
657 621 703 656 ὢν
720 623 864 668 ἔφεδρος

259 671 397 707 δισσοῖς
413 673 534 716 μέλλει
553 673 643 710 θεῖος
659 673 824 721 Ὀρέστης

259 724 376 770 ἅψειν.
405 722 455 768 εἴη
473 724 503 760 δ’
522 725 578 761 ἐπὶ
597 725 680 771 νίκῃ.

259 777 304 817 ἐέ,
323 777 488 813 ὀτοτοτοῖ.

258 829 297 864 ἔα
314 829 352 864 ἔα
368 829 473 874 μάλα·

258 884 330 918 πῶς
347 882 440 927 ἕχει;
468 886 541 919 πῶς
559 883 731 931 κέκρανται
751 885 864 931 δόμοις
880 899 889 927 ;

259 933 506 979 ἀποσταθῶμεν
523 937 722 983 πράγματος
739 938 953 983 τελουμένου,

260 986 351 1023 ὅπως
368 986 517 1033 δοκῶμεν
533 987 630 1024 τῶνδ’
648 990 791 1025 ἀναίτιαι
809 995 916 1026 κακῶν

260 1036 354 1074 εἶναι·
384 1040 496 1085 μάχης
511 1042 578 1088 γὰρ
597 1041 637 1086 δὴ
657 1041 837 1090 κεκύρωται
854 1043 970 1081 τέλος.

261 1089 351 1136 οἴμοι
367 1093 525 1139 πανοίμοι
544 1095 716 1130 δεσπότου
733 1096 948 1141 τελουμένου,

261 1142 351 1189 οἴμοι
367 1143 446 1189 μάλ’
466 1145 561 1183 αὖθις
578 1147 614 1182 ἐν
631 1148 757 1194 τρίτοις
774 1149 1077 1196 προσφθέγμασιν.

261 1195 426 1244 Αἴγισθος
442 1198 503 1233 οὒκ
521 1198 566 1233 ἔτ’
586 1200 693 1235 ἐστίν.
723 1200 803 1235 ἀλλ’
823 1201 977 1245 ἀνοίξατε

262 1249 353 1286 ὅπως
370 1250 532 1296 τάχιστα,
551 1253 605 1287 καὶ
623 1254 829 1298 γυναικείους
846 1253 957 1291 πύλας

261 1302 405 1348 μοχλοῖς
422 1305 566 1348 χαλᾶτε·
594 1305 648 1339 καὶ
664 1304 743 1349 μάλ’
763 1304 914 1348 ἡβῶντος
932 1306 968 1341 δέ
986 1307 1047 1350 δεῖ,

262 1354 328 1400 οὐχ
346 1354 428 1390 ὥστ’
447 1355 568 1403 ἀρῆξαι
586 1357 875 1405 διαπεπραγμένῳ·
905 1359 939 1394 τί
955 1360 1020 1406 γάρ
1035 1373 1045 1400 ;

263 1407 316 1442 ἰοὺ
334 1406 398 1443 ἶού.
429 1409 558 1454 κωφοῖς
575 1409 664 1443 ‹iiiut›
683 1410 737 1443 καὶ
755 1409 976 1446 καθεύδουσιν
992 1413 1099 1458 μάτην

262 1459 408 1507 ἄκραντα
424 1461 532 1503 βάζω.
561 1463 621 1496 ποῖ
638 1461 922 1510 Κλυταιμνήστρα
936 1477 946 1505 ;
975 1465 1009 1500 τί
1026 1465 1110 1512 δρᾷς

263 1512 350 1548 ἔοικε
368 1515 426 1548 νῦν
443 1513 544 1558 αὐτῆς
559 1512 714 1558 ἐπιξήνου
731 1514 839 1551 πέλας

263 1564 372 1611 αὐχὴν
388 1566 572 1601 πεσεῖσθαι
589 1568 675 1613 πρὸς
693 1567 787 1611 δίκην
803 1568 1052 1615 πεπληγμένης.

261 1617 296 1652 τί
313 1617 343 1652 δ’
362 1618 438 1654 ἐστὶ
455 1620 569 1665 χρῆμα
580 1631 590 1659 ;
619 1619 693 1654 τίνα
710 1620 797 1664 βοὴν
814 1618 912 1666 ἵστης
930 1622 1069 1667 δόμοις;

258 1671 318 1705 τὸν
334 1672 442 1715 ζῶντα
459 1671 582 1706 καίνειν
599 1671 678 1708 τοὺς
695 1671 894 1717 τεθνηκότας
910 1674 1015 1721 λέγω.

264 1722 297 1758 οἳ
312 1723 386 1770 ’γώ.
416 1724 541 1769 ξυνῆκα
558 1726 683 1760 τοῦπος
700 1724 739 1768 ἐξ
756 1725 971 1772 αἰνιγμάτων.

264 1777 380 1812 δόλοις
398 1775 573 1822 ὀλούμεθ’,
602 1777 719 1823 ὥσπερ
737 1776 796 1812 οὖν
814 1778 1015 1824 ἐκτείναμεν.

264 1827 337 1874 δοίη
356 1843 407 1865 τις
423 1829 634 1875 ἀνδροκμῆτα
650 1829 800 1865 πέλεκυν
818 1831 863 1867 ὡς
879 1832 994 1878 τάχος·

263 1881 402 1926 εἰδῶμεν
414 1882 444 1917 εἷ
457 1884 607 1927 νικῶμεν,
626 1881 646 1927 ἢ
666 1883 842 1928 νικώμεθα.

248 1932 405 1969 ’ἐνταῦθα
421 1934 487 1981 γὰρ
505 1934 545 1980 δὴ
563 1934 654 1970 τοῦδ’
673 1935 844 1981 ἀφικόμην
859 1939 973 1972 κακοῦ.

262 1987 305 2021 σὲ
322 1987 376 2021 καὶ
392 1985 536 2030 ματεύω·
565 1988 651 2034 τῷδε
668 1987 697 2022 δ’
717 1987 906 2034 ἀρκούντως
923 1990 1008 2034 ἔχει.

264 2029 296 2064 οἳ
312 2030 386 2077 ’γώ.
415 2032 585 2077 τέθνηκας,
604 2035 740 2081 φίλτατ’
761 2037 928 2084 Αἰγίσθου
944 2037 1017 2081 βία.

263 2083 379 2128 φιλεῖς
396 2085 456 2119 τὸν
472 2085 596 2132 ἅνδρα;
626 2087 745 2134 τοιγὰρ
763 2087 799 2122 ἐν
816 2088 926 2137 ταύτῷ
943 2091 1042 2140 τάφῳ

266 2135 387 2172 κείσει.
404 2136 556 2172 ’θανόντα
575 2139 604 2173 δ’
623 2141 696 2173 οὔτι
713 2139 758 2185 μὴ
775 2141 909 2189 προδῷς
925 2144 1018 2180 ποτέ.

226 2211 236 2222 .
265 2187 419 2235 ἐπίσχες,
440 2188 466 2223 ὦ
483 2192 555 2230 παῖ,
568 2192 671 2226 ’τόνδε
689 2191 718 2226 δ’
737 2190 881 2233 αἴδεσαι,
901 2194 1028 2235 τέκνον,

266 2241 409 2285 μαστὸν,
429 2243 513 2287 πρὸς
530 2239 558 2291 ᾧ
576 2243 622 2278 σῦ
638 2244 756 2279 πολλὰ
773 2244 813 2289 δὴ
831 2245 958 2292 βρίζων
975 2247 1043 2292 ἅμα

266 2294 423 2329 οὔλοισιν
441 2293 627 2339 ἐξήμελξας
645 2297 811 2343 εὐτραφὲς
827 2299 931 2344 γάλα.

156 781 216 812 ΑΙ.

157 834 230 865 XO.

158 1095 215 1127 01.

159 1622 233 1653 KA.

161 1676 220 1706 01.

161 1728 234 1760 KA.

160 1991 228 2022 ΟΡ.

165 2035 235 2064 ΚΛ.

164 2085 230 2117 ΟΡ.

165 2348 230 2378 ΟΡ.
264 2346 417 2390 Πυλάδη,
437 2346 471 2380 τί
488 2347 626 2393 δράσω;
654 2349 767 2396 μητέρ’
787 2349 935 2385 αἷδεσθῶ
953 2353 1104 2394 κτανεῖν;

166 2401 238 2431 ΠΥ.
260 2399 328 2432 ποῦ
345 2398 386 2442 δὴ
403 2398 446 2433 τὰ
462 2400 568 2435 λοιπὰ
586 2401 712 2445 Λοξίου
728 2401 939 2448 μαντεύματα

266 2450 309 2484 τὰ
325 2450 561 2498 πυθόχρηστα,
580 2454 688 2489 πιστὰ
706 2453 734 2489 δ’
753 2455 988 2502 εὐορκώματα;

267 2502 413 2540 ἅπαντας
431 2504 574 2551 ἐχθροὺς
590 2509 657 2542 τῶν
674 2506 759 2542 θεῶν
775 2507 859 2554 ἡγοῦ
876 2509 994 2544 πλέον.

265 2555 365 2601 κρίνω
384 2556 426 2591 σέ
443 2559 547 2599 νικᾶν,
568 2559 622 2594 καὶ
638 2562 809 2606 παραινεῖς
825 2575 883 2605 μοι
901 2563 1024 2598 καλῶς.

268 2606 363 2648 ἕπου,
382 2610 467 2656 πρὸς
484 2611 585 2646 αὐτὸν
602 2613 699 2647 τόνδε
718 2613 759 2647 σὲ
779 2614 912 2658 σφάξαι
931 2613 1039 2649 θέλω.

267 2661 322 2695 καὶ
339 2662 445 2704 ζῶντα
461 2663 527 2710 γάρ
545 2678 595 2699 νιν
612 2664 784 2708 κρείσσον’
802 2664 920 2712 ἡγήσω
937 2671 1075 2713 πατρός·

267 2711 376 2762 τούτῳ
394 2714 544 2750 θανοῦσα
561 2717 770 2763 ξυγκάθευδ’·
801 2713 872 2753 ἐπεὶ
890 2719 1005 2765 φιλεῖς
1036 2752 1049 2766 0

267 2765 326 2800 τὸν
342 2767 446 2814 ἄνδρα
462 2771 594 2809 τοῦτον,
614 2768 652 2805 ὃν
670 2769 699 2805 δ’
718 2770 820 2818 ἐχρῆν
837 2771 955 2817 φιλεῖν
972 2771 1120 2817 στυγεῖς.

267 2818 333 2865 ἐγώ
352 2819 385 2854 σ’
400 2819 544 2867 ἔθρεψα,
560 2821 625 2857 σὺν
640 2822 677 2857 δὲ
693 2824 834 2870 γηράναι
852 2823 955 2859 θέλω.

266 2875 543 2917 πατροκτονοῦσα
559 2875 626 2920 γὰρ
644 2874 854 2920 ξυνοικήσεις
871 2876 947 2922 ἐμοί
957 2889 967 2917 ;

264 2922 284 2967 ἥ
305 2926 417 2970 Μοῖρα
433 2924 572 2969 τούτων,
592 2924 619 2960 ὦ
637 2925 763 2967 τέκνον,
782 2928 952 2974 παραιτία.

266 2975 320 3010 καὶ
338 2977 434 3011 τόνδε
451 2977 563 3013 τοίνυν
581 2978 680 3024 Μοῖρ’
702 2979 886 3025 ἐπόρσυνεν
903 2982 1020 3025 μόρον.

268 3027 365 3062 οὐδὲν
377 3021 514 3072 ’σεβίζει
530 3029 723 3076 γενεθλίους
741 3031 834 3078 ἀρὰς,
854 3033 990 3074 τέκνον;

268 3082 413 3115 τεκοῦσα
429 3082 495 3128 γάρ
511 3080 546 3127 μ’
565 3083 711 3129 ἔρριψας
728 3083 762 3120 ἐς
779 3086 818 3119 τὸ
837 3085 1019 3130 δυστυχές.

268 3134 361 3167 οὔτοι
380 3132 414 3168 σ’
433 3133 596 3181 ἀπέρριψ’
617 3137 650 3172 ἐς
668 3135 790 3181 δόμους
808 3137 1013 3183 δορυξένους.

268 3184 371 3230 διχῶς
388 3185 547 3232 ἐπράθην,
567 3186 612 3222 ὢν
630 3187 809 3235 ἐλευθέρου
825 3190 963 3236 πατρός.

268 3240 335 3272 ποῦ
352 3238 428 3282 δῆθ’
448 3240 467 3273 ὁ
485 3240 580 3284 τῖμος
597 3238 695 3274 ὅντιν’
714 3240 937 3286 ἀντεδεξάμην
952 3254 961 3281 ;

269 3288 474 3336 αἰσχύνομαί
491 3305 549 3326 σοι
566 3293 656 3326 τοῦτ’
673 3292 836 3327 ὀνειδίσαι
855 3295 989 3338 σαφῶς.

268 3342 371 3386 μάλλ’
390 3343 459 3390 εἴφ’
479 3343 601 3389 ὁμοίως
619 3343 672 3378 καὶ
689 3345 816 3390 πατρὸς
832 3347 892 3380 τοῦ
910 3346 975 3380 σοῦ
993 3342 1108 3384 μάτας.

267 3393 312 3439 μὴ
329 3393 447 3441 ’λεγχε
463 3395 523 3430 τὸν
539 3395 692 3431 πονοῦντ’
712 3397 781 3431 ἔσω
800 3396 976 3442 καθημένη.

270 3445 377 3492 ἅλγος
392 3447 544 3493 γυναιξὶν
561 3447 682 3494 ἀνδρὸς
700 3446 885 3495 εἴργεσθαι,
905 3450 1032 3485 τέκνον.

172 3500 237 3532 ΟΡ.
269 3498 388 3544 τρέφει
406 3498 445 3533 δέ
459 3498 491 3546 γ’
511 3499 632 3546 ἀνδρὸς
648 3500 778 3546 μόχθος
795 3500 915 3547 ἡμένας
932 3503 1015 3538 ἔσω.

172 3551 242 3585 ΚΛ.
272 3553 396 3586 κτενεῖν
412 3550 533 3592 ἔοικας,
553 3551 579 3586 ὦ
597 3552 723 3592 τέκνον,
742 3553 803 3598 τὴν
819 3554 957 3601 μητέρα.

172 3604 239 3638 ΟΡ.
272 3600 319 3638 σύ
335 3616 388 3639 τοι
406 3603 561 3649 σεαυτὴν,
581 3604 641 3640 οὐκ
659 3605 739 3650 ἐγὼ,
759 3608 976 3644 κατακτενεῖς.

164 2559 231 2590 ΟΡ.

164 2821 238 2853 KA.

166 2875 232 2905 ΟΡ.

165 2927 239 2957 ΚΛ.

166 2979 234 3010 ΟΡ.

165 3031 239 3062 ΚΛ.

166 3084 234 3115 ΟΡ.

165 3136 240 3168 KA.

168 3188 234 3219 ΟΡ.

165 3242 240 3272 ΚΛ.

169 3293 236 3324 ΟΡ.

171 3397 235 3428 ΟΡ.

170 3449 242 3480 ΚΛ.

1135 574 1194 617 865

1134 840 1196 881 870

1137 1365 1200 1397 88ο

1138 1628 1199 1670 885

1136 1891 1198 1933 890

1136 2148 1198 2191 89⁵

1137 2419 1198 2451 900

1139 2682 1199 2716 905

1140 2939 1202 2972 910

1141 3199 1200 3233 9¹5

1142 3461 1202 3495 920

1235 787 1304 831 xp.

1244 3277 1309 3308 ΟΡ.

2211 313 2260 362 67

1335 417 1409 464 ὅρα,
1429 415 1581 463 φύλαξαι
1598 417 1722 463 μητρὸς
1740 418 1896 464 ἐγκότους
1914 416 2023 453 κύνας.

1329 470 1389 506 τὰς
1407 471 1466 504 τοῦ
1483 469 1609 515 πατρὸς
1627 469 1663 503 δὲ
1680 472 1750 505 πῶς
1768 468 1879 516 φύγω,
1899 470 2015 517 παρεὶς
2032 468 2131 508 τάδε;

1331 523 1422 556 zoam
1440 521 1570 568 θρηνεῖν
1588 521 1680 565 ζῶσα
1696 522 1781 567 πρὸς
1798 521 1927 566 τύμβον
1944 523 2061 566 μάτην.

1331 575 1457 620 πατρὸς
1473 573 1539 619 γὰρ
1557 569 1639 607 αἶσα
1656 573 1752 608 τόνδε
1770 573 1918 620 σούρίζει
1935 576 2051 620 μόρον.

1333 625 1366 660 οἳ
1381 625 1443 673 ’γὼ
1460 626 1606 659 τεκοῦσα
1622 625 1710 659 τόνδ’
1730 624 1811 671 ὅφιν
1829 625 2036 672 ἐθρεψάμην.

1334 676 1354 721 ἦ
1373 679 1476 724 κάρτα
1493 677 1609 721 μάντις
1627 677 1689 720 οὑξ
1707 677 1884 724 ὀνειράτων
1902 678 2026 723 φόβος.

1331 730 1441 766 ἕκανές
1458 728 1490 776 γ’
1511 728 1549 764 ὃν
1566 729 1606 763 οὔ
1622 730 1719 776 χρῆν,
1740 730 1793 764 καὶ
1810 730 1848 763 τὸ
1866 729 1911 774 μὴ
1929 730 2039 776 χρεὼν
2055 728 2153 765 πάθε.

1334 783 1502 826 στένωμεν
1519 780 1578 816 οὖν
1595 782 1649 816 καὶ
1666 782 1769 817 τῶνδε
1788 782 1971 828 συμφορὰν
1989 782 2122 826 διπλῆν.

1338 835 1409 870 ἐπεὶ
1427 834 1464 869 δέ
1481 835 1622 868 πολλῶν
1639 834 1785 879 αἱμάτων
1803 832 1964 880 ἐπήκρισε

1337 885 1472 931 τλήμων
1488 885 1663 932 Ὀρέστης,
1682 883 1778 920 τοῦθ’
1796 885 1886 930 ὅμως
1903 884 2094 932 αἱρούμεθα,

1338 938 1518 985 ὄφθαλμὸν
1535 935 1634 972 οἴκων
1649 938 1695 983 μὴ
1712 937 1930 984 πανώλεθρον
1946 939 2076 973 πεσεῖν.

1337 992 1439 1036 ἔμολε
1455 990 1516 1035 μὲν
1534 989 1609 1024 δίκα
1625 990 1825 1038 Πριαμίδαις
1841 992 1966 1038 χρόνῳ,
2038 1005 2116 1038 στρ.
2130 988 2179 1025 ’ast
2208 1002 2266 1035 935

1337 1041 1518 1090 βαρύδικος
1534 1043 1645 1077 ποινά.
2199 1070 2206 1073 ⁷

1338 1096 1440 1140 ἔμολε
1457 1093 1486 1129 δ’
1506 1094 1540 1130 ἐς
1557 1095 1660 1139 δόμον
1677 1096 1736 1130 τὸν
1753 1092 1997 1142 Ἀγαμέμνονος

1338 1148 1479 1183 διπλοῦς
1495 1147 1594 1190 λέων,
1615 1147 1756 1183 διπλοῦς
1766 1146 1884 1194 Ἀρης.

1339 1200 1443 1234 ἔλακε
1460 1198 1488 1233 δ’
1509 1199 1543 1235 ἐς
1560 1200 1598 1234 τὸ
1616 1201 1683 1234 πᾶν

1340 1254 1359 1286 ὁ
1376 1250 1619 1298 πυθοχρήστας
1637 1246 1748 1299 φυγάς

1341 1303 1456 1339 θεόθεν
1473 1302 1510 1338 εὖ
1527 1304 1714 1349 φραδαῖσιν
1730 1303 1931 1350 ὡρμημένος.

1343 1354 1567 1399 ἐπολολύξατ’
1587 1355 1612 1390 ὦ
1631 1355 1852 1391 δεσποσύνων
1869 1357 1979 1401 δόμων

1340 1408 1515 1455 ἀναφυγὰς
1533 1411 1639 1454 κακῶν
1657 1408 1710 1443 καὶ
1728 1409 1871 1443 κτεάνων
1887 1410 2007 1455 τριβᾶς

1341 1460 1407 1496 ὑπὸ
1425 1460 1517 1496 δυοῖν
1533 1461 1730 1508 μιαστόροιν

1343 1513 1508 1558 δυσοίμου
1525 1511 1641 1558 τύχας.

1342 1565 1444 1610 ἔμολε
1462 1564 1490 1600 δ’
1509 1561 1531 1611 ᾇ
1547 1564 1646 1610 μέλει
1664 1564 1866 1613 κρυπταδίου
1882 1565 2006 1612 μάχας,

1345 1617 1540 1662 δολιόφρων
1556 1618 1668 1653 ποινά.

1348 1667 1440 1715 ἔθιγε
1457 1669 1488 1703 δ’
1505 1669 1542 1704 ἐν
1557 1669 1651 1714 μάχᾳ
1667 1670 1768 1717 χερὸς
1786 1670 1952 1718 ἐτητύμως

1348 1722 1428 1758 Διὸς
1444 1720 1538 1768 κόρα,
1557 1721 1659 1757 Δίκαν
1678 1722 1715 1757 δέ
1734 1738 1784 1759 νιν

1344 1773 1642 1819 προσαγορεύομεν

1343 1825 1463 1870 βροτοὶ
1480 1827 1638 1871 τυχόντες
1656 1827 1778 1868 καλῶς,

1346 1876 1502 1924 ὀλέθριον
1518 1877 1655 1913 πνέουσ’
1675 1878 1710 1913 ἐν
1728 1877 1863 1925 ἐχθροῖς
1881 1879 1989 1914 κότον·

1345 1929 1450 1975 τάπερ
1468 1931 1487 1964 ὁ
1506 1930 1628 1974 Λοξίας
1645 1932 1664 1965 ὁ
1682 1931 1887 1976 Παρνάσιος,

1345 1980 1450 2026 μέγαν
1466 1982 1554 2027 ἔχων
1571 1983 1679 2029 μυχὸν
1695 1982 1818 2028 χθονὸς
1845 1982 1864 2003 ¹⁹
1910 1982 1930 2001 ⁸

1344 2030 1364 2048 C

2201 479 2259 512 925

2205 741 2264 774 930

2211 1265 2271 1296 940

2212 1515 2271 1576 9⁴1⁵

2137 1565 2209 1602 ἀντ.
2230 1581 2251 1602 α
2264 1592 2272 1602 .

2215 1789 2277 1821 950

2131 1995 2211 2025 στρ.
2229 1978 2279 2023 β’.

2214 2086 2274 2122 955

1451 2030 1475 2304 uuffvoe*

1559 2029 1579 2252 ventu

1560 2285 1580 2304 G

1343 2081 1363 2351 *fl*ss.*

1451 2333 1471 2352 ⁴*
1491 2334 1541 2370 ἐπ’
1561 2334 1656 2381 ὅχθει

1341 2384 1420 2428 ἆξεν
1437 2385 1568 2424 ἀδόλως
1586 2388 1704 2423 δολίαν

1340 2439 1580 2485 βλαπτομέναν
1596 2440 1841 2487 χρονισθεῖσαν
1858 2442 2042 2488 ἐποίχεται.

1342 2492 1509 2536 κρατεῖταί
1525 2507 1597 2529 πως
1614 2494 1653 2528 τὸ
1673 2492 1763 2529 θεῖον
1779 2495 1869 2541 παρὰ
1886 2496 1925 2530 τὸ
1942 2495 1987 2540 μὴ

1342 2543 1522 2590 ὑπουργεῖν
1539 2547 1662 2581 κακοῖς.

1342 2595 1438 2639 ἄξιον
1455 2597 1661 2644 οὐρανοῦχον
1678 2597 1787 2645 ἀρχὰν
1805 2599 1935 2643 σέβειν.

1342 2648 1433 2694 πάρα
1450 2651 1490 2684 τὸ
1508 2650 1584 2695 φῶς
1602 2649 1696 2686 ῖδεῖν.

1344 2701 1429 2746 μέγα
1445 2701 1473 2736 τ’
1494 2701 1665 2748 ἀφῃρέθην
1680 2701 1810 2746 ψάλιον
1827 2703 1960 2740 οἷκετῶν

1344 2752 1407 2788 ἄνα
1423 2768 1464 2799 γε
1481 2754 1547 2799 μὰν
1563 2754 1673 2800 δόμοι·
1701 2755 1810 2792 πολὺν
1826 2758 1912 2804 ἄγαν
1928 2759 2052 2806 χρόνον

1344 2807 1561 2850 χαμαιπετεῖς
1578 2806 1706 2841 ἔκεισθ’
1725 2807 1788 2847 ἀεὶ,

1344 2857 1433 2902 τάχα
1452 2858 1490 2893 δὲ
1506 2858 1674 2903 παντελὴς
1690 2861 1813 2906 χρόνος
1831 2860 2012 2906 ἀμείψεται

1342 2908 1496 2957 πρόθυρα
1513 2911 1685 2955 δωμάτων,
1705 2911 1785 2947 ὅταν
1802 2910 1863 2958 ἀφ’
1882 2913 1998 2948 ἑστίας

1342 2959 1451 3006 μύσος
1467 2963 1535 2998 πᾶν
1551 2962 1664 3008 ἐλάσῃ

1345 3013 1567 3061 καθαρμοῖσιν
1585 3016 1667 3051 ἀτᾶν
1686 3016 1890 3063 ἐλατηρίοις.

1334 3065 1431 3112 ,τύχᾳ
1449 3066 1478 3102 δ’
1497 3067 1797 3114 εὖπροσωποκοίτᾳ
1814 3070 1852 3103 τὸ
1870 3070 1937 3104 πᾶν

1346 3118 1427 3153 ἰδεῖν
1444 3119 1588 3155 ἀκοῦσαι
1607 3120 1808 3167 θρεομένοις,

1344 3170 1492 3215 μέτοικοι
1510 3172 1620 3216 δόμων
1636 3175 1821 3208 πεσοῦνται
1838 3174 1953 3209 πάλιν.

1345 3223 1437 3269 πάρα
1453 3225 1493 3259 τὸ
1511 3224 1587 3270 φῶς
1605 3224 1698 3260 ἶδεῖν.

1342 3273 1459 3310 ἴδεσθε
1475 3277 1589 3322 χώρας
1606 3277 1670 3322 τὴν,
1685 3278 1808 3322 διπλῆν
1825 3278 2013 3325 τυραννίδα,

1343 3329 1589 3374 πατροκτόνους
1607 3343 1643 3363 τε
1662 3328 1823 3374 δωμάτων
1839 3329 2061 3376 πορθήτορας.

1345 3380 1464 3423 σεμνοὶ
1481 3380 1542 3424 μέν
1558 3379 1658 3424 ἦσαν,
1679 3382 1714 3416 ἐν
1733 3381 1864 3428 θρόνοις
1881 3381 1956 3416 τόθ’
1976 3381 2101 3426 ἥμενοι,

1344 3430 1446 3476 φίλοι
1464 3432 1501 3467 δέ
1519 3433 1573 3467 καὶ
1592 3435 1660 3474 νῦν,
1684 3434 1729 3470 ὡς
1747 3434 1921 3469 ἐπεικάσαι
1938 3433 2027 3477 πάθη

1343 3483 1522 3531 πάρεστιν,
1541 3483 1638 3532 ὅρκος
1655 3484 1684 3519 τ’
1705 3485 1834 3530 ἐμμένει
1852 3487 2061 3530 πιστώμασι.

1346 3534 1550 3581 ξυνωμοσαν
1565 3537 1627 3581 μὲν
1645 3537 1786 3572 θάνατον
1804 3537 1912 3584 ἀθλίῳ
1929 3538 2042 3583 πατρὶ,

1346 3587 1400 3624 καὶ
1415 3587 1664 3633 ξυνθανεῖσθαι·
1694 3590 1748 3626 καὶ
1765 3589 1836 3626 τάδ’
1856 3590 1998 3636 εὐόρκως
2015 3589 2098 3636 ἔχει.

2218 3131 2281 3164 970

2221 3391 2280 3425 975
