2488 3860
273 2231 327 2263 AI.

1150 274 1557 318 ΣΟΦΟΚΛΕΟΥΣ

377 381 443 427 ἐγὼ
462 380 490 416 δ’
510 383 529 416 ὁ
548 382 685 427 τλάμων
702 381 846 416 παλαιὸς
863 378 924 426 ἀφ’
944 378 984 414 οὗ
1000 380 1124 425 χρόνος
1257 382 1317 415 600

377 434 482 468 Ἰδαῖα
498 434 607 479 μίμνω
624 432 772 479 λειμώνι’
791 433 923 474 ἄποινα,
943 436 1054 477 μηνῶν

377 486 558 533 ἇνήριθμος
575 487 646 522 αἷὲν
664 487 794 532 εὗνώμᾳ

377 541 489 588 χρόνῳ
508 542 725 586 τρυχόμενος,

378 593 480 627 κακὰν
498 590 614 628 ἐλπίδ’
632 594 720 638 ἔχων

379 646 427 678 ἔτι
445 645 489 690 μέ
504 645 579 681 ποτ’
599 644 736 680 ἀνύσειν

379 698 438 732 τὸν
455 698 649 744 ἀπότροπον
666 695 807 743 ἀΐδηλον
819 697 951 734 Ἀιδαν.

379 751 434 785 καί
450 765 508 795 μοι
527 750 798 797 δυσθεράπευτος
817 750 898 788 Αἴας

376 801 534 846 ξύνεστιν
552 804 708 851 ἔφεδρος,
729 803 813 849 ὤμοι
829 819 900 849 μοι,

380 855 453 905 θείᾳ
470 857 570 902 μανίᾳ
588 855 765 901 ξύναυλος·

377 907 416 943 ὃν
434 909 618 956 ἐξεπέμψω
636 910 716 956 πρὶν
735 908 774 954 δή
793 925 877 945 ποτε
896 909 1020 957 θουρίῳ

377 961 547 1007 κρατοῦντ’
567 962 603 997 ἐν
612 960 723 1009 '‘Ape‘’
754 965 812 998 νῦν
830 963 858 998 δ’
879 962 920 998 αὖ
938 963 1063 1009 φρενὸς
1082 961 1247 1003 οἷοβώτας

377 1014 496 1060 φίλοις
513 1014 600 1062 μέγα
617 1014 739 1051 πένθος
753 1013 903 1061 ηὕρηται.

375 1067 418 1102 τὰ
433 1068 513 1115 πρὶν
531 1067 559 1103 δ’
579 1069 662 1115 ἔργα
680 1070 794 1115 χεροῖν

375 1120 539 1167 μεγίστας
557 1120 678 1167 ἀρετᾶς

376 1172 488 1219 ἄφιλα
505 1173 583 1220 παρ’
603 1174 746 1220 ἀφίλοις

375 1225 470 1261 ἔπεσ’
490 1227 594 1262 ἔπεσε
611 1227 747 1272 μελέοις
763 1226 962 1274 Ἀτρείδαις.

374 1276 393 1322 ἦ
412 1293 479 1314 που
496 1280 624 1325 παλαιᾷ
641 1280 702 1324 μὲν
719 1280 884 1326 ἔντροφος
903 1279 1020 1325 ἁμέρᾳ,
1064 1293 1143 1324 στρ.
1163 1276 1213 1321 β’.

373 1333 484 1380 λευκῷ
501 1332 538 1367 δὲ
555 1331 643 1379 γήρᾳ
659 1333 768 1379 μάτηρ
787 1347 836 1368 νιν
854 1331 934 1367 ὅταν
952 1334 1117 1367 νοσοῦντα

376 1386 597 1432 φρενομόρως
614 1383 756 1429 ἀκούσῃ,

373 1434 506 1473 αἴλινον
522 1435 656 1473 αἴλινον

375 1490 445 1525 οὐδ’
465 1490 599 1538 οἶκτρᾶς
617 1492 700 1538 γόον
718 1490 849 1538 ὄρνιθος
867 1490 990 1535 ἀηδοῦς

375 1543 452 1587 ἥσει
470 1542 654 1590 δύσμορος,
675 1543 753 1578 ἀλλ’
773 1544 953 1587 ὀξυτόνους
970 1543 1032 1588 μὲν
1049 1542 1137 1591 ᾠδὰς

374 1594 546 1643 θρηνήσει,
566 1598 795 1643 χερόπληκτοι
814 1595 843 1631 δ’

375 1649 411 1683 ε’ν
430 1648 604 1696 στέρνοισι
622 1652 807 1685 πεσοῦνται

377 1702 497 1737 δοῦποι
515 1702 569 1736 καὶ
586 1704 710 1738 πολιᾶς
727 1702 864 1747 ἄμυγμα
881 1702 1014 1748 χαίτας.

375 1755 548 1799 κρείσσων
560 1754 638 1802 παρ’
652 1754 754 1800 Ἀιδᾳ
768 1753 895 1790 κεύθων
905 1756 924 1789 ὁ
939 1758 1050 1790 νοσῶν
1066 1755 1184 1800 μάταν,
1196 1753 1314 1797 ‹im-‚H-

374 1807 411 1844 ὃς
430 1808 465 1842 ἐκ
483 1806 638 1856 πατρῴας
656 1808 743 1853 ἥκων
758 1809 875 1854 γενεᾶς
893 1807 1034 1854 ἄριστος
1255 1810 1318 1851 636

373 1862 576 1896 πολυπόνων
593 1860 752 1906 Ἀχαιῶν,

374 1914 434 1948 οὐκ
452 1914 501 1947 ἔτι
521 1914 729 1960 συντρόφοις

372 1964 490 2012 ὀργαῖς
507 1961 662 2011 ἔμπεδος,
682 1965 761 2001 ἀλλ’
782 1966 877 2002 ε’κτὸς
896 1966 1020 2013 ὁμιλεῖ.

374 2017 400 2051 ὦ
418 2019 548 2063 τλᾶμον
573 2019 692 2065 πάτερ,
712 2016 785 2053 οἵαν
804 2033 845 2054 σε
863 2021 954 2064 μένει
971 2019 1141 2056 πυθέσθαι

373 2070 492 2106 παιδὸς
511 2069 691 2117 δύσφορον
709 2070 802 2111 ἄταν,

373 2122 414 2157 ἂν
432 2126 524 2158 οὔπω
543 2138 594 2159 τις
611 2123 759 2170 ἔθρεψεν

373 2174 454 2210 αἷὼν
471 2175 631 2211 Αἰακιδᾶν
648 2176 769 2224 ἄτερθε
785 2177 897 2213 τοῦδε.

375 2227 492 2264 ἅπανθ’
513 2231 531 2264 ὁ
549 2230 675 2276 μακρὸς
693 2229 937 2275 κᾶναρίθμητος
954 2232 1076 2277 χρόνος

373 2280 455 2327 φύει
473 2284 502 2316 τ’
520 2282 629 2326 ἄδηλα
647 2283 701 2316 καὶ
719 2282 867 2328 φανέντα
885 2280 1079 2330 κρύπτεται·

374 2334 454 2368 κούκ
472 2332 546 2369 ἔστ’
567 2334 715 2370 ἄελπτον
733 2335 842 2376 οὐδὲν,
862 2335 941 2370 ἀλλ’
961 2336 1138 2372 ἁλίσκεται

373 2387 426 2432 χώ
445 2387 552 2423 δεινὸς
570 2387 669 2434 ὅρκος
685 2387 746 2433 χαῖ
764 2390 979 2434 περισκελεῖς
996 2389 1132 2435 φρένες-

374 2440 465 2486 κάγὼ
482 2441 560 2487 γὰρ,
581 2439 618 2476 ὃς
635 2441 678 2475 τὰ
695 2439 773 2475 δείν’
794 2440 993 2488 ἐκαρτέρουν
1010 2443 1099 2480 τότε,

372 2493 471 2537 βαφῇ
491 2493 630 2539 σίδηρος
648 2494 692 2529 ὣς
710 2491 896 2538 ἐθηλύνθην
914 2496 1026 2539 στόμα

373 2546 458 2592 πρὸς
475 2546 581 2590 τῆσδε
598 2547 657 2590 τῆς
674 2547 842 2593 γυναικός·
872 2546 1025 2594 οἰκτείρω
1044 2546 1083 2582 δέ
1099 2560 1150 2581 νιν

372 2597 481 2645 χήραν
498 2597 576 2644 παρ’
592 2598 727 2645 ἐχθροῖς
743 2600 847 2634 παῖδά
865 2599 893 2633 τ’
913 2600 1064 2646 ὀρφανὸν
1081 2599 1205 2635 λιπεῖν.

373 2649 452 2685 ἀλλ’
471 2647 538 2696 εἶμι
555 2653 640 2696 πρός
658 2665 694 2685 τε
711 2653 841 2698 λουτρὰ
859 2653 912 2687 καὶ
929 2652 1132 2699 παρακτίους

372 2704 547 2748 λειμῶνας,
568 2704 612 2740 ὡς
630 2704 670 2738 ἂν
687 2702 808 2748 λύμαθ
828 2705 971 2751 ἁγνίσας
989 2705 1052 2750 ε’μὰ

375 2757 471 2801 μῆνιν
488 2758 628 2803 βαρεῖαν
646 2756 860 2802 ἐξαλύξωμαι
879 2758 970 2794 θεᾶς·

372 2809 488 2853 μολών
504 2823 542 2843 τε
559 2812 672 2856 χῶρον
689 2807 756 2843 ἔνθ’
775 2809 816 2844 ἂν
833 2810 960 2854 ἀστιβῆ
979 2809 1064 2856 κίχω

373 2860 495 2907 κρύψω
514 2860 584 2895 τόδ’
604 2862 706 2908 ἔγχος
723 2862 859 2906 τούμὸν,
879 2862 1042 2908 ἔχθιστον
1058 2864 1183 2907 βελῶν,

376 2913 475 2960 γαίας
492 2912 616 2960 ὀρύξας
634 2913 712 2948 ἔνθα
729 2913 773 2959 μή
793 2928 843 2950 τις
861 2914 998 2961 ὄψεται·

373 2965 451 3001 ἀλλ’
471 2966 551 3000 αὐτὸ
571 2966 631 3010 νὺξ
643 2965 761 3010 ’Ἅιδης
779 2981 815 3001 τε
835 2968 1012 3010 σωζόντων
1029 2969 1130 3004 κάτω.

374 3019 440 3065 ε’γὼ
458 3019 524 3065 γὰρ
543 3019 581 3062 ἐξ
599 3017 640 3052 οὗ
657 3020 746 3065 χειρὶ
764 3019 854 3053 τοῦτ’
873 3019 1036 3065 ἐδεξάμην

371 3070 450 3118 παρ’
464 3070 628 3118 Ἕκτορος
646 3072 782 3117 δώρημα
800 3072 1085 3116 δυσμενεστάτου,

375 3125 467 3159 οὔπω
485 3138 518 3158 τι
537 3124 651 3158 κεδνὸν
669 3125 776 3169 ἔσχον
792 3123 956 3171 Ἀργείων
972 3126 1075 3171 πάρα.

374 3175 452 3211 ἀλλ’
472 3175 543 3211 ἔστ’
563 3176 691 3221 ἀληθὴς
708 3176 727 3221 ἡ
745 3178 880 3223 βροτῶν
897 3178 1069 3223 παροιμία,

374 3228 505 3276 ἐχθρῶν
522 3228 635 3275 ἄδωρα
652 3229 743 3275 δῶρα
761 3229 841 3263 κούκ
859 3229 1017 3274 ὀνήσιμα.

373 3282 492 3329 τοιγὰρ
510 3283 549 3317 τὸ
567 3282 689 3317 λοιπὸν
707 3281 894 3326 εἰσόμεσθα
911 3282 972 3327 μὲν
990 3282 1079 3319 θεοῖς

374 3333 484 3375 εἴκειν,
503 3334 750 3379 μαθησόμεσθα
769 3334 797 3369 δ’
815 3334 989 3380 Ἀτρείδας
1007 3335 1136 3378 σέβειν.

373 3387 535 3434 ἄρχοντές
553 3386 651 3427 εἶσιν,
673 3386 756 3421 ὥσθ’
777 3387 960 3422 ὑπεικτέον.
990 3387 1024 3422 τί
1040 3386 1108 3432 μή;

375 3440 428 3475 καὶ
444 3440 511 3485 γὰρ
529 3440 570 3474 τὰ
589 3440 680 3474 δεινὰ
698 3441 751 3474 καὶ
769 3440 811 3474 τὰ
829 3441 1062 3482 καρτερώτατα

375 3492 486 3535 τιμαῖς
503 3491 642 3526 ὑπείκει·
670 3496 772 3527 τοῦτο
790 3500 851 3538 μεν
869 3494 1086 3539 νιφοστιβεῖς

372 3548 535 3592 χειμῶνες
553 3546 763 3591 ἐκχωροῦσιν
780 3546 935 3592 εὐκάρπῳ
953 3544 1055 3591 θέρει·

375 3596 550 3642 ἐξίσταται
568 3598 604 3634 δὲ
623 3599 739 3636 νυκτὸς
757 3597 871 3643 αἷανῆς
888 3596 1011 3636 κύκλος

1255 541 1317 584 605

1181 750 1254 785 ἀντ.
1275 747 1318 784 α’.

1259 805 1319 837 διο

1258 1547 1319 1587 630

1259 1967 1320 2006 640

1252 2971 1314 3003 660

1255 3233 1314 3275 665

1253 3499 1316 3539 670

1358 3331 1429 3362 XO.

1424 1462 1432 1470 .
1461 1433 1574 1481 ἔφριξ’
1594 1436 1705 1481 ἔρωτι,
1724 1436 1908 1483 περιχαρὴς
1927 1435 1955 1472 δ’
1975 1436 2176 1483 ἀνεπτόμαν.

1462 385 1503 428 τῇ
1521 382 1729 429 λευκοπώλῳ
1747 380 1878 429 φέγγος
1896 379 2001 430 ἡμέρᾳ
2018 379 2172 431 φλέγειν·

1464 436 1579 470 δεινῶν
1596 434 1623 469 τ’
1643 434 1732 479 ἄημα
1749 435 1945 480 πνευμάτων
1963 435 2114 480 ε’κοίμισε

1465 487 1626 522 στένοντα
1643 489 1778 522 πόντον·
1809 487 1844 522 ἐν
1861 486 1890 522 δ’
1910 489 1929 522 ὁ
1946 489 2139 536 παγκρατὴς
2156 486 2259 526 ὕπνος

1463 539 1539 575 λύει
1556 539 1719 585 πεδήσας,
1739 539 1808 575 οὐδ’
1828 539 1880 575 ἀεὶ
1896 541 2015 584 λαβὼν
2032 541 2116 587 ἔχει.

1462 593 1556 637 ἡμεῖς
1573 593 1610 627 δὲ
1627 596 1699 629 πῶς
1716 593 1756 627 οὐ
1773 592 2002 639 γνωσόμεσθα
2019 595 2234 641 σωφρονεῖν;

1463 646 1529 692 ἐγὼ
1548 645 1590 685 δ’,
1611 645 1794 690 ἐπίσταμαι
1810 645 1876 692 γὰρ
1894 645 2017 692 ἀρτίως
2034 645 2086 682 ὅτι

1463 697 1483 732 ὅ
1496 697 1523 732 τ’
1544 697 1666 744 ἐχθρὸς
1683 697 1761 742 ἡμῖν
1779 698 1813 734 ἐς
1830 697 1964 733 τοσόνδ’
1984 698 2176 746 ε’χθαρτέος,

1463 751 1507 786 ὡς
1525 750 1579 784 καὶ
1597 748 1759 795 φιλήσων
1776 748 1882 791 αὖθις,
1902 751 1936 787 ἔς
1953 765 1990 786 τε
2007 752 2066 787 τὸν
2083 752 2191 798 φίλον

1462 802 1601 837 τοσαῦθ’
1622 803 1799 849 ὑπουργῶν
1817 803 1965 848 ὠφελεῖν
1981 803 2211 849 βουλήσομαι,

1463 856 1507 891 ὡς
1525 855 1595 890 αἶέν
1613 855 1652 889 οὐ
1670 857 1844 900 μενοῦντα.
1873 857 1944 892 τοῖς
1960 858 2128 892 πολλοῖσι
2140 857 2207 904 γὰρ

1461 911 1596 954 βροτῶν
1613 907 1757 943 ἄπιστός
1776 907 1850 942 ἐσθ’
1868 909 2030 956 ἑταιρείας
2046 908 2162 955 λιμήν.

1461 959 1540 996 ἀλλ’
1560 961 1650 1006 ἀμφὶ
1666 960 1728 1005 μὲν
1745 959 1918 995 τούτοισιν
1935 959 1973 996 εὖ
1991 960 2130 1008 σχήσει·
2162 961 2207 997 σὺ
2225 962 2261 998 δὲ

1463 1015 1532 1048 ἔσω
1553 1012 1642 1049 θεοῖς
1660 1012 1813 1048 ἐλθοῦσα
1831 1013 1886 1048 διὰ
1903 1014 2034 1058 τέλους,
2053 1013 2162 1062 γύναι,

1463 1068 1564 1112 εὔχου
1583 1065 1757 1100 τελεῖσθαι
1775 1066 1900 1111 τούμὸν
1918 1066 1964 1102 ὧν
1982 1066 2042 1114 ε’ρᾷ
2060 1067 2151 1115 κέαρ.

1463 1119 1554 1164 ὑμεῖς
1573 1118 1603 1153 θ’
1623 1119 1749 1164 ἑταῖροι
1767 1119 1872 1154 ταύτὰ
1889 1119 1971 1164 τῇδέ
1985 1134 2043 1165 μοι
2062 1121 2142 1156 τάδε

1462 1173 1590 1216 τιμᾶτε,
1611 1170 1745 1220 Τεύκρῳ
1763 1171 1806 1215 τ’,
1825 1171 1865 1217 ἣν
1882 1174 1985 1217 μόλῃ,
2005 1172 2175 1219 σημήνατε

1461 1223 1576 1269 μέλειν
1594 1225 1654 1269 μὲν
1672 1223 1776 1269 ἡμῶν,
1797 1225 1921 1260 εὐνοεῖν
1939 1224 1967 1260 δ’
1987 1225 2063 1271 ὑμῖν
2081 1227 2160 1272 ἅμα.

1463 1277 1528 1323 ἐγὼ
1546 1277 1612 1323 γὰρ
1631 1273 1693 1322 εἶμ’
1713 1277 1816 1312 ἐκεῖσ’
1836 1277 1914 1313 ὅποι
1931 1279 2125 1325 πορευτέον·

1463 1330 1554 1373 ὑμεῖς
1573 1330 1602 1363 δ’
1620 1329 1641 1363 ἂ
1659 1331 1780 1375 φράζω
1800 1331 1912 1377 δρᾶτε,
1932 1332 1986 1366 καὶ
2004 1329 2080 1378 τάχ’
2098 1332 2138 1367 ἄν
2154 1331 2189 1377 μ’
2207 1329 2292 1369 ἴσως

1463 1381 1642 1422 πύθοισθε,
1663 1382 1712 1416 κεῖ
1731 1384 1789 1418 νῦν
1807 1384 1979 1429 δυστυχῶ,
1999 1385 2235 1430 σεσωσμένον.

2343 754 2405 788 68ο

2343 989 2404 1061 εέε

2339 1282 2405 1326 690

2324 1451 2403 1485 στρ.

1463 1487 1501 1521 ἷὼ
1521 1487 1559 1521 ἷὼ
1578 1488 1652 1522 Πὰν
1670 1488 1757 1528 Πὰν,

1463 1540 1488 1574 ὦ
1507 1540 1582 1575 Πὰν
1599 1541 1674 1575 Πὰν
1692 1541 1916 1588 ἁλίπλαγκτε,
1934 1542 2127 1579 Κυλλανίας
2142 1540 2365 1589 χιονοκτῦπου

1465 1593 1623 1640 πετραίας
1641 1594 1707 1629 ἀπὸ
1727 1594 1880 1641 δειράδος
1897 1594 2034 1640 φάνηθ,
2055 1593 2081 1629 ὦ
2342 1597 2405 1640 696

1463 1646 1550 1681 θεῶν
1564 1645 1724 1693 χοροποί’
1744 1646 1840 1691 ἄναξ,
1860 1646 1951 1683 ὅπως
1967 1662 2025 1692 μοι

1463 1697 1578 1734 Νύσια
1593 1697 1717 1734 Κνώσι’
1732 1698 1895 1746 ὀρχήματ’
1909 1699 2055 1746 αὖτοδαῆ
2070 1700 2177 1745 ξυνὼν
2191 1701 2309 1749 ἷάψῃς.
2345 1712 2405 1747 700

1463 1753 1521 1786 νῦν
1538 1752 1604 1798 γὰρ
1623 1751 1697 1797 ἐμοὶ
1714 1751 1812 1797 μέλει
1830 1755 2007 1799 χορεῦσαι.

1461 1803 1612 1851 Ἰκαρίων
1630 1804 1660 1839 δ’
1679 1805 1763 1851 ὑπὲρ
1781 1805 1957 1851 πελαγέων
1973 1806 2090 1851 μολὼν
2106 1806 2190 1852 ἅναξ
2206 1806 2390 1843 Ἀπόλλων

1463 1859 1481 1891 ὁ
1502 1858 1639 1896 Δάλιος,
1659 1859 1850 1904 εὔγνωστος

1464 1909 1537 1954 ἐμοὶ
1556 1909 1666 1954 ξυνείη
1703 1910 1758 1944 διὰ
1775 1911 1899 1947 παντὸς
1917 1912 2066 1959 εὔφρων.

1461 1962 1588 1997 ἔλυσεν
1606 1962 1697 1997 αἰνὸν
1715 1962 1798 2009 ἄχος
1816 1963 1872 1999 ἀπ’
1892 1964 2172 2012 ὀμμάτων”Αρης.

1463 2011 1501 2045 ἷὼ
1520 2012 1572 2047 las.
1601 2016 1659 2048 νῦν
1676 2013 1729 2055 αὖ,

1462 2068 1531 2106 νῦν,
1552 2065 1578 2100 ὦ
1596 2068 1671 2106 Ζεῦ,
1690 2068 1782 2114 πάρα
1798 2070 1920 2104 λευκὸν
1938 2070 2099 2117 εὐάμερον
2115 2072 2266 2107 πελάσαι
2283 2071 2374 2118 φάος

1461 2117 1542 2152 θοᾶν
1567 2119 1727 2155 ὠκυάλων
1745 2125 1837 2161 νεῶν,
1857 2121 1904 2157 ὅτ’
1925 2121 2006 2160 Αἴας
2342 2135 2402 2169 7¹9

1460 2170 1644 2208 λαθίπονος
1661 2174 1776 2214 πάλιν,
1797 2174 1882 2210 θεῶν
1900 2173 1928 2210 δ’
1947 2175 1988 2211 αὖ

1460 2223 1611 2259 πάνθυτα
1629 2224 1739 2270 θέσμι’
1759 2226 1894 2271 ἐξήνυσ’
1915 2229 2050 2275 εὐνομίᾳ
2068 2230 2184 2273 σέβων
2200 2229 2358 2278 μεγίστῃ.

1460 2275 1557 2310 πάνθ’
1577 2278 1596 2311 ὁ
1612 2278 1717 2325 μέγας
1733 2282 1856 2326 χρόνος
1873 2282 2036 2328 μαραίνει,

1461 2329 1578 2364 κούδὲν
1595 2329 1778 2367 ἆναύδατον
1795 2334 1974 2379 φατίσαιμ’
1989 2335 2041 2376 ἂν,
2057 2335 2133 2371 εὖτέ
2141 2336 2172 2384 γ’
2188 2337 2226 2381 ἐξ
2244 2336 2403 2373 ἀέλπτων

1461 2379 1543 2418 Αἴας
1558 2385 1815 2429 μετανεγνώσθη
2341 2393 2403 2435 716

2339 1923 2402 1979 ‚⁷0⁵

2329 1981 2404 2003 αντ,

1457 2429 1564 2474 θυμοῦ
1581 2431 1614 2467 τ’
1631 2434 1818 2479 Ἀτρείδαις
1835 2437 1996 2483 μεγάλων
2012 2452 2050 2473 τε
2068 2438 2211 2478 νεικέων.
2235 2437 2237 2439 ’

1418 2509 1427 2519 .
1460 2484 1577 2531 ἄνδρες
1594 2486 1707 2531 φίλοι,
1727 2489 1766 2522 τὸ
1784 2492 1919 2534 πρῶτον
1936 2491 2094 2537 α’γγεῖλαι
2112 2492 2219 2536 θέλω,

1461 2539 1606 2584 Τεῦκρος
1622 2540 1787 2586 πάρεστιν
1804 2541 1879 2588 ἄρτι
1899 2544 2043 2579 Μυσίων
2060 2544 2127 2580 ἀπὸ

1462 2594 1623 2636 κρημνῶν·
1651 2592 1760 2638 μέσον
1778 2594 1814 2628 δέ
1832 2597 2042 2641 προσμολὼν
2060 2596 2266 2645 στρατήγιον

1462 2643 1635 2686 κυδάζεται
1653 2647 1723 2681 τοῖς
1740 2648 1847 2681 πᾶσιν
1863 2647 2031 2695 Ἀργείοις
2048 2651 2145 2695 ὁμοῦ.

1462 2696 1643 2741 στείχοντα
1660 2699 1726 2744 γὰρ
1743 2700 1923 2746 πρόσωθεν
1940 2701 2041 2737 αὐτὸν
2059 2702 2095 2737 ἐν
2113 2702 2226 2752 κύκλῳ

1459 2748 1621 2792 μαθόντες
1639 2750 1879 2796 ἀμφέστησαν,
1899 2750 1957 2788 εἶτ’
1977 2755 2144 2792 ὀνείδεσιν

1461 2802 1616 2846 ἤρασσον
1634 2803 1727 2838 ἔνθεν
1750 2804 1867 2840 κᾶνθεν
1885 2808 1976 2842 οὔτις
1993 2807 2068 2842 ἔσθ’
2087 2806 2125 2844 ὃς
2142 2808 2195 2850 οὓ,

1460 2854 1519 2888 τὸν
1537 2856 1598 2889 τοῦ
1615 2855 1774 2899 μανέντος
1792 2858 2063 2901 κάπιβουλευτοῦ
2082 2864 2231 2908 στρατοῦ

1461 2904 1622 2951 ξύναιμον
1639 2908 1903 2952 ἀποκαλοῦντες,
1923 2912 1968 2948 ὡς
1985 2912 2046 2947 οὐκ
2064 2913 2204 2958 ἀρκέσοι

1461 2959 1499 2992 τὸ
1517 2959 1563 3003 μὴ
1583 2959 1623 2994 οὔ
1640 2961 1797 3008 πέτροισι
1814 2965 1881 3000 πᾶς
1899 2965 2115 3010 καταξανθεὶς
2133 2965 2256 3002 θανεῖν.

1462 3010 1545 3045 ὥστ’
1573 3012 1608 3048 ἐς
1630 3016 1797 3049 τοσοῦτον
1814 3013 1922 3059 ἦλθον
1940 3018 2030 3052 ὥστε
2048 3018 2106 3052 καῖ
2118 3020 2236 3066 χεροῖν

1463 3065 1592 3098 κολεῶν
1610 3065 1737 3111 ε’ρυστὰ
1755 3067 1974 3115 διεπεραιώθη
1993 3070 2092 3116 ξίφη.
2239 3069 2243 3075 ’

1460 3114 1559 3163 λήγει
1578 3115 1606 3151 δ’
1626 3118 1694 3164 ἔρις
1712 3119 1889 3166 δραμοῦσα
1906 3124 1967 3157 τοῦ
1983 3123 2195 3169 προσωτάτω

1461 3168 1589 3215 ἀνδρῶν
1605 3172 1774 3217 γερόντων
1792 3173 1828 3207 ἐν
1841 3173 2039 3222 ξυναλλαγῇ
2054 3177 2176 3223 λόγου.

1461 3220 1540 3255 ἀλλ’
1560 3220 1637 3266 ἡμὶν
1654 3221 1736 3260 Αἴας
1754 3227 1821 3260 ποῦ
1838 3225 1938 3267 ’σν-ιν,
1959 3228 2004 3264 ὡς
2021 3229 2149 3274 φράσω
2166 3230 2247 3266 τάδε
2266 3262 2270 3268 .

1461 3275 1532 3310 τοῖς
1550 3275 1676 3321 κυρίοις
1693 3278 1759 3323 γὰρ
1777 3279 1886 3314 πάντα
1903 3280 1970 3326 χρὴ
1989 3280 2116 3324 δηλοῦν
2131 3283 2251 3330 λόγον.

1459 3327 1519 3361 οὐκ
1536 3327 1643 3368 ἔνδον,
1662 3329 1754 3364 ἀλλὰ
1772 3331 1924 3377 φροῦδος
1941 3332 2074 3379 ἀρτίως,
2093 3333 2170 3371 νέας

1459 3380 1591 3421 βουλὰς
1610 3381 1736 3416 νέοισιν
1754 3382 1995 3430 ἐγκαταζεύξας
2013 3387 2162 3431 τρόποις.

2342 2557 2403 2590 72⁰

2343 2795 2406 2855 τις

2343 3084 2406 3117 730

2343 3346 2403 3382 ⁷³5

1359 3437 1425 3467 ΑΓ.
1455 3431 1508 3467 ἷοὺ
1526 3430 1592 3467 ἰού.

1359 3595 1430 3625 XO·
1458 3590 1492 3626 τί
1509 3587 1538 3626 δ’
1557 3590 1633 3627 ἐστὶ
1650 3591 1766 3638 χρείας
1784 3592 1880 3638 τῆσδ’
1899 3593 2220 3644 ὖπεσπανισμένονὸ

1461 3485 1624 3530 Βραδεῖαν
1641 3486 1727 3530 ἡμᾶς
1743 3485 1795 3531 ἆρ
1816 3490 1835 3523 ὁ
1853 3487 1951 3533 τήνδε
1969 3490 2030 3534 τὴν
2046 3491 2128 3528 ὁδὸν

1460 3537 1601 3582 πέμπων
1617 3538 1784 3584 ἔπεμψεν,
1804 3539 1824 3584 ἢ
1844 3542 1965 3586 ’φάνην
1982 3543 2048 3589 ἐγὼ
2065 3543 2206 3589 βραδύς.

2341 3609 2403 3648 7⁴0
