2488 3860
154 1681 216 1711 TA.

1038 259 1363 303 ΤΡΩΙΑΔΕΣ.

240 363 261 406 ἦ
279 362 556 409 Σαλαμῇῗῖἢκῂθ

239 416 261 462 ἢ
278 416 417 463 δίπορον
433 415 585 461 κορυφὰν

233 466 402 514 Ἴσθμιον,
420 466 500 502 ἔνθα
515 465 626 504 πύλας

242 520 407 556 Πέλοπος
423 519 567 565 ἔχουσιν,
582 519 688 566 ἕδραι.

243 571 303 608 εἶθ’
323 572 447 608 ἀκάτου
465 572 604 606 Μενέλα

242 627 349 670 μέσον
364 624 518 670 πέλαγος
536 623 663 666 ἷούσας,

243 677 406 713 δίπαλτον
423 677 513 722 ἱερὸν
529 675 592 710 ἀνὰ
608 676 714 721 μέσον
730 678 861 712 πλατᾶν
877 674 978 713 πέσοι

243 729 384 776 Αἰγαίου
402 729 627 775 κεραυνοφαὲς
642 731 721 775 πῦρ,
1198 726 1204 762 ἰ

242 780 387 817 Ἰλιόθεν
403 779 456 815 ὅτι
471 795 514 826 με
530 781 783 828 πολυδάκρυτον
1097 795 1173 827 ¹¹05

997 573 1065 608 ἀντ.
1098 586 1177 609 1100

239 831 385 870 “Ελλάδι
401 834 573 879 λάτρευμα
589 833 693 879 γᾶθεν
710 833 861 880 ἐξορίζει·

244 886 376 934 χρύσεα
393 885 422 920 δ’
442 885 594 932 ἔνοπτρα,
613 885 788 931 παρθένων

243 939 396 986 χάριτας,
414 938 544 983 ἔχουσα
560 938 719 984 τυγχάνει
737 939 816 974 Διὸς
833 940 925 984 κόρα·

244 991 327 1037 μηδὲ
365 991 464 1036 γαῖάν
503 989 578 1024 ποτ’
615 990 714 1025 ἔλθοι
756 991 920 1025 Δάκαιναν
952 992 1107 1038 πατρῷόν
1143 1004 1180 1022 τε

245 1044 328 1090 μηδὲ
344 1043 446 1078 πόλιν
463 1042 617 1082 Πιτάνας,
733 1038 903 1091 [θάλαμον
920 1044 1044 1085 ἑστίας,
1102 1056 1134 1078 11
1144 1056 1180 1078 10

245 1096 464 1143 χαλκόπυλόν
480 1108 518 1128 τε
536 1093 627 1133 θεὰν,

247 1147 421 1195 δύσγαμον
437 1143 560 1191 αἶσχος
577 1147 663 1181 έλὼν

245 1201 388 1236 Ἐλλάδι
405 1200 446 1245 τᾷ
462 1199 604 1244 μεγάλᾳ,
1105 1211 1182 1244 1115

249 1254 302 1289 καὶ
320 1252 550 1298 Σιμοεντιάσιν

247 1305 356 1352 μέλεα
372 1303 481 1340 πάθεα
497 1303 643 1351 ῥοαῖσιν.

253 1359 292 1395 ἷὼ
311 1359 360 1398 ἰὼ,

251 1411 357 1447 καιναὶ
375 1412 493 1445 καινῶν
509 1408 789 1454 μεταβάλλουσαι

249 1463 347 1510 χθονὶ
365 1461 552 1508 συντυχίαι.
590 1460 760 1496 λεύσσετε
776 1462 898 1508 Τρώων

249 1515 336 1552 τόνδ’
354 1513 571 1551 Ἀστυάνακτ’
591 1514 713 1559 ἄλοχοι
729 1513 852 1558 μέλεαι

251 1568 377 1615 νεκρὸν,
396 1567 434 1602 ὃν
450 1565 587 1614 πύργων
605 1567 750 1610 δίσκημα
766 1566 885 1613 πικρὸν

254 1621 376 1656 Δαναοὶ
394 1620 576 1655 κτείναντες
593 1619 744 1664 ἔχουσιν.

250 1672 392 1717 Ἑκάβη,
411 1673 492 1708 νεὼς
505 1672 566 1717 μὲν
581 1671 722 1707 πίτυλος
739 1667 787 1707 εἷς
803 1670 1021 1716 λελειμμένος

251 1726 391 1772 λάφυρα
407 1723 579 1760 τάπίλοιπ’
598 1722 794 1770 Ἀχιλλείου
810 1723 908 1757 τόκου

253 1777 377 1824 μέλλει
393 1779 477 1824 πρὸς
494 1776 595 1812 ἀκτὰς
611 1777 811 1811 ναυστολεῖν
827 1774 1019 1812 Φθιώτιδας·
1110 1789 1188 1823 1125

254 1831 353 1866 αὐτὸς
370 1829 398 1865 δ’
416 1829 551 1874 ἀνῆκται
569 1829 816 1874 Νεοπτόλεμος,
835 1827 947 1865 καινάς
963 1842 1054 1866 τινας

255 1882 395 1927 Πηλέως
411 1881 556 1918 ἀκούσας
574 1882 766 1928 συμφορὰς,
785 1881 829 1918 ὥς
846 1894 898 1917 νιν
912 1880 1035 1927 χθονὸς

1107 1526 1188 1550 1120

227 1972 234 1973 ε
247 1935 420 1973 'Anauros
438 1934 644 1979 ἐκβέβληκεν
661 1936 680 1968 ὁ
698 1934 826 1970 Πελίου
842 1933 952 1980 γόνος.

258 1988 298 2023 οὗ
316 1988 449 2023 θᾶσσον
466 1986 570 2021 οὕνεκ’
589 1987 608 2032 ἢ
626 1987 726 2034 χάριν
741 1987 844 2032 μονῆς
860 1987 948 2032 ἔχων

257 2041 417 2087 φροῦδος,
435 2039 505 2084 μετ’
524 2040 625 2074 αὐτοῦ
643 2039 673 2074 δ’
692 2039 914 2085 Ἀνδρομάχη,
931 2039 1072 2076 πολλῶν
1089 2037 1163 2085 ἐμοὶ

259 2091 408 2141 δακρύων
424 2091 567 2139 ἀγωγὸς,
586 2090 670 2136 ἡνίκ’
690 2091 823 2138 ἐξώρμα
839 2091 963 2137 χθονὸς
1112 2104 1190 2137 1131

257 2147 387 2192 πάτραν
402 2144 430 2179 τ’
450 2144 680 2180 ἀναστένουσα
695 2146 749 2179 καὶ
765 2144 824 2178 τὸν
835 2142 998 2191 Ἕκτορος

259 2197 388 2243 τύμβον
403 2196 691 2244 προσεννέπουσα.
728 2196 783 2232 καί
800 2194 868 2242 σφ’
885 2195 1034 2241 ᾐτήσατο

260 2250 370 2297 θάψαι
387 2250 503 2296 νεκρὸν
518 2249 621 2289 τόνδ’,
641 2248 678 2285 ὃς
693 2250 809 2288 πεσὼν
827 2249 863 2284 ἐκ
880 2249 1018 2295 τειχέων

259 2302 378 2349 ψυχὴν
395 2301 524 2348 ἀφῆκεν
535 2300 696 2348 Ἕκτορος
711 2304 772 2336 τοῦ
789 2303 855 2337 σοῦ
870 2302 981 2348 γόνος,
1115 2315 1193 2348 1135

260 2356 374 2401 φόβον
389 2354 419 2389 τ’
437 2352 593 2400 Ἀχαιῶν,
611 2355 825 2399 χαλκόνωτον
841 2353 971 2389 ἀσπίδα

260 2406 361 2452 τήνδ’,
379 2404 419 2451 ἦν
434 2407 544 2452 πατὴρ
561 2403 652 2441 τοῦδ’
673 2406 762 2453 ἀμφὶ
778 2404 899 2452 πλεύρ’
919 2406 1098 2448 ἐβάλλετο,

261 2458 306 2504 μῆ
324 2473 374 2493 νιν
389 2460 554 2505 πορεῦσαι
572 2458 713 2503 Πηλέως
730 2456 788 2504 ἐφ’
808 2457 934 2499 ἑστίαν,

261 2511 336 2556 μηδ’
356 2511 390 2547 ἐς
407 2512 466 2546 τὸν
481 2511 581 2546 αὐτὸν
599 2510 760 2556 θάλαμον,
779 2510 819 2545 οὗ
836 2509 1064 2556 νυμφεύσεται

262 2563 368 2610 μήτηρ
386 2566 503 2609 νεκροῦ
519 2562 608 2597 τοῦδ’
627 2563 848 2609 Ἀνδρομάχη,
867 2562 976 2599 λύπας
993 2566 1085 2611 ὁρᾶν,
1118 2577 1198 2608 1140
1218 2602 1220 2606 ,

263 2615 340 2650 ἀλλ’
359 2615 431 2649 ἀντὶ
449 2615 567 2661 κέδρου
582 2616 776 2661 περιβόλων
792 2629 829 2649 τε
845 2612 970 2650 λαΐνων
1218 2632 1221 2660 5

263 2669 299 2703 ἐν
315 2668 394 2712 τῇδε
412 2666 522 2713 θάψαι
539 2667 652 2702 παῖδα·
680 2669 744 2704 σὰς
762 2665 793 2702 δ’
812 2667 859 2702 εἷς
877 2667 1002 2704 ὠλένας
1218 2667 1221 2673 ’

264 2721 388 2762 δοῦναι,
405 2720 622 2755 πέπλοισιν“
607 2734 650 2755 ως
666 2719 883 2765 περιστείλης
899 2720 1015 2766 νεκρὸν
1218 2688 1222 2818 Ι

266 2773 447 2817 στεφάνοις
465 2771 510 2815 θ’,
529 2770 593 2815 ὅση
612 2785 670 2806 σοι
687 2770 832 2816 δύναμις,
852 2771 896 2807 ὡς
913 2772 983 2817 ἔχει
1002 2773 1044 2807 τὰ
1062 2788 1121 2814 σα,

266 2824 338 2859 ἐπεὶ
355 2824 483 2868 βέβηκε
500 2823 554 2858 καὶ
571 2824 610 2857 τὸ
629 2823 796 2858 δεσπότου
813 2823 916 2868 τάχος
1119 2839 1196 2870 1¹45
1220 2807 1222 2864 Ι
1243 2829 1312 2859 XO.

264 2873 419 2922 ἀφείλετ’
434 2875 536 2919 αὐτὴν
552 2875 656 2910 παῖδα
672 2875 717 2920 μὴ
736 2876 848 2910 δοῦναι
865 2875 974 2923 τάφῳ.

265 2928 356 2972 ἡμεῖς
373 2927 434 2972 μὲν
450 2926 520 2970 οὖν,
539 2927 619 2962 ὅταν
636 2927 682 2962 σὺ
700 2926 874 2972 κοσμήσῃς
890 2927 993 2969 νέκυν,
1221 2964 1224 2977 ¹

266 2982 330 3026 γῆν
346 2978 423 3028 τῷδ’
443 2979 712 3025 ἐπαμπισχόντες
728 2979 872 3026 ἀροῦμεν
889 2980 981 3026 δόρυ·
1222 2979 1225 3018 Ι

268 3032 313 3067 σὺ
330 3030 361 3067 δ’
382 3033 426 3068 ὡς
442 3033 588 3076 τάχιστα
604 3033 742 3076 πρᾶσσε
757 3031 1025 3076 τάπεσταλμένα.
1222 3025 1225 3063 Ι

268 3084 340 3120 ἑνὸς
357 3085 418 3129 μὲν
435 3082 493 3118 οὖν
509 3083 640 3129 μόχθου
658 3082 693 3118 σ’
713 3082 911 3126 ἀπαλλάξας
927 3083 1007 3129 ἔχω·

268 3135 511 3182 Σκαμανδρίους
527 3136 593 3182 γὰρ
610 3135 716 3170 τάσδε
733 3135 898 3181 διαπερῶν
912 3134 994 3182 ῥοὰς
1223 3112 1227 3176 Ι

267 3189 401 3223 ἔλουσα
418 3189 534 3234 νεκρὸν
551 3186 721 3234 κάπένιψα
738 3187 919 3233 τραύματα.
1224 3164 1228 3235 Ι

269 3239 348 3275 ἀλλ’
369 3236 433 3285 εἶμ’
454 3239 594 3285 ὀρυκτὸν
610 3239 688 3287 τῷδ’
707 3239 901 3285 ἀναρρήξων
916 3240 1039 3286 τάφον,
1225 3236 1227 3249 ⁴

1123 3092 1226 3131 1150.

226 3323 231 3328 .
270 3293 314 3328 ὡς
331 3290 468 3336 σύντομ’
487 3290 565 3336 ἡμῖν
580 3289 657 3326 τάπ’
676 3291 758 3335 ε’μοῦ
774 3304 812 3325 τε
829 3291 915 3326 κάπὸ
933 3295 998 3328 σοῦ

168 3399 239 3430 Est(-

270 3345 318 3380 εἷς
335 3342 371 3378 ἓν
388 3341 581 3387 ξυνελθόντ’
600 3341 706 3377 οἴκαδ’
725 3343 849 3389 ὁρμίσῃ
866 3344 1006 3388 πλάτην.
1129 3358 1161 3380 11
1168 3358 1204 3389 55

271 3393 368 3430 θέσθ’
388 3395 596 3443 ἀμφίτορνον
612 3394 728 3429 ἀσπίδ’
742 3393 905 3440 Ἕκτορος
919 3396 1022 3444 πέδῳ,

269 3448 400 3493 λυπρὸν
417 3447 522 3492 θέαμα
539 3447 598 3482 κού
616 3446 722 3492 φίλον
738 3445 901 3482 λεύσσειν
918 3447 1003 3492 ε’μοί.
1229 3474 1232 3495 1

271 3498 299 3533 ὦ
315 3498 436 3542 μείζον’
455 3498 556 3544 ὄγκον
574 3499 671 3544 δορὸς
689 3499 822 3543 ἔχοντες
838 3498 858 3543 ἢ
877 3499 1022 3544 φρενῶν,
1229 3499 1233 3550 Ι

271 3549 305 3585 τί
321 3550 423 3592 τόνδ’,
440 3550 584 3596 Ἀχαιοὶ,
604 3551 706 3585 παῖδα
724 3550 894 3587 δείσαντες
913 3552 1019 3597 φόνον
1230 3556 1233 3561 ’

1204 3601 1263 3636 21.

1244 2935 1313 2964 13K.

1228 3402 1321 3471 ,ER

2169 261 2249 304 257

2180 367 2259 402 1160

1324 366 1435 402 καινὸν
1451 366 1714 412 διειργάσασθε,·
1741 366 1786 411 μὴ
1804 365 1926 413 Τροίαν
1939 364 2024 402 ποτὲ

1324 420 1501 467 πεσοῦσαν
1517 417 1721 464 ὅρθώσειεν;
1748 418 1845 453 οὐδέν
1861 418 1910 463 ἦτ’
1926 419 2005 464 ὅρα,

1324 469 1375 505 ὅθ’
1387 468 1551 517 'Europos
1567 470 1628 515 μὲν
1645 470 1862 515 εὐτυχοῦντος
1879 471 1913 507 ές
1930 471 2012 516 δόρυ

1325 520 1565 567 διωλλύμεσθα
1580 521 1700 568 μυρίας
1716 521 1747 555 τ’
1765 522 1872 566 ἄλλης
1888 523 1999 568 χερὸς,

1325 576 1458 610 πόλεως
1475 574 1504 609 δ’
1524 573 1674 618 ἁλούσης
1691 574 1746 608 καὶ
1763 578 1902 620 Φρυγῶν
1919 573 2137 621 ἐφθαρμένων

1323 627 1456 672 βρέφος
1472 625 1604 661 τοσόνδ’
1625 623 1782 661 ἐδείσατ’.
1820 626 1878 660 οὐκ
1896 626 1974 661 αἶνῶ
1992 627 2117 672 φόβον,
2182 629 2260 671 1165

1327 677 1423 714 ὅστις
1439 679 1600 724 φοβεῖται
1617 678 1661 723 μὴ
1681 676 1865 720 διεξελθὼν
1881 679 1985 725 λόγῳ.

1329 729 1355 764 ὦ
1372 729 1528 775 φίλταθ’,
1548 731 1592 766 ὥς
1610 745 1668 765 σοι
1686 730 1826 766 θάνατος
1842 729 1927 773 ἦλθε
1944 729 2122 775 δυστυχής.

1328 782 1357 816 εἰ
1375 783 1435 827 μὲν
1451 784 1517 829 γὰρ
1535 783 1649 818 ἔθανες
1665 785 1731 828 πρὸ
1748 782 1889 822 πόλεως,
1910 782 1995 826 ἥβης
2011 783 2122 827 τυχὼν

1326 835 1442 881 γάμων
1457 849 1496 869 τε
1513 836 1566 869 καὶ
1583 837 1641 879 τῆς
1659 834 1795 869 ἶσοθέου
1812 834 2013 880 τυραννίδος,

1329 887 1489 931 μακάριος
1506 886 1586 930 ἦσθ’
1605 887 1656 930 ἂν,
1673 885 1706 921 εἴ
1720 901 1753 921 τι
1769 887 1872 921 τῶνδε
1889 888 2059 933 μακάριον.

1330 941 1388 973 νῦν
1404 938 1476 973 αὕτ’
1497 939 1576 974 ἰδὼν
1591 940 1652 982 μὲν
1668 937 1768 985 γνούς
1784 953 1821 973 τε
1839 942 1884 983 σῇ
1902 939 2014 985 ψυχῇ,
2032 939 2156 977 τέκνον,

1331 992 1390 1025 οὐκ
1408 988 1511 1031 οἷσθ’,
1532 990 1667 1037 ἐχρήσω
1685 991 1714 1026 δ’
1733 991 1830 1026 οὐδὲν
1846 991 1883 1025 ἐν
1900 991 2014 1035 δόμοις
2032 991 2128 1036 ἔχων.

1332 1042 1485 1087 δύστηνε,
1505 1044 1624 1090 κρατὸς
1641 1044 1686 1079 ὥς
1704 1042 1738 1078 σ’
1756 1044 1881 1090 ἔκειρεν
1897 1042 2023 1079 ἀθλίως

1333 1096 1428 1140 τείχη
1445 1098 1593 1143 πατρῷα,
1615 1094 1738 1139 Λοξίου
1754 1096 1971 1142 πυργώματα,

1333 1147 1370 1182 ὃν
1387 1146 1491 1183 πόλλ’
1512 1147 1667 1192 ἐκήπευσ’
1685 1147 1706 1192 ἦ
1724 1150 1868 1183 τεκοῦσα
1884 1148 2082 1194 βόστρυχον
2190 1161 2201 1181 1
2212 1157 2266 1191 175

1332 1199 1526 1246 φιλήμασίν
1542 1199 1571 1235 τ’
1591 1201 1722 1240 ἔδωκεν,
1741 1200 1836 1235 ἔνθεν
1853 1201 1974 1246 ἐκγελᾷ

1333 1252 1462 1287 ὀστέων
1478 1252 1645 1299 ῥαγέντων
1662 1253 1778 1298 φόνος,
1796 1250 1837 1287 ’ἶν’
1856 1252 1983 1298 αἷσχρὰ
2000 1251 2044 1296 μὴ
2062 1250 2166 1298 λέγω.

1336 1304 1362 1339 ὦ
1379 1307 1502 1351 χεῖρες,
1519 1305 1565 1341 ὡς
1582 1304 1690 1340 εἰκοὺς
1705 1304 1766 1349 μέν
1782 1304 1894 1348 ἡδείας
1909 1305 2036 1350 πατρὸς

1335 1356 1503 1401 κέκτησθ’,
1523 1357 1558 1391 ἐν
1575 1356 1712 1403 ἄρθροις
1729 1356 1758 1391 δ’
1777 1357 1910 1391 ἔκλυτοι
1926 1356 2111 1403 πρόκεισθέ
2126 1371 2192 1402 μοι.

1335 1409 1361 1443 ὦ
1378 1410 1493 1445 πολλὰ
1511 1410 1655 1454 κόμπους
1675 1409 1822 1450 ἐκβαλὸν
1838 1410 1946 1455 φίλον
1962 1410 2083 1453 στόμα,

1336 1461 1479 1503 ὄλωλας,
1500 1460 1640 1507 ἐψεύσω
1657 1461 1707 1506 μ’,
1726 1460 1777 1496 ὅτ’
1796 1461 1971 1498 ἐσπίπτων
1987 1462 2100 1507 λέχος,

1336 1513 1363 1548 ὦ
1380 1515 1497 1560 μῆτερ,
1518 1514 1628 1558 ηὔδας,
1647 1512 1667 1558 ἦ
1685 1512 1795 1549 πολύν
1812 1529 1869 1549 σοι
1887 1512 2093 1560 βοστρύχων

1335 1567 1509 1612 πλόκαμον
1527 1568 1692 1612 κεροῦμαι,
1710 1568 1796 1613 πρὸς
1812 1567 1923 1613 τάφον
1940 1565 1972 1601 θ’
1992 1566 2161 1611 ὁμηλίκων

1337 1619 1465 1663 κώμους
1482 1618 1610 1662 ἀπάξω,
1629 1619 1718 1664 φίλα
1735 1619 1847 1655 διδοὺς
1863 1618 2146 1666 προσφθέγματα.

1338 1670 1383 1706 σὺ
1401 1671 1430 1706 δ’
1449 1671 1508 1705 οὐκ
1526 1671 1588 1716 ἔμ’,
1608 1670 1686 1706 ἀλλ’
1706 1672 1772 1717 ἐγὼ
1792 1671 1834 1706 σὲ
1851 1673 1910 1706 τὸν
1927 1673 2098 1717 νεώτερον,
2194 1676 2272 1716 1185

1335 1726 1450 1770 γραῦς,
1470 1724 1645 1763 ἅπολις,”
1623 1737 1766 1765 ατεκνος,
1786 1723 1904 1758 ἅθλιον
1922 1723 2036 1758 θάπτω
2055 1725 2182 1769 νεκρόν.

1339 1774 1438 1821 οἴμοι,
1457 1776 1498 1810 τὰ
1515 1774 1618 1811 πόλλ’
1638 1774 1836 1820 ἀσπάσμαθ’
1855 1774 1892 1810 αἶ
1907 1774 1935 1809 τ’
1955 1776 2029 1820 ἐμαι
2047 1776 2172 1822 τροφαὶ

1338 1826 1436 1864 ὕπνοι
1453 1827 1484 1862 τ’
1504 1841 1622 1864 εκεινοι
1639 1829 1774 1876 φροῦδά
1789 1842 1859 1874 μοι.
1895 1827 1929 1862 τί
1946 1824 2003 1863 καί
2016 1842 2099 1864 ποτε

1338 1881 1543 1928 γράψειεν”
1521 1896 1562 1915 αν
1579 1896 1621 1916 σε
1637 1882 1842 1926 μουσοποιὸς
1859 1881 1895 1916 ἐν
1911 1882 2030 1929 τάφῳ,-

1339 1935 1399 1970 τὸν
1414 1933 1517 1970 παῖδα
1534 1933 1620 1969 τόνδ’
1640 1934 1786 1969 ἔκτειναν
1803 1933 1953 1980 Ἀργεῖοί
1966 1948 2050 1968 ποτε

1340 1986 1532 2027 δείσαντες;
1560 1987 1705 2033 αἰσχρὸν
1720 1986 1955 2033 τούπίγραμμά
1971 1986 2004 2032 γ’
2022 1986 2175 2021 Ἑλλάδι.

1339 2038 1431 2083 ἀλλ’,
1450 2038 1476 2073 ὦ
1492 2039 1655 2088 πατρῴων
1671 2039 1711 2074 οὖ
1728 2039 1854 2084 λαχὼν,
1873 2038 1960 2082 ἕξεις
1977 2037 2066 2083 ὅμως

1341 2092 1377 2127 ἐν
1392 2089 1415 2137 ᾖ
1432 2091 1579 2138 ταφῆσει
1596 2093 1810 2137 χαλκόνωτον
1828 2091 1929 2126 ἷτέαν.

1341 2143 1368 2179 ὦ
1386 2144 1598 2190 καλλίπηχυν
1610 2143 1771 2190 Ἕκτορος
1787 2143 1955 2190 βραχίονα

1341 2196 1501 2240 σώζουσ’,
1520 2198 1659 2243 ἄριστον
1675 2193 1800 2241 φύλακ’
1819 2195 1999 2231 ἀπώλεσας
2016 2193 2127 2229 σέθεν.
2197 2207 2273 2237 1195

1340 2249 1385 2285 ὡς
1401 2249 1481 2294 ἡδὺς
1498 2249 1534 2283 ἐν
1549 2250 1695 2294 πόρπακι
1713 2251 1765 2296 σῷ
1783 2250 1886 2283 κεῖται
1902 2245 2016 2286 τύπος,

1341 2300 1431 2338 ἰ’τυός
1448 2301 1478 2336 τ’
1499 2302 1535 2336 ἐν
1551 2301 1738 2348 εὐτόρνοισι
1754 2300 1967 2347 περιδρόμοις
1985 2299 2094 2346 ἱδρὼς,

1343 2353 1382 2389 ὃν
1400 2355 1435 2388 ἐκ
1452 2355 1606 2399 μετῶπου
1622 2353 1790 2389 πολλάκις
1804 2353 1925 2388 πόνους
1942 2352 2030 2396 ἔχων

1342 2404 1508 2449 ἔσταζεν”
1508 2412 1635 2452 Εκτωρ,
1654 2404 1850 2452 προστιθεὶς
1865 2404 2019 2451 γενειάδι.

1342 2457 1475 2524 φέρετεό
1494 2459 1637 2505 κομίζετ’
1655 2457 1763 2508 ἀλθίῳ
1781 2459 1908 2504 κόσμον
1925 2458 2028 2504 νεκρῷ
2200 2468 2276 2490 1200
2301 2479 2305 2483 -

1344 2513 1380 2547 ἐκ
1397 2516 1463 2547 τῶν
1479 2513 1727 2558 παρόντων·οὐ
1743 2513 1810 2558 γὰρ
1828 2512 1862 2548 ές
1879 2509 2005 2546 κάλλος
2021 2506 2125 2556 τύχας

1344 2563 1470 2609 δαίμων
1487 2564 1635 2599 δίδωσιν·
1663 2564 1708 2599 ὧν
1725 2562 1756 2599 δ’
1777 2565 1856 2609 ἔχω,
1873 2562 1982 2609 λὴψει
1999 2563 2090 2598 τάδε.

1345 2616 1471 2660 θνητῶν
1489 2617 1525 2651 δὲ
1542 2620 1652 2662 μῶρος
1669 2615 1764 2653 ὅστις
1780 2615 1816 2651 εὖ
1833 2617 2003 2663 πράσσειν
2020 2615 2126 2649 δοκῶν

1344 2669 1471 2710 βέβαια
1487 2669 1608 2715 χαίρει·
1635 2670 1705 2704 τοῖς
1721 2670 1858 2715 τρόποις
1873 2668 1940 2714 γὰρ
1958 2668 1992 2701 αἱ
2009 2666 2119 2712 τύχαι,

1345 2722 1529 2765 ἔμπληκτος
1549 2721 1593 2756 ὡς
1609 2720 1793 2767 ἅνθρωπος,
1813 2717 1931 2755 ἄλλοτ’
1951 2719 2083 2755 ἄλλοσε
2202 2731 2277 2761 ¹²05

1345 2773 1488 2816 πηδῶσι,
1507 2773 1635 2809 κούδεὶς
1652 2773 1751 2809 αὑτὸς
1767 2773 1901 2818 εὐτυχεῖ
1916 2785 2008 2807 ποτε.

1345 2825 1399 2859 καὶ
1415 2825 1480 2870 μὴν
1495 2825 1562 2871 πρὸ
1579 2828 1701 2871 χειρῶν
1718 2823 1790 2860 αἵδε
1807 2838 1864 2860 σοι
1883 2825 2120 2869 σκυλευμάτων

1347 2878 1499 2923 Φρυγίων
1514 2877 1662 2923 φέρουσι
1679 2878 1807 2922 κόσμον
1824 2876 1977 2920 ἐξάπτειν
1994 2877 2108 2924 νεκρῷ.

1346 2928 1372 2962 ὦ
1389 2928 1513 2972 τέκνον,
1532 2929 1595 2974 οὐχ
1612 2927 1747 2964 ἵπποισι
1765 2928 1943 2973 νικήσαντά
1961 2943 2003 2963 σε

1348 2979 1416 3015 οὐδ’
1434 2980 1553 3025 ἥλικας
1568 2980 1730 3024 τόξοισιν,
1749 2981 1806 3018 οὓς
1823 2980 1951 3028 Φρύγες
1968 2982 2088 3025 νόμους
2206 2992 2284 3014 1210

1348 3035 1501 3076 τιμῶσιν,
1520 3033 1580 3067 οὐκ
1599 3033 1632 3069 ἐς
1647 3033 1846 3078 πλησμονὰς
1863 3032 2057 3079 θηρώμενοι,

1349 3082 1457 3131 μήτηρ
1473 3086 1599 3131 πατρός
1617 3099 1674 3120 σοι
1690 3082 1896 3132 προστίθησ’
1916 3086 2093 3131 ἀγάλματα

1349 3140 1416 3170 τῶν
1433 3140 1506 3171 σῶν
1520 3136 1595 3172 ποτ’
1614 3136 1729 3179 ὅντων,
1747 3140 1805 3173 νῦν
1822 3137 1861 3172 δέ
1877 3137 1911 3172 ‹r'
1930 3137 1950 3182 ἡ
1970 3136 2155 3182 θεοστυγὴς

1350 3187 1508 3233 ἀφείλεθ’
1526 3188 1658 3233 Ἑλένη,
1675 3189 1760 3236 πρὸς
1778 3190 1815 3224 δὲ
1833 3190 1886 3224 καὶ
1902 3189 2021 3235 ψυχὴν
2038 3188 2138 3224 σέθεν

1351 3240 1486 3282 ἔκτεινε,
1503 3255 1558 3276 και
1574 3240 1670 3277 πάντ’
1691 3239 1782 3276 οἶκον
1799 3241 2023 3285 ἐξαπώλεσεν.
2210 3250 2286 3284 1215

2187 896 2266 930 ¹¹70

2193 1413 2272 1445 1180

2195 1947 2274 1979 ¹¹90

1226 3298 1320 3352 XO.
1348 3307 1364 3326 ε
1383 3306 1413 3333 ε,
1430 3292 1564 3339 φρενῶν
1579 3293 1699 3339 ἔθιγες,
1719 3293 1838 3339 ἔθιγες·
1865 3292 1893 3327 ὦ

1351 3343 1457 3390 μέγας
1475 3345 1548 3389 ἐμοί
1564 3344 1638 3380 ποτ’
1658 3345 1740 3380 ὤν’
1720 3347 1869 3391 ανάκτωρ
1886 3346 2018 3381 πόλεως

1350 3395 1373 3429 ἃ
1391 3395 1457 3430 δ”
1439 3411 1475 3431 εν
1489 3396 1610 3442 γάμοις
1627 3397 1729 3443 ἐχρῆν
1747 3411 1790 3431 σε
1806 3396 2020 3442 προσθέσθαι
2037 3393 2127 3443 χροῒ,

1353 3446 1553 3483 Ἀσιατίδων
1569 3447 1718 3494 γήμαντα
1735 3448 1795 3492 τὴν
1811 3448 2005 3493 ὑπερτάτην,

1357 3498 1484 3545 Φρύγια
1499 3500 1638 3534 πέπλων
1654 3497 1819 3546 ἀγάλματ’
1839 3499 1970 3542 ἐξάπτω
1987 3503 2098 3546 χροός.

1357 3550 1402 3586 σύ
1419 3551 1447 3585 τ’
1479 3550 1506 3586 ὦ
1522 3550 1599 3587 ποτ’
1618 3550 1706 3587 οὖσα
1723 3551 1892 3587 καλλίνικε
1908 3550 2034 3597 μυρίων

2211 3510 2290 3534 1220
