2488 3860
239 259 321 317 702

285 367 409 421 (837.)
425 386 453 409 2.
475 369 646 407 Stobaeus
659 370 749 407 ibid.
763 369 795 413 Ι,
812 372 847 414 4,
868 374 931 415 21,
944 385 981 422 p.
1002 374 1075 411 114
1090 373 1148 411 ed.
1171 373 1284 412 Heer.

235 425 334 463 Plut.
355 423 401 460 de
420 436 502 463 sera
518 436 620 462 num.
640 423 740 462 vind.
763 427 799 469 2,
820 423 872 475 (p.
891 427 967 466 549
986 425 1051 477 A.)

339 481 440 514 Οὔτοι
458 479 691 526 προσελθοῦσ’
711 479 731 524 ἡ
750 480 832 526 Δίκη
852 482 990 528 σε-μὴ
1008 482 1185 530 τρέσῃς-

337 533 454 569 παίσει
472 534 558 581 πρὸς
575 532 676 581 ἧπαρ,
696 533 776 569 οὐδὲ
794 537 861 571 τῶν
878 534 994 572 ἄλλων
1010 539 1144 585 βροτῶν

340 589 400 622 τὸν
414 587 537 630 ἄδικον,
558 587 649 623 ἀλλὰ
667 589 750 635 σῖγα
768 589 821 624 καὶ
837 590 959 636 βραδεῖ
975 592 1054 628 ποδὶ

341 641 529 688 στείχουσα
546 641 678 689 μάρψει
695 641 774 679 τοὺς
792 643 922 684 κακοὺς,
942 643 1023 682 ὅταν
1040 644 1137 692 τύχῃ.

288 692 415 744 (838.)
436 709 468 738 3·
491 692 663 731 Stobaeus
680 692 769 730 ibid.
790 692 821 737 Ι,
840 696 878 737 4,
899 696 963 739 40,
983 709 1020 745 p.
1046 699 1119 735 126
1141 695 1255 737 Heer.

342 748 583 796 Συγγνώμονάς
600 763 653 783 τοι
670 748 750 786 τοὺς
768 749 864 787 θεοὺς
882 747 963 786 εἶναι
983 753 1102 794 δοκεῖς,

342 801 422 838 ὅταν
439 818 490 839 τις
508 802 595 851 ὅρκῳ
614 802 757 840 θάνατον
775 803 934 852 ἐκφυγεῖν
951 805 1045 852 θέλῃ,

341 855 361 901 ἢ
381 857 509 903 δεσμὸν
526 855 546 902 ἢ
564 856 659 901 βίαια
675 858 847 904 πολεμίων
865 859 957 900 κακὰ,

341 909 361 955 ἢ
378 912 498 946 παισὶν
514 909 710 948 αὐθένταισι
728 914 866 958 κοινωνῇ
885 911 1009 958 δόμων.

343 963 363 1009 ἦ
382 964 467 1013 τᾶρα
485 965 613 1010 θνητῶν
631 964 719 1000 εἷσὶν
737 965 993 1014 ἀσυνετώτεροι,

345 1018 374 1056 εἷ
392 1018 542 1064 τάπιεικῆ
560 1017 713 1066 πρόσθεν
730 1019 889 1067 ἡγοῦνται
907 1021 1010 1066 δίκης.

238 1069 329 1108 Tres
346 1070 487 1119 priores
504 1082 631 1108 versus
655 1069 768 1108 habet
787 1072 898 1110 etiam
918 1072 1089 1111 Stobaeus
1111 1071 1151 1110 in
1169 1071 1295 1111 Floril.

241 1123 442 1170 XXVIII,
466 1126 526 1163 12.

294 1175 419 1227 (839.)
439 1194 472 1224 4.
502 1177 642 1217 Athen.
663 1177 778 1223 XIII,
798 1191 835 1227 p.
857 1180 932 1218 599
953 1179 996 1218 F.
1019 1179 1192 1219 Stobaeus
1215 1179 1241 1216 1.
1263 1191 1296 1216 c.

242 1232 275 1277 I,
300 1233 357 1275 10,
376 1230 401 1274 1,
421 1244 458 1282 p.
479 1232 555 1268 268
575 1231 653 1270 sine
670 1231 819 1269 nomine
839 1232 1021 1273 auctoris:

344 1286 412 1333 Τὴν
429 1286 637 1335 Ἀφροδίτην
655 1287 720 1333 οὐχ
738 1289 819 1334 ὁρᾷς
836 1286 902 1333 ὅση
922 1288 1020 1330 θεός;

349 1339 389 1385 ἣν
407 1340 475 1376 οὐδ’
497 1341 537 1375 ἂν
555 1339 672 1383 εἴποις,
693 1341 771 1376 οὐδὲ
789 1341 989 1389 μετρήσειας
1007 1343 1048 1380 ἂν

350 1394 415 1440 ὅση
433 1395 564 1441 πέφυκε
582 1395 662 1442 κάφ’
683 1394 769 1432 ὅσον
787 1395 968 1443 διέρχεται.

349 1446 431 1493 αὕτη
450 1449 570 1496 τρέφει
589 1449 630 1484 σε’
650 1449 732 1495 κάμὲ
751 1450 805 1484 καὶ
822 1451 950 1489 πάντας
967 1448 1124 1498 βροτούς·

349 1502 526 1550 τεκμήριον
545 1503 581 1538 δέ
599 1503 644 1549 μὴ
662 1504 757 1552 λόγῳ
776 1504 880 1549 μόνον
897 1504 1015 1550 μάθῃς,

351 1557 439 1606 ’ἔργῳ
459 1558 495 1592 δὲ
514 1557 614 1601 δείξω
633 1558 672 1593 τὸ
692 1557 813 1596 σθένος
830 1558 869 1593 τὸ
888 1560 946 1603 τῆς
964 1558 1056 1593 θεοῦ.

350 1611 408 1657 ε’ρᾷ
426 1612 487 1657 μὲν
505 1611 636 1659 ὄμβρου
653 1611 740 1659 γαῖ’,
760 1610 840 1647 ὅταν
859 1612 961 1659 ξηρὸν
977 1612 1082 1648 πέδον

348 1665 498 1713 ἄκαρπον
516 1666 634 1714 αὐχμῷ
653 1666 783 1704 νοτίδος
801 1666 919 1703 ἐνδεῶς
937 1667 1011 1712 ἔχῃ.

350 1719 410 1765 ἐρᾷ
428 1719 457 1754 δ’
478 1721 496 1754 ὁ
517 1721 640 1766 σεμνὸς
657 1720 798 1767 οὐρανὸς
815 1719 1048 1767 πληρούμενος

353 1772 484 1820 ὄμβρου
502 1775 621 1809 πεσεῖν
639 1774 686 1813 εἷς
703 1776 802 1821 γαῖαν
818 1773 1025 1822 Ἀφροδίτης
1043 1772 1123 1810 ὕπο.

353 1827 433 1863 ὅταν
451 1828 487 1863 δὲ
507 1828 743 1874 συμμιχθῆτον
762 1828 795 1865 ἐς
813 1829 935 1865 ταύτὸν
953 1827 1025 1870 δύο,

352 1880 501 1928 φύουσιν
519 1881 596 1927 ἡμῖν
613 1883 723 1919 πάντα
740 1882 794 1917 καὶ
812 1881 976 1929 τρέφουσ’
996 1882 1076 1927 ἅμα,

353 1935 395 1971 δι’
416 1937 461 1971 ὧν
478 1937 634 1983 βρότειον
653 1937 690 1981 ζῇ
711 1951 748 1972 τε
766 1937 820 1972 καὶ
839 1936 959 1972 θάλλει
977 1935 1087 1984 γένος.

304 1986 431 2037 (840.)
461 2003 491 2035 5.
521 1988 690 2026 Stobaeus
718 1987 798 2025 Ecl.
820 1988 894 2025 eth.
916 1988 970 2030 II,
995 1990 1055 2031 11,
1081 2001 1118 2037 p.
1140 1989 1213 2026 341
1244 1987 1304 2026 ed.

250 2039 367 2078 Heer.

355 2098 403 2132 Τὰ
420 2098 568 2134 πλεῖστα
586 2097 717 2143 θνητοῖς
733 2100 801 2136 τῶν
819 2101 927 2134 κακῶν
944 2097 1134 2147 αὐθαίρετα.

301 2146 431 2198 (841.)
452 2155 483 2187 6.
505 2162 537 2192 a,
556 2150 594 2187 b.
617 2149 791 2187 Stobaeus
814 2150 939 2187 Floril.
960 2150 992 2192 I,
1015 2151 1037 2188 6
1057 2150 1135 2187 sine
1157 2150 1308 2188 nomine

251 2201 422 2239 auctoris.
462 2202 591 2241 Orion.
613 2203 844 2252 Anthologn.
866 2202 1037 2253 (Farrag.
1058 2204 1228 2254 Euripid.
1248 2216 1306 2241 nr.

253 2257 315 2298 21,
335 2260 420 2304 post
437 2255 496 2293 tit.
516 2253 655 2305 VIIL)
673 2269 710 2305 p.
733 2258 782 2297 57
803 2256 862 2294 ed.
884 2255 1115 2295 Schneidew.

361 2311 430 2348 Οὐκ
448 2312 544 2347 ἔστιν
561 2312 680 2360 ἀρετῆς
699 2314 805 2358 κτῆμα
822 2313 1030 2359 τιμιώτερον·

359 2365 399 2401 οὐ
415 2365 482 2413 γὰρ
500 2366 631 2413 πέφυκε
649 2367 774 2403 δοῦλον
792 2368 870 2402 οὔτε
887 2367 1068 2413 χρημάτων

358 2420 426 2455 οὔτ’
446 2419 639 2466 ἀσφαλείας
657 2422 734 2456 οὔτε
752 2421 895 2457 θωπείας
914 2420 1034 2467 ὄχλου.

357 2471 476 2520 Ἀρετὴ
496 2473 538 2517 δ’,
559 2473 696 2524 ὅσῳπερ
713 2476 847 2520 μᾶλλον
865 2474 905 2509 ἂν
922 2475 1072 2522 χρῆσθαι
1091 2473 1203 2520 θέλῃς,

361 2528 494 2577 τοσῷδε
511 2530 644 2574 μᾶλλον
662 2529 797 2573 αὔξεται
815 2528 1012 2575 τελουμένη.

310 2577 438 2627 (842.)
462 2592 494 2625 7.
515 2579 688 2617 Stobaeus
708 2580 738 2626 I,
761 2581 797 2618 7.

367 2633 487 2682 Ἀρετὴ
506 2635 670 2683 μέγιστον
687 2640 754 2672 τῶν
772 2636 809 2672 ἐν
826 2635 1014 2684 ἀνθρώποις
1032 2638 1147 2673 καλόν.

310 2688 436 2739 (843.)
459 2694 492 2724 8.
514 2685 685 2724 Stobaeus
705 2687 772 2732 IV,
794 2690 829 2725 2.

361 2741 406 2778 Τὸ
425 2742 469 2788 μὴ
489 2742 610 2779 εἶδέναι
629 2758 672 2779 σε
689 2744 793 2790 μηδὲν
811 2744 857 2779 ὧν
874 2743 1074 2792 ἁμαρτάνεις

361 2797 506 2842 ἕκκαυμα
523 2799 650 2843 τόλμης
669 2798 779 2833 ἱκανόν
797 2798 872 2833 ε’στι
891 2799 944 2833 καὶ
963 2798 1124 2846 θράσους.

312 2847 440 2898 (844.)
459 2865 492 2894 9.
515 2847 686 2885 Stobaeus
705 2849 773 2893 IV,
797 2851 857 2886 19.

364 2904 409 2938 Τὸ
429 2902 456 2938 δ’
478 2902 544 2938 ὠκὺ
561 2907 661 2939 τοῦτο
681 2906 734 2940 καὶ
751 2906 791 2941 τὸ
808 2905 983 2952 λαιψηρὸν
1001 2906 1135 2953 φρενῶν

365 2956 412 2993 εἷς
430 2958 613 3005 συμφορὰν
627 2956 746 3003 ἵστησι
763 2960 878 2994 πολλὰ
897 2959 937 3004 δὴ
955 2957 1112 3007 βροτούς.

313 3007 437 3057 (845.)
462 3024 510 3046 10.
525 3009 663 3047 Athen.
677 3009 765 3053 XV,
779 3023 817 3059 p.
835 3012 909 3048 665
926 3010 974 3047 A.
991 3011 1087 3048 Plut.
1104 3010 1150 3047 de
1166 3007 1312 3046 Garrul.

269 3063 300 3104 1.
321 3062 375 3113 (p.
399 3063 474 3099 502
497 3062 559 3108 C).
581 3061 754 3100 Stobaeus
773 3063 842 3106 IV,
865 3065 926 3100 30.

367 3115 412 3152 Εἴ
426 3131 484 3163 μοι
501 3118 541 3153 τὸ
560 3119 765 3164 Νεστόρειον
783 3121 987 3166 εὔγλωσσον
1003 3118 1107 3165 μέλος

365 3170 563 3218 Ἀντήνορος
581 3171 619 3205 δὲ
636 3174 696 3206 τοῦ
715 3171 847 3219 Φρυγὸς
865 3173 937 3218 δοίη
957 3173 1043 3214 θεὸς,

367 3226 427 3260 ούκ
445 3223 486 3260 ἂν
503 3225 662 3270 δυναίμην
679 3225 723 3270 μὴ
743 3225 909 3271 στέγοντα
926 3226 1127 3271 πιμπλάναι,

369 3277 502 3325 σοφοὺς
521 3279 693 3314 ἐπαντλῶν
710 3279 805 3324 ἀνδρὶ
823 3279 866 3323 μὴ
886 3281 989 3328 σοφῷ
1006 3281 1143 3327 λόγους.

317 3329 444 3380 (846.)
470 3329 554 3367 m*
574 3329 746 3368 Stobaeus
765 3329 834 3371 IV,
856 3332 919 3367 29.

369 3385 474 3430 Ἐπὴν
492 3385 528 3420 ἐν
545 3384 684 3433 ἀγαθοῖς
702 3382 916 3430 εὖνοούμενός
933 3400 984 3422 τις
1002 3385 1048 3420 ὣν

1263 1787 1302 1810 10

371 3440 448 3484 ζητῇ
468 3453 500 3475 τι
519 3441 681 3487 κρεῖσσον
699 3438 744 3474 ὧν
762 3439 843 3484 ἔχει,
864 3438 953 3483 ζητεῖ
970 3439 1061 3476 κακά.

319 3488 447 3545 (847.)
472 3506 520 3529 12.
542 3489 714 3529 Stobaeus
733 3489 801 3533 IV,
822 3491 885 3528 31.

1137 257 1469 311 Errpmmow

1426 372 1476 410 Εὖ
1493 374 1559 421 γὰρ
1577 372 1646 409 τόδ’
1663 370 1749 411 ἰ’σθι.
1769 370 1822 408 κεῖ
1836 370 1870 408 σ’
1891 367 2070 411 euveum
2087 373 2205 421 πάρος,

1426 429 1465 464 τὸ
1484 428 1604 466 σκαιὸν
1621 425 1705 464 εἷναι
1721 425 1826 474 πρῶτ”
1846 426 2010 473 ἀμουσίας
2027 427 2109 475 ἔχει,

1378 477 1505 527 (848.)
1538 495 1587 525 13·
1617 478 1716 517 Plut.
1747 478 1793 515 de
1820 478 1905 516 aud.
1930 483 2030 527 poet.
2063 480 2122 522 14,
2151 478 2209 528 (p.
2237 479 2286 517 36
2315 476 2381 528 0,)

1323 531 1493 570 Stobaeus
1513 533 1561 578 V,
1583 534 1606 570 2
1621 547 1629 571 z

1432 587 1523 635 Ἐγὼ
1541 588 1570 624 δ’
1590 588 1687 625 οὐδὲν
1703 586 1939 636 πρεσβύτερον

1430 642 1552 688 νομίζω
1570 644 1630 680 τᾶς
1647 641 1890 690 σωφροσύνας,

1429 696 1501 732 ἐπεὶ
1519 698 1589 733 τοῖς
1606 696 1744 743 ἀγαθοῖς
1761 696 1813 731 ἀεὶ
1832 695 1981 740 ξύνεστι.

1381 746 1509 795 (849.)
1539 764 1588 794 14.
1615 748 1756 786 Athen.
1784 747 1854 794 IV,
1873 761 1911 797 p.
1944 749 2017 785 158
2046 747 2094 786 E.
2144 747 2240 788 Gen.
2260 747 2314 787 N.
2332 747 2384 786 Α.

1327 800 1417 843 VII,
1442 803 1502 839 16.

1434 855 1530 894 Ἐπεὶ
1549 858 1582 894 τί
1599 857 1650 893 δεῖ
1665 858 1825 905 βροτοῖσι

1328 911 1411 947 κατὰ
1428 909 1488 946 τὸν
1506 912 1571 947 σὸν
1589 912 1784 959 Εὐριπίδην,
1802 913 2110 959 γραμματικώτατε,

1753 965 1843 1010 πλὴν
1861 965 1953 1002 δυοῖν
1969 964 2074 1012 μόνον

1439 1018 1614 1066 Δήμητρος
1631 1018 1732 1064 ἀκτῆς
1748 1018 1909 1065 πώματός
1926 1018 1960 1054 θ’
1979 1019 2163 1067 ὑδρηχόου,

1437 1074 1522 1120 ἅπερ
1540 1074 1687 1120 πάρεστι
1706 1074 1759 1110 καὶ
1776 1072 1905 1120 πέφυχ’
1925 1073 2012 1120 ἡμᾶς
2028 1074 2190 1122 τρέφειν;

1438 1128 1484 1163 ὧν
1501 1127 1561 1162 οὐκ
1579 1126 1720 1175 ἀπαρκεῖ
1736 1125 1933 1173 πλησμονή·
1962 1129 2076 1175 τρυφῇ
2093 1128 2136 1176 γε’
2152 1141 2206 1164 τοι

1437 1183 1553 1217 ἄλλων
1571 1181 1718 1217 ἐδεστῶν
1736 1182 1887 1228 μηχανὰς
1906 1180 2100 1229 θηρεύομεν.

1389 1233 1514 1280 (850.)
1540 1246 1590 1279 15.
1622 1231 1794 1271 Stobaeus
1813 1232 1903 1278 VII,
1925 1235 1960 1278 9,
1981 1245 2069 1271 cum
2090 1232 2265 1272 lemmate
2289 1234 2392 1283 Εὗρι.

1332 1289 1432 1325 πίδου
1451 1288 1626 1335 Ἡρακλεῖ.
1661 1287 1764 1325 Plut.
1782 1286 1828 1323 de
1845 1285 1929 1323 virt.
1950 1286 2080 1328 moral.
2103 1289 2138 1331 7,
2158 1284 2211 1336 (p.
2232 1286 2307 1326 447
2329 1284 2392 1337 F.)

1438 1344 1483 1378 Τὸ
1502 1343 1563 1388 μὲν
1582 1343 1758 1390 σφαγῆναι
1776 1342 1895 1384 δεινὸν,
1916 1344 2067 1379 εὔκλειαν
2085 1342 2114 1379 δ’
2134 1343 2216 1388 ἔχει,

1442 1398 1481 1432 τὸ
1500 1396 1545 1442 μὴ
1565 1396 1675 1432 θανεῖν
1693 1398 1730 1432 δὲ
1749 1397 1874 1437 δειλὸν,
1894 1395 1995 1442 ἡδονὴ
2015 1396 2044 1433 δ’
2065 1398 2126 1433 ῗνι.

1391 1447 1520 1498 (851.)
1544 1454 1593 1485 16.
1616 1447 1788 1486 Stobaeus
1809 1447 1882 1492 IX,
1907 1450 1964 1485 15.

1443 1506 1510 1539 Φεῦ
1529 1505 1609 1550 φεῦ,
1629 1505 1668 1538 τὸ
1685 1505 1780 1539 νικᾶν
1797 1502 1925 1550 τᾶνδιχ’
1946 1504 1991 1541 ὣς
2009 1503 2114 1541 καλὸν
2130 1504 2246 1553 γέρας,

1441 1559 1481 1593 τὸ
1499 1558 1544 1604 μὴ
1564 1557 1720 1593 almam&
1741 1558 1786 1594 ὡς
1804 1561 1999 1604 ἁπανταχοῦ
2018 1560 2131 1595 κακόν.

1444 1613 1498 1647 καὶ
1515 1613 1664 1659 γλῶσσα
1680 1611 1822 1659 φλαύρα
1841 1613 1895 1648 καὶ
1913 1612 2042 1659 φθόνος
2058 1615 2119 1649 τοῦ
2136 1612 2182 1659 μὴ
2199 1612 2352 1660 φθονεῖν·

1445 1666 1518 1715 ὅσῳ
1538 1666 1650 1701 κάκιον
1667 1667 1712 1712 μὴ
1731 1667 1841 1702 καλῶς
1859 1667 2082 1714 ἐνγκωμένοις.

1394 1717 1521 1768 (852.)
1546 1732 1594 1764 17.
1625 1718 1797 1756 Stobaeus
1815 1718 1910 1760 XII,
1935 1720 1968 1756 1.

1448 1773 1631 1818 Δύστηνος,
1652 1774 1748 1811 ὅστις
1766 1774 1819 1809 καὶ
1837 1774 1879 1809 τὰ
1897 1775 1983 1809 καλὰ
2000 1775 2112 1822 ψευδῆ
2129 1774 2241 1823 λέγων

1448 1828 1487 1863 οὐ
1505 1827 1623 1864 τοῖσδε
1640 1830 1762 1876 χρῆται
1779 1830 1850 1864 τοῖς
1868 1830 1983 1865 καλοῖς
2000 1828 2177 1874 ἀληθέσιν.

1396 1879 1524 1930 (853.)
1548 1886 1597 1917 18.
1629 1879 1801 1917 Stobaeus
1820 1879 1934 1922 XIII,
1959 1882 1991 1916 1.

1449 1937 1583 1982 Πότερα
1602 1935 1717 1972 θέλεις
1735 1949 1793 1972 σοι
1810 1935 1966 1981 μαλθακὰ
1983 1937 2097 1983 ψευδῆ
2115 1937 2220 1984 λέγω,
2270 1951 2274 1954 ’
2294 1984 2301 1991 .

1448 1988 1468 2034 ἢ
1489 1988 1607 2037 σκλήρ’
1627 1990 1735 2035 ἀληθῆ
1752 2002 1760 2030 ;
1790 1990 1912 2036 φράζε·
1942 1990 1988 2035 σὴ
2005 1990 2072 2038 γὰρ
2090 1989 2110 2035 ἡ
2129 1990 2252 2038 κρίσις.

1397 2040 1524 2092 (854.)
1552 2058 1599 2089 ¹9·
1622 2040 1793 2078 Stobaeus
1811 2040 1922 2083 XIII,
1946 2043 2007 2079 15.

1446 2096 1552 2145 Ἀτὰρ
1571 2099 1704 2133 σιωπᾶν
1721 2097 1764 2132 τά
1780 2111 1822 2144 γε
1839 2096 1936 2132 δίκαι’
1955 2098 1995 2132 οὗ
2014 2096 2080 2146 χρή
2098 2113 2192 2134 ποτε.

1396 2147 1523 2199 (855.)
1545 2166 1596 2186 20.
1619 2147 1790 2185 Stobaeus
1809 2148 1899 2193 XX,
1924 2150 1984 2186 12.

1449 2203 1558 2239 Πόλλ’
1579 2206 1674 2240 ἔστιν
1692 2204 1794 2251 ὀργῆς
1811 2206 1870 2250 τῆς
1887 2203 2088 2241 ἀπαιδεύτου
2107 2206 2200 2241 κακά.

1397 2253 1529 2307 (856.)
1551 2273 1602 2294 21.
1625 2255 1796 2293 Stobaeus
1813 2255 1903 2298 XX,
1924 2259 1986 2294 25.

1449 2310 1570 2360 Ὀργαὶ
1588 2312 1655 2360 γὰρ
1673 2311 1882 2358 ἀνθρώποισι
1900 2314 2083 2360 συμφορᾶς
2100 2310 2166 2349 ὕπο

1451 2365 1555 2401 δειναὶ
1573 2367 1701 2402 πλάνος
1718 2380 1755 2400 τε
1773 2366 1891 2413 καρδίᾳ
1908 2367 2149 2413 προσίσταται.

1399 2415 1526 2468 (857.)
1554 2434 1606 2455 22.
1637 2417 1807 2454 Stobaeus
1831 2417 1920 2460 XX,
1946 2419 2009 2455 39.
2034 2417 2206 2467 Apostol.
2227 2415 2337 2460 XIV,
2363 2416 2402 2458 7.

1347 2470 1483 2508 Arsen.
1504 2471 1604 2509 Viol.
1622 2483 1660 2520 p.
1682 2472 1758 2511 378
1777 2471 1835 2508 ed.
1856 2471 1980 2508 Walz.

1583 2528 1591 2541 ἱ
1643 2527 1652 2539 ³
1708 2531 1722 2539 o-
1775 2526 1785 2539 2

1400 2577 1527 2629 (858.)
1548 2595 1601 2624 23.
1622 2577 1796 2615 Stobaeus
1815 2578 1905 2620 XX,
1926 2581 1992 2616 40.

1450 2632 1510 2669 Ἐν
1527 2637 1597 2671 τοῖς
1615 2636 1748 2669 κακοῖσι
1766 2634 1933 2682 συγγένει’
1949 2634 2029 2670 ὅταν
2045 2636 2136 2681 παρῇ

1452 2691 1592 2735 τραχεῖα
1610 2688 1816 2735 κῶξύθνμος,
1836 2688 1980 2733 ἀμαθίαν
1997 2689 2082 2734 ἔχει.

1402 2739 1530 2789 (859.)
1563 2756 1615 2786 24.
1643 2740 1814 2777 Stobaeus
1844 2739 1975 2782 XXII,
2007 2741 2043 2776 5.
2080 2739 2214 2777 Arsen.
2242 2736 2343 2776 Viol.
2366 2748 2404 2787 p.

1351 2793 1425 2830 217
1446 2793 1505 2830 ed.
1526 2793 1646 2831 Walz.
2447 2794 2451 2797 “

1450 2846 1557 2884 ’Ὅταν
1575 2849 1604 2885 δ’
1622 2848 1697 2894 ἰ’δῃς
1714 2847 1800 2897 πρὸς
1816 2847 1908 2896 ὕψος
1925 2847 2067 2896 ἠρμένον
2083 2849 2169 2889 τινὰ,

1455 2903 1600 2952 λαμπρῷ
1617 2917 1655 2939 τε
1672 2901 1808 2951 πλούτῳ
1827 2903 1880 2938 καὶ
1897 2903 1985 2950 γένει
2002 2901 2242 2950 γαυρούμενον.

1457 2955 1569 3003 ὀφρῦν
1585 2970 1622 2993 τε
1639 2957 1740 3002 μείζω
1757 2958 1817 3002 τῆς
1833 2956 1937 3003 τύχης
1955 2957 2133 3004 ἐπηρκότα,

1458 3009 1578 3045 τούτου
1596 3012 1732 3057 ταχεῖαν
1750 3010 1885 3056 νέμεσιν
1903 3010 2001 3046 εὐθὺς
2017 3010 2207 3057 προσδόκα·
2232 3006 2236 3012 “

1457 3063 1628 3111 ἐπαίρεται
1645 3065 1711 3111 γὰρ
1730 3065 1854 3110 μεῖζον,
1873 3062 1929 3100 ἵνα
1946 3064 2060 3110 μεῖζον
2076 3063 2181 3108 πέσῃ.

1404 3113 1530 3163 (860.)
1554 3131 1606 3162 25·
1637 3114 1810 3152 Stobaeus
1828 3114 1960 3157 XXII,
1981 3117 2016 3153 6.

1457 3173 1571 3217 Κρινεῖ
1587 3170 1637 3207 τίς
1654 3171 1755 3205 αὑτὸν
1770 3168 1897 3206 πώποτ’
1917 3170 2092 3217 ἄνθρωπον
2108 3168 2224 3216 μέγαν,

1455 3223 1494 3259 ὃν
1511 3224 1685 3272 ἐξαλείφει
1702 3225 1880 3271 πρόφασις
1897 3222 1917 3268 ἡ
1934 3223 2074 3270 τυχοῦσ’
2094 3221 2198 3262 ὅλον;

1403 3275 1529 3326 (861.)
1552 3281 1604 3313 26.
1626 3275 1647 3299 *
1677 3274 1847 3312 Stobaeus
1866 3274 1997 3317 XXII,
2018 3277 2081 3312 31.

1671 3330 1877 3375 Εὗδαιμονία
1886 3329 2001 3366 εἴωθεν

1457 3383 1688 3431 ὑπερηφανίας
1704 3386 1826 3420 ποιεῖν.

1405 3433 1534 3484 (862.)
1554 3448 1606 3482 27.
1646 3435 1816 3473 Stobaeus
1833 3433 1987 3477 XXIII,
2006 3435 2045 3472 5.
2096 3433 2231 3471 Arsen.
2249 3430 2350 3471 viol.
2369 3445 2404 3492 p.

1352 3489 1403 3532 72
1421 3486 1481 3526 ed.
1501 3487 1622 3526 Walz.
1639 3487 1802 3526 Βοίεεοη.
1821 3487 1964 3525 Aneed.
1982 3485 2049 3526 Gr.
2066 3485 2153 3525 Vol.
2174 3485 2205 3530 1,
2223 3497 2262 3536 p.
2284 3487 2386 3529 114:
