2488 3860
233 300 316 344 576

234 408 337 439 NEA.
1092 403 1196 439 πόθεν
1213 412 1222 441 3

229 461 295 491 ΓΡ.
316 461 359 491 A.
379 455 432 490 καὶ
450 454 509 500 τὴν
526 453 630 502 θύραν
638 454 671 503 γ’
683 456 832 501 ἤραττες.
861 461 965 491 ΝΕΑ.
986 455 1179 501 ἀποθάνοιμ’
1192 455 1267 503 ἄρα.

229 514 295 546 ΓΡ.
316 513 356 543 A.
384 510 444 542 τοῦ
463 508 516 542 δαὶ
534 508 688 552 δεόμενος
706 507 775 554 δᾷδ’
793 509 880 554 ἔχων
897 508 1090 553 ἐλήλυθας;

233 565 307 595 NE.
335 558 589 605 Ἀναφλύστιον
603 561 706 605 ζητῶν
723 559 783 595 τιν’
802 561 988 607 ἄνθρωπον.
1022 566 1084 596 ΓΡ.
1105 567 1146 595 A.
1174 560 1268 600 τίνα;

234 617 337 647 ΝΕΑ.
366 612 406 646 οὗ
424 613 482 646 τὸν
500 614 649 654 Σεβῖνον,
669 612 707 648 ὃν
726 613 770 648 σὺ
787 614 980 660 προσδοκᾷς
996 611 1092 649 ἴσως.
1210 617 1271 658 980

235 669 296 699 ΓΡ.
317 669 359 700 A.
389 664 427 709 νὴ
445 663 505 708 τὴν
522 663 739 711 Ἀφροδίτην,
759 667 799 710 ἤν
816 680 852 700 τε
869 664 981 710 βούλῃ
998 665 1030 712 γ’
1049 667 1090 710 ἥν
1107 679 1143 700 τε
1160 663 1218 709 μή.

234 721 337 752 ΝΕΑ.
367 715 445 751 ἀλλ’
464 717 542 761 οὐχὶ
559 717 629 752 νυνὶ
646 718 706 754 τὰς
723 718 1029 764 ὑπερεξηκοντέτεις

338 768 530 814 εἰσάγομεν,
550 767 628 804 ἀλλ’
647 770 796 806 εἰσαῦθις
813 769 1084 815 ἀναβεβλήμεθα.

338 821 398 857 τὰς
415 821 508 857 ἐντὸς
525 820 653 858 ε’ίκοσιν
669 822 734 869 γὰρ
753 822 975 867 ἐκδικάζομεν.

233 879 297 909 ΓΡ.
318 878 359 908 Α.
390 873 444 909 ἐπὶ
461 875 521 918 τῆς
537 874 702 921 προτέρας
719 875 826 921 ἀρχῆς
842 889 882 921 γε
899 874 990 909 ταῦτ’
1008 872 1060 918 ἦν,
1080 873 1106 908 ὧ
1123 871 1269 921 γλύκων·

340 926 409 960 νυνὶ
428 926 465 961 δέ
481 930 618 973 πρῶτον
636 926 785 974 εἰσάγειν
802 926 886 971 ἡμᾶς
905 927 1005 962 δοκεῖ.
1211 928 1272 971 986

235 983 337 1013 NEA.
366 982 413 1025 τῷ
431 978 628 1027 βουλομένῳ
645 994 697 1026 γε,
717 979 799 1014 κατὰ
817 980 874 1014 τὸν
893 980 928 1014 ἐν
944 980 1077 1015 πεττοῖς
1095 980 1207 1023 νόμον.

234 1036 296 1065 ΓΡ.
318 1035 359 1067 Α..
388 1029 466 1065 ἀλλ’
486 1030 562 1066 οὐδὲ
580 1031 721 1067 δειπνεῖς
739 1031 821 1066 κατὰ
838 1033 896 1066 τὸν
914 1032 948 1066 ἐν
965 1034 1098 1066 πεττοῖς
1115 1031 1228 1075 νόμον.

235 1087 340 1118 ΝΕΑ.
369 1082 428 1117 οὐκ
446 1079 508 1118 οἶδ’
527 1082 547 1118 ὅ
564 1097 596 1117 τι
614 1083 736 1130 λέγεις·
766 1084 897 1128 τηνδεδί
912 1098 970 1128 μοι
988 1081 1182 1129 κρουστέον.

235 1141 297 1171 ΓΡ.
319 1140 360 1170 A.
392 1134 471 1170 ὅταν
487 1150 527 1181 γε
545 1133 691 1181 κρούσῃς
707 1135 766 1180 τὴν
784 1135 865 1181 ἐμὴν
881 1139 1015 1182 πρῶτον
1033 1133 1146 1182 θύραν.

236 1193 338 1222 ΝΕΑ.
367 1186 445 1222 ἀλλ’
464 1187 541 1233 οὐχὶ
558 1188 628 1223 νυνὶ
647 1188 811 1235 κρησέραν
829 1187 1019 1232 αἰτούμεθα.

235 1245 298 1275 ΓΡ.
319 1246 359 1275 Α.
389 1237 451 1275 οἶδ’
471 1239 522 1274 ὅτι
540 1240 718 1286 φιλοῦμαι*
748 1243 805 1275 νῦν
823 1240 859 1275 δὲ
878 1240 1051 1285 θαυμάζεις
1069 1239 1120 1274 ὅτι

340 1290 464 1339 θύρασί
479 1291 512 1337 μ’
532 1291 636 1338 εὗρες·
666 1292 756 1327 ἀλλὰ
773 1294 926 1339 πρόσαγε
944 1294 983 1327 τὸ
1002 1294 1123 1337 στόμα.

237 1350 338 1379 ΝΕΑ.
368 1343 458 1385 ἀλλ’,
479 1343 505 1378 ὦ
520 1342 606 1389 μέλ’,
627 1344 764 1391 ὀρρωδῶ
781 1346 839 1379 τὸν
857 1343 1002 1391 ἐραστήν
1021 1359 1096 1380 σου.

236 1402 299 1432 ΓΡ.
319 1402 360 1431 A.

237 1454 338 1484 NEA.
366 1449 424 1484 τὸν
441 1451 506 1484 τῶν
522 1449 681 1496 γραφέων
698 1449 850 1496 ἄριστον.

236 1507 299 1536 ΓΡ.
319 1507 360 1536 A.
879 1502 975 1539 οὗτος
993 1502 1021 1538 δ’
1041 1504 1115 1538 ἔστι
1132 1504 1202 1543 τίς;

238 1559 340 1588 NEA.
370 1551 406 1589 ὃς
423 1555 493 1589 τοῖς
510 1556 657 1601 νεκροῖσι
676 1555 849 1602 ζωγραφεῖ
864 1555 923 1591 τὰς
939 1555 1117 1599 ληκύθους.

340 1605 418 1640 ἀλλ’
438 1605 544 1645 ἄπιθ’,
564 1606 654 1643 ὅπως
670 1606 714 1652 μή
735 1607 768 1642 σ’
788 1608 842 1643 ἐπὶ
860 1606 1015 1654 θύραισιν
1032 1607 1167 1655 ὄψεται.

239 1664 301 1694 ΓΡ.
322 1663 363 1693 Α.
384 1655 445 1693 οἷδ’
458 1655 519 1693 οἶδ’
532 1658 551 1693 ὅ
561 1673 593 1693 τι
603 1658 734 1702 βούλει.
756 1665 859 1695 ΝΕΑ.
876 1661 928 1695 καὶ
939 1661 1005 1707 γὰρ
1017 1661 1081 1708 ἐγώ
1094 1675 1136 1695 σε
1149 1660 1187 1706 νὴ
1198 1659 1275 1697 Δία.

242 1716 305 1745 ΓΡ.
324 1716 366 1746 A.
395 1711 441 1753 μὰ
458 1710 518 1755 τὴν
533 1710 749 1758 Ἀφροδίτην,
769 1712 792 1757 ἥ
806 1713 840 1758 μ’
859 1712 966 1759 ἔλαχε
984 1713 1202 1760 κληρουμένη.

342 1762 386 1808 μὴ
404 1762 463 1810 ’γῶ
483 1762 516 1798 σ’
531 1762 670 1810 ἀφήσω.
705 1770 806 1800 ΝΕΑ.
827 1767 1067 1812 παραφρονεῖς,
1083 1765 1108 1800 ὦ
1125 1765 1274 1813 γρᾴδιον.

239 1821 301 1850 ΓΡ.
322 1821 361 1851 A.
389 1817 513 1861 ληρεῖς·
543 1817 608 1863 ἐγὼ
627 1815 655 1851 δ’
674 1816 743 1861 ἄξω
763 1816 796 1852 σ’
812 1818 866 1853 ἐπὶ
877 1818 964 1863 τάμὰ
976 1820 1166 1863 στρώματα.
1201 1832 1276 1855 1001

239 1873 340 1903 NEA.
370 1868 403 1902 τί
420 1869 503 1913 δῆτα
521 1870 681 1916 κρεάγρας
698 1871 768 1906 τοῖς
785 1871 897 1907 κάδοις
915 1870 1069 1916 ὦνοίμεθ’
1088 1871 1140 1912 ἂν,

341 1921 417 1964 ἐξὸν
435 1921 573 1956 καθέντα
589 1920 727 1968 γρᾴδιον
744 1923 908 1958 τοιουτονὶ

341 1973 377 2007 ἐκ
395 1977 460 2008 τῶν
478 1974 633 2019 φρεάτων
650 1974 728 2010 τοὺς
746 1976 865 2012 κάδους
883 1976 1133 2021 ξυλλαμβάνειν

1212 1148 1275 1181 990

1134 1396 1207 1432 τίνα
1218 1409 1228 1437 ;

1215 1461 1274 1495 995

1070 301 1532 341 ΑΡΙΣΤΟΦΑΝΟΎΣ

1417 403 1471 437 καὶ
1488 402 1672 443 ταινίωσαι,
1692 403 1746 438 καὶ
1762 403 1913 451 παράθου
1929 405 1989 442 τὰς
2004 404 2182 450 ληκύθους,

1417 453 1536 490 ὕδατός
1553 469 1590 489 τε
1608 455 1752 490 κατάθου
1769 458 1976 503 τοῦστρακον
1991 459 2058 505 πρὸ
2076 458 2134 503 τῆς
2151 457 2265 506 θύρας.

1316 514 1378 544 ΓΡ.
1398 514 1439 543 A.
1468 506 1487 551 ἦ
1505 507 1570 552 μὴν
1587 506 1632 542 ἔτ’
1652 506 1772 552 ὠνήσει
1792 508 1837 542 σὺ
1854 509 1907 544 καὶ
1925 511 2132 573 στεφάνην’
2114 511 2207 556 εμοί.

1316 566 1418 596 NEA.
1447 560 1485 604 νὴ
1503 561 1561 594 τὸν
1578 559 1646 599 Δί’,
1666 557 1808 607 ἥνπερ’
1787 576 1807 605 ῃ
1823 560 1864 608 γέ
1879 575 1946 596 που
1963 565 2029 597 τῶν
2045 562 2196 609 κηρίνων.

1418 626 1509 657 οιμαι
1525 611 1591 659 γὰρ
1609 612 1704 647 ἔνδον
1721 612 1954 648 διαπεσεῖσθαί
1972 628 1997 649 σ
2023 614 2152 650 αὐτίκα.

1317 670 1390 699 ΝΕ.
1417 665 1478 699 ποῖ
1489 666 1608 699 τοῦτον
1622 664 1734 700 ελκεις
1747 663 1814 704 σύ;
1847 670 1909 700 ΓΡ.
1927 671 1966 700 A.
1987 666 2046 701 τὸν
2059 666 2199 712 ἐμαυτῆς
2212 667 2348 716 εῖσάγω.

1318 722 1390 751 ΝΕ.
1419 716 1458 751 οὗ
1477 717 1707 763 σωφρονοῦσά
1723 716 1769 764 γ’.
1798 717 1838 751 οὗ
1854 717 1920 764 γὰρ
1938 717 2104 762 ἦλικίαν”
2085 733 2157 764 εχει

1418 769 1508 815 παρὰ
1526 769 1584 803 σοὶ
1602 767 1771 804 καθεύδειν
1788 770 1982 814 τηλικοῦτος
2000 770 2056 814 ὢν,
2075 771 2147 806 ἐπεὶ

1418 819 1525 867 μήτηρ
1543 820 1583 856 ἂν
1600 821 1688 869 αὐτῷ
1703 822 1836 865 μᾶλλον
1853 819 1921 865 εἴης
1937 820 1957 867 ἢ
1974 821 2070 870 γυνή.

1421 872 1502 907 ὥστ’
1521 873 1550 907 εἰ
1568 872 1824 918 καταστήσεσθε
1841 876 1960 909 τοῦτον
1976 876 2034 909 τὸν
2051 876 2163 920 νόμον,

1420 926 1480 969 τὴν
1495 926 1559 972 γῆν
1575 926 1710 960 ἅπασαν
1729 925 1915 961 Οἰδιπόδων
1933 925 2135 971 ἐμπλήσετε.

1318 983 1378 1013 ΓΡ.
1400 982 1441 1012 Α.
1471 976 1498 1011 ὦ
1514 978 1748 1024 παμβδελυρὰ,
1767 977 1946 1024 φθονοῦσα
1963 979 2059 1014 τόνδε
2076 981 2134 1015 τὸν
2149 981 2254 1028 λόγον

1423 1030 1565 1076 ἐξεῦρες·
1595 1029 1673 1064 ἀλλ’
1693 1030 1759 1077 ἐγώ
1778 1045 1820 1065 σε
1837 1029 2080 1076 τιμωρήσομαι.

1319 1088 1421 1118 ΝΕΑ.
1450 1082 1487 1127 νὴ
1505 1083 1564 1117 τὸν
1581 1082 1646 1117 Δία
1663 1083 1721 1117 τὸν
1739 1084 1886 1128 σωτῆρα,
1906 1083 2083 1130 κεχάρισαί
2098 1084 2141 1131 γέ
2155 1099 2223 1127 μοι,
2275 1098 2350 1130 1045

1421 1134 1447 1169 ὦ
1463 1133 1683 1182 γλυκύτατον,
1702 1134 1762 1179 τὴν
1777 1137 1884 1181 γραῦν
1901 1134 2129 1179 ἀπαλλάξασά
2144 1146 2222 1182 μου·

1422 1186 1503 1222 ὥστ’
1522 1187 1594 1222 ἀντὶ
1611 1185 1737 1222 τούτων
1753 1191 1819 1222 τῶν
1836 1186 1968 1234 ἀγαθῶν
1985 1187 2033 1223 εἷς
2050 1188 2196 1235 ἑσπέραν

1421 1240 1570 1286 μεγάλην
1586 1239 1754 1274 ἀποδώσω
1772 1240 1825 1274 καὶ
1842 1240 1984 1284 παχεῖάν
2002 1254 2059 1274 σοι
2075 1242 2185 1287 χάριν.

1320 1298 1381 1327 ΓΡ.
1403 1298 1442 1326 Β.
1469 1289 1551 1336 αὕτη
1569 1291 1626 1331 σὺ,
1644 1293 1705 1327 ποῖ
1719 1293 1903 1337 παραβᾶσα
1920 1292 2016 1326 τόνδε
2032 1293 2091 1328 τὸν
2107 1294 2206 1337 νόμον

1422 1344 1544 1384 ἕλκεις,
1563 1340 1640 1390 παρ’
1660 1344 1735 1388 ἐμοὶ
1752 1347 1817 1378 τῶν
1833 1345 2035 1390 γραμμάτων
2052 1344 2228 1391 εἷρηκότων
2275 1358 2354 1391 1050

1421 1398 1585 1443 πρότερον
1603 1394 1771 1431 καθεύδειν
1788 1395 1908 1436 αὗτόν;

1885 1445 1974 1493 οἴμοι
1992 1449 2147 1486 δείλαιος.

1421 1501 1525 1536 πόθεν
1542 1500 1720 1547 ἐξέκυψας,
1741 1499 1767 1535 ὦ
1785 1499 1911 1535 κάκιστ’
1930 1501 2139 1546 ἀπολουμένη
2154 1515 2164 1543 ;

1423 1556 1522 1588 τοῦτο
1539 1554 1605 1600 γὰρ
1624 1553 1749 1588 ἐκείνου
1766 1554 1805 1588 τὸ
1823 1554 1921 1588 κακὸν
1938 1553 2181 1601 ἐξωλέστερον.

1322 1612 1383 1642 ΓΡ.
1403 1611 1441 1641 Β.
1468 1606 1584 1649 βάδιζε
1602 1606 1712 1653 δεῦρο.

1322 1664 1424 1694 NEA.
1734 1658 1890 1703 μηδαμῶς
1906 1672 1948 1703 με
1963 1658 2112 1705 περιίδῃς

1425 1711 1602 1757 ἑλκόμενον
1619 1711 1684 1747 ὑπὸ
1701 1709 1810 1756 τῆσδ’,
1829 1710 1998 1753 ἀντιβολῶ
2015 1710 2063 1746 σ’.

1406 1769 1444 1798 Β.

1426 1815 1503 1851 ἀλλ’
1523 1818 1541 1851 ὁ
1559 1817 1658 1862 νόμος
1676 1815 1770 1851 ἕλκει
1788 1814 1836 1851 σ’.

1795 1869 1855 1904 οὐκ
1871 1868 1930 1914 ε’μέ
1948 1867 1993 1915 γ’,
2014 1867 2130 1904 ἀλλ’*
2109 1872 2265 1916 εμπουσά
2281 1887 2333 1911 τις

1426 1921 1464 1965 ἐξ
1481 1936 1617 1966 αιματος
1634 1919 1840 1967 φλύκταιναν
1856 1919 2079 1966 ἠμφιεσμένη.

1323 1978 1386 2009 ΓΡ.
1407 1979 1444 2008 Β.
1474 1973 1566 2013 ἕπου,
1585 1974 1766 2017 μαλακίων,
1786 1972 1872 2019 δεῦρ’
1891 1971 2016 2008 ἀνύσας
2033 1973 2086 2008 καὶ
2101 1973 2146 2018 μὴ
2163 1973 2291 2010 λάλει(

2270 575 2348 609 10³⁵

2274 837 2353 868 ¹040

1321 1455 1420 1484 NEA.

2275 1723 2352 1758 105⁵

1323 1769 1385 1799 ΓΡ.
2039 1762 2118 1799 ἀλλ’
2135 1763 2196 1799 οὒκ
2213 1763 2291 1810 ἐγὼ,

1323 1873 1426 1904 NEA.

243 2028 304 2057 ΓΡ.
325 2027 366 2057 Α.
394 2022 438 2067 μὴ
458 2025 592 2059 σκῶπτέ
608 2024 654 2070 μ’,
671 2025 697 2060 ὦ
714 2027 830 2066 τάλαν,
846 2025 923 2060 ἀλλ’
943 2025 1025 2062 ἕπου
1043 2025 1130 2073 δεῦρ’
1150 2026 1194 2063 ὡς
1208 2027 1277 2071 ἐμέ.
1325 2029 1427 2058 ΝΕΑ.
1457 2021 1504 2057 ιθι
1523 2038 1580 2059 νυν
1597 2025 1700 2059 ἔασον
1717 2025 1764 2060 εἷς
1781 2024 1913 2070 αφοδον
1929 2026 2103 2071 πρώτιστά
2119 2039 2162 2069 με

243 2080 344 2109 NEA.
374 2075 452 2110 ἀλλ’
472 2076 531 2110 οὐκ
549 2077 672 2124 ἀνάγκη
690 2078 844 2122 μούστὶν,
864 2078 894 2112 εἷ
910 2078 954 2123 μὴ
973 2082 1039 2113 τῶν
1057 2079 1138 2113 ἐτῶν

347 2127 406 2172 τὴν
422 2130 710 2174 πεντακοσιοστὴν
728 2130 906 2174 κατέθηκας
923 2134 963 2175 τῇ
981 2133 1091 2166 πόλει.

243 2185 305 2214 ΓΡ.
325 2185 366 2214 A.
396 2180 433 2225 νὴ
452 2180 512 2225 τὴν
528 2180 744 2228 Ἀφροδίτην,
765 2183 816 2217 δεῖ
831 2197 872 2229 γε
888 2183 1002 2227 μέντοι
1020 2182 1068 2217 σ’.
1097 2184 1140 2219 ὡς
1159 2183 1226 2229 ἐγὼ

345 2233 415 2268 τοῖς
432 2232 640 2277 τηλικούτοις
657 2233 917 2281 ξυγκαθεύδουσ’
937 2235 1066 2280 ἥδομαι.

245 2289 344 2319 NEA.
374 2284 439 2331 ἐγὼ
457 2286 502 2320 δὲ.
512 2288 582 2321 ταῖς
598 2301 639 2333 γε
655 2285 866 2331 τηλικαύταις
882 2287 1039 2333 ἄχθομαι,

346 2337 425 2371 κούκ
443 2337 483 2372 ἂν
500 2338 656 2383 πιθοίμην
674 2339 838 2375 οὐδέποτ’.

325 2394 366 2423 Α.
873 2392 963 2426 ἀλλὰ
981 2391 1019 2437 νὴ
1038 2393 1102 2427 Δία

345 2442 525 2489 ἀναγκάσει
543 2443 637 2478 τουτί
657 2458 710 2478 σε.
767 2450 869 2479 ΝΕΑ.
898 2447 998 2479 τοῦτο
1017 2443 1046 2479 δ’
1065 2445 1140 2479 ἔστι
1158 2444 1192 2480 τί
1203 2457 1212 2486 3

244 2499 304 2528 ΓΡ.
326 2499 364 2528 A.
392 2494 574 2541 ψήφισμα,
594 2495 668 2530 καθ’
688 2496 707 2530 ὅ
726 2511 767 2531 σε
785 2498 837 2531 δεῖ
851 2496 1001 2540 βαδίζειν
1019 2497 1063 2533 ὣς
1081 2497 1150 2543 ἐμέ.

244 2551 343 2581 NEA.
371 2547 444 2593 λέγ’
463 2548 543 2582 αὐτὸ
561 2548 594 2582 τί
611 2563 693 2583 ποτε
712 2549 822 2583 κᾶστι.

244 2604 305 2633 ΓΡ.
326 2605 364 2634 Β.
848 2602 900 2636 καὶ
918 2600 958 2646 δή
977 2616 1034 2636 σοι
1051 2602 1155 2647 λέγω.

344 2652 440 2696 ἔδοξε
458 2655 528 2688 ταῖς
545 2653 705 2699 γυναιξὶν,
726 2652 765 2698 ἢν
782 2653 863 2700 ἀνὴρ
882 2655 955 2690 νέος

345 2704 418 2741 νέας
437 2705 589 2750 ἐπιθυμῇ,
608 2705 652 2749 μὴ
672 2707 812 2741 σποδεῖν
830 2706 930 2749 αὐτὴν
947 2707 1026 2753 πρὶν
1043 2707 1083 2741 ἂν

344 2756 403 2800 τὴν
419 2760 524 2803 γραῦν
541 2756 735 2804 προκρούσῃ
753 2761 897 2804 πρῶτον·
926 2758 966 2803 ἢν
983 2760 1019 2794 δέ
1036 2759 1080 2803 μὴ
1100 2758 1186 2803 θέλῃ

344 2810 506 2855 πρότερον
523 2808 729 2856 προκρούειν,
751 2810 828 2845 ἀλλ’
849 2810 990 2855 ἐπιθυμῇ
1009 2813 1067 2855 τῆς
1085 2811 1170 2850 νέας,

346 2862 417 2896 ταῖς
434 2863 679 2908 πρεσβυτέραις
696 2862 846 2908 γυναιξὶν
864 2864 953 2897 ἔστω
971 2864 1030 2898 τὸν
1048 2863 1121 2898 νέον

346 2911 458 2947 ἕλκειν
476 2914 568 2948 ἀνατὶ
585 2915 774 2958 λαβομένας
791 2917 851 2949 τοῦ
868 2917 1051 2950 παττάλου.

243 2969 344 2999 ΝΕΑ.
374 2962 473 3008 οἴμοι·
504 2964 743 3012 Προκρούστης
761 2966 903 3013 τήμερον
919 2966 1115 3012 γενήσομαι.

245 3022 304 3050 ΓΡ.
325 3022 366 3051 A.
395 3018 464 3052 τοῖς
481 3018 546 3063 γὰρ
565 3020 675 3062 νόμοις
692 3021 762 3054 τοῖς
780 3019 970 3065 ἡμετέροισι
989 3020 1158 3054 πειστέον.

244 3073 345 3104 NEA.
375 3069 408 3103 τί
426 3068 466 3111 δ’,
487 3069 525 3113 ἢν
543 3070 726 3116 ἀφαιρῆταί
741 3070 775 3115 μ’
794 3071 875 3117 ἀνὴρ
893 3073 958 3106 τῶν
976 3072 1126 3116 δημοτῶν

344 3119 364 3165 ἢ
382 3124 448 3155 τῶν
465 3122 578 3167 φίλων
596 3122 705 3157 ἐλθών
722 3136 794 3163 τις;

324 3178 364 3207 A.
818 3174 896 3209 ἀλλ’
915 3175 954 3209 οὐ
973 3174 1083 3222 κύριος

347 3224 427 3270 ὑπὲρ
444 3225 599 3270 μέδιμνόν
618 3225 688 3259 ἐστ’
701 3226 781 3272 ἀνὴρ
800 3227 907 3263 οὐδεὶς
925 3227 985 3262 ἔτι.

244 3280 344 3311 ΝΕΑ.
375 3277 543 3322 ἐξωμοσία
561 3276 590 3312 δ’
609 3278 668 3311 οὐκ
686 3278 801 3318 ἕστιν;

245 3333 304 3363 ΓΡ.
324 3334 365 3363 A.
822 3331 861 3364 οὐ
878 3331 943 3377 γὰρ
962 3331 1013 3365 δεῖ
1029 3333 1196 3377 στροφῆς.

245 3386 341 3416 NEA.
371 3379 449 3415 ἀλλ’
461 3381 604 3428 ἔμπορος
616 3378 696 3416 εἶναι
709 3381 897 3428 σκήψομαι.
919 3388 980 3417 ΓΡ.
996 3389 1033 3417 Β.
1051 3385 1161 3418 κλάων
1170 3397 1210 3429 γε
1222 3381 1277 3417 σύ.

245 3438 345 3467 NEA.
374 3433 407 3467 τί
420 3434 501 3477 δῆτα
513 3433 578 3479 χρὴ
591 3434 671 3480 δρᾶν
684 3446 692 3474 ;
714 3440 775 3468 ΓΡ.
790 3440 830 3468 A.
847 3434 933 3480 δεῦρ’
946 3435 1142 3469 ἀκολουθεῖν
1153 3436 1197 3471 ὡς
1210 3434 1277 3479 ε’μέ.

246 3489 343 3519 NEA.
365 3487 418 3520 καὶ
435 3485 525 3520 ταῦτ’
543 3486 666 3532 ἀνάγκη
684 3486 829 3530 μούστί;
878 3492 940 3520 ΓΡ.
961 3492 1001 3520 A.
1031 3486 1209 3531 Διομήδειά
1226 3501 1278 3532 γε.

247 3540 344 3572 ΝΕΑ.
373 3538 602 3584 ὑποστόρεσαί
619 3552 676 3572 νυν
692 3541 806 3583 πρῶτα
824 3539 882 3581 τῆς
899 3538 1066 3584 ὀριγάνου,

345 3591 397 3624 καὶ
416 3589 559 3634 κλήμαθ’
578 3589 705 3625 ὑπόθου
725 3591 952 3635 συγκλάσασα
970 3590 1120 3636 τέτταρα,

243 2394 305 2423 ΓΡ.

1203 2665 1279 2699 1015

1202 2928 1280 2950 1020

244 3178 304 3208 ΓΡ.

1201 3238 1278 3271 ¹0²5

1204 2082 1287 2116 1006

1203 2263 1306 2345 101οΙ

1202 3552 1280 3582 1030
1332 3523 1433 3566 NEA·

1428 2075 1570 2111 ἐλθόντα
1588 2076 1753 2122 θαρρῆσαι
1770 2077 1855 2123 πρὸς
1873 2077 2025 2121 ἐμαυτόν·
2054 2076 2083 2111 εἷ
2101 2077 2137 2111 δὲ
2154 2077 2212 2122 μὴ,
2281 2079 2360 2113 1060

1304 2125 1307 2170 Ι
1428 2127 1529 2162 αὐτοῦ
1547 2143 1579 2162 τι
1598 2128 1725 2174 δρῶντα
1742 2129 1869 2174 πυρρὸν
1885 2128 1968 2175 ὄψει
1984 2128 2017 2174 μ’
2037 2129 2153 2163 αὐτίκα

1305 2171 1306 2181 ¹
1427 2179 1492 2214 ὑπὸ
1506 2182 1565 2214 τοῦ
1580 2180 1686 2216 δέους.
1715 2186 1775 2216 ΓΡ.
1797 2186 1835 2215 Β.
1856 2180 1982 2227 θάρρει,
1995 2180 2124 2224 βάδιζ’·
2143 2181 2237 2216 ἔνδον
2247 2182 2358 2232 χεσεῖ.

1303 2237 1306 2257 ¹
1326 2236 1428 2266 NEA.
1458 2231 1589 2267 δέδοικα
1607 2232 1696 2279 κάγὼ
1713 2232 1758 2277 μὴ
1775 2232 1882 2268 πλέον
1898 2234 1982 2279 ἤπερ
1999 2231 2182 2278 βούλομαι.

1428 2282 1505 2318 ἀλλ’
1526 2284 1687 2331 ἐγγυητάς
1705 2298 1762 2319 σοι
1780 2283 1981 2329 καταστήσω
2000 2283 2060 2319 δύο

1428 2335 1622 2383 ἀξιόχρεως.
1678 2342 1741 2371 ΓΡ.
1761 2342 1799 2372 Β.
1828 2335 1873 2381 μή
1891 2350 1948 2381 μοι
1967 2336 2120 2381 καθίστη.

1408 2393 1445 2422 Γ.
1945 2391 2006 2423 ποῖ
2022 2388 2078 2428 σὺ,
2097 2390 2158 2424 ποῖ

1427 2437 1549 2487 χωρεῖς
1566 2442 1649 2485 μετὰ
1666 2439 1809 2487 ταύτης,

1328 2497 1429 2527 ΝΕΑ.
1746 2493 1805 2526 οὐκ
1823 2492 1933 2539 ἔγωγ’,
1953 2492 2031 2527 ἀλλ’
2051 2491 2206 2538 ἕλκομαι.

1430 2544 1513 2591 ἀτὰρ
1531 2544 1602 2589 ἥτις
1620 2541 1653 2579 εἶ
1665 2559 1716 2591 γε,
1735 2543 1836 2580 πόλλ’
1854 2545 1961 2592 ἀγαθὰ
1978 2545 2108 2592 γένοιτό
2127 2559 2196 2587 σοι,

1430 2596 1481 2630 ὅτι
1498 2595 1531 2641 μ’
1551 2596 1591 2631 οὐ
1607 2597 1770 2643 περιεῖδες
1787 2596 1998 2643 ἐπιτριβέντ’.
2028 2597 2054 2631 ὦ
2070 2596 2260 2643 Ἡράκλεις.

1432 2648 1456 2682 ὦ
1475 2650 1595 2691 Πᾶνες,
1616 2648 1642 2682 ὦ
1661 2648 1886 2695 Κορύβαντες,
1906 2648 1932 2683 ὦ
1950 2651 2137 2696 Διοσκόρω,

1432 2699 1522 2735 τοῦτ’
1540 2700 1582 2735 αὖ
1598 2701 1689 2736 πολὺ
1706 2699 1826 2735 τούτου
1844 2702 1882 2735 τὸ
1901 2702 2000 2736 κακὸν
2018 2701 2258 2747 ἐξωλέστερον.
2281 2712 2361 2745 1070

1429 2752 1513 2798 ἀτὰρ
1530 2753 1564 2787 τί
1581 2754 1619 2787 τὸ
1636 2752 1760 2800 πρᾶγμ’
1780 2753 1864 2793 ἔστ’,
1884 2753 2063 2795 ἀντιβολῶ.
2083 2754 2176 2788 τουτί
2192 2765 2297 2794 ποτες

1429 2806 1571 2851 πότερον
1587 2804 1726 2849 πίθηκος
1744 2806 1915 2841 ἀνάπλεως
1932 2805 2109 2851 ψιμυθίου,

1430 2855 1449 2900 ἦ
1467 2859 1572 2903 γραῦς
1589 2857 1786 2900 ἀνεστηκυῖα
1802 2858 1892 2903 παρὰ
1909 2860 1975 2891 τῶν
1994 2859 2177 2898 πλειόνων;

2281 2338 2358 2381 1065

1326 2393 1388 2422 ΓΡ.

1329 2914 1388 2943 ΓΡ.
1411 2914 1448 2942 Γ.
1476 2908 1520 2952 μὴ
1541 2909 1676 2944 σκῶπτέ
1691 2908 1739 2954 μ’,
1758 2909 1849 2943 ἀλλὰ
1867 2908 1954 2955 δεῦρ’
1974 2909 2067 2944 ἕπου.

1328 2966 1390 2995 ΓΡ.
1412 2966 1450 2994 Β.
1900 2961 1990 3006 δευρὶ
2007 2962 2068 3006 μὲν
2084 2960 2154 2996 οὖν.

1328 3018 1390 3047 ΓΡ.
1411 3018 1448 3047 Γ.
1479 3012 1522 3048 ὡς
1540 3012 1599 3046 οὐκ
1617 3011 1742 3058 ἀφήσω
1760 3012 1921 3048 οὐδέποτέ
1938 3012 1984 3047 σ’.

1329 3070 1391 3099 ΓΡ.
1413 3070 1451 3098 Β.
1954 3065 2030 3100 οὐδὲ
2047 3065 2111 3110 μὴν
2128 3065 2206 3112 ἐγώ.

1330 3122 1430 3151 ΝΕΑ.
1460 3116 1698 3152 διασπάσεσθέ
1714 3116 1760 3161 μ’,
1781 3116 1807 3150 ὧ
1825 3119 1929 3152 κακῶς
1946 3116 2182 3160 ἀπολούμεναι.

1331 3175 1393 3203 ΓΡ.
1415 3174 1453 3202 Β.
1484 3169 1557 3213 ἐμοὶ
1574 3169 1640 3216 γὰρ
1658 3168 1853 3203 ἀκολουθεῖν
1872 3167 1904 3202 σ’
1924 3168 1989 3202 ἔδει
2007 3169 2089 3203 κατὰ
2106 3169 2164 3203 τὸν
2181 3169 2292 3213 νόμον.

1331 3226 1392 3255 ΓΡ.
1414 3226 1452 3255 Γ.
1481 3221 1552 3259 οὒκ,
1571 3220 1612 3265 ἢν
1628 3221 1724 3266 ἑτέρα
1741 3235 1781 3266 γε
1797 3222 1901 3266 γραῦς
1918 3219 1962 3254 ἔτ’
1982 3220 2126 3266 αἰσχίων
2143 3221 2246 3266 φανῇ.

1330 3277 1432 3307 NEA.
1460 3271 1499 3316 ἢν
1517 3271 1575 3307 οὖν
1593 3272 1652 3318 ὑφ’
1671 3273 1762 3316 ὑμῶν
1778 3275 1911 3317 πρῶτον
1927 3271 2102 3316 ἀπόλωμαι
2120 3275 2236 3312 κακῶς,

1432 3324 1528 3370 φέρε,
1548 3327 1619 3359 πῶς
1637 3323 1686 3359 ἐπ’
1706 3324 1829 3367 ἐκείνην
1846 3323 1906 3367 τὴν
1923 3324 2027 3368 καλὴν
2043 3323 2230 3369 ἀφίξομαι;

1330 3382 1392 3412 ΓΡ.
1412 3382 1450 3411 Γ.
1479 3376 1577 3412 αὐτὸς
1596 3378 1714 3410 σκόπει
1733 3374 1789 3410 σύ·
1818 3375 1897 3410 τάδε
1914 3374 1953 3409 δέ
1969 3390 2026 3410 σοι
2042 3375 2208 3419 ποιητέον.

1331 3434 1433 3463 NEA.
1461 3427 1603 3473 ποτέρας
1619 3427 1782 3473 προτέρας
1800 3425 1858 3462 οὖν
1876 3428 2063 3463 κατελάσας
2080 3427 2292 3474 ἀπαλλαγῶὅ

1331 3486 1393 3514 ΓΡ.
1414 3485 1452 3526 Β.
1482 3479 1541 3513 οὐκ
1559 3476 1680 3519 οἶσθας

2239 3048 2242 3053 -
2282 3025 2359 3057 107⁵

2285 3327 2363 3359 1080

1709 3479 1822 3521 βαδιεῖ
1837 3477 1938 3525 δεῦρ’.

1948 3530 2064 3577 ἀφέτω
2081 3528 2139 3565 νύν
2154 3529 2189 3575 μ’
2206 3529 2312 3575 αὑτηί.

1306 3603 1310 3622 ι
1332 3589 1394 3619 ΓΡ.
1414 3588 1452 3618 Γ.
1481 3583 1572 3629 δευρὶ
1587 3597 1649 3629 μεν
1666 3581 1724 3618 ουν
1740 3580 1789 3617 ἴθ’
1808 3582 1852 3618 ὣς
1869 3581 1932 3627 ἕμ.
1973 3587 2075 3617 NEA.
2089 3581 2130 3628 ἢν
2147 3581 2204 3627 ἡδί
2219 3583 2254 3628 μ’
2270 3582 2360 3632 ἀφγ.
