2488 3860
608 722 1292 779 ΣΟΦΟΚΛΕΟΥΣ
1366 727 1931 782 ΤΡΑΧΙΝΙΑΙ.

697 1119 784 1159 ΤΑ
841 1120 979 1160 TO‘r
1039 1122 1434 1162 ΔΡΑΜΑΤΟΣ
1493 1120 1843 1162 ΠΡΟΣΩΠΑ

450 1245 681 1275 ΔΗΙΑΝΕΙΡΑ.

449 1299 693 1329 ΘΕΡΑΠΑῙΝΑ.

446 1353 589 1383 ὙΛΛΟΣ.

447 1409 585 1440 ΧΟΡΟΣ
608 1410 828 1441 ΠΑΡΘΕΝΩΝ
850 1410 1086 1440 ΤΡΑΧῙΝῙΩΝ.

444 1463 636 1495 ΑΓΓΕΛΟΣ.

1550 1249 1688 1280 ΑῙΧΑΣ.

1547 1303 1716 1334 ΤΡΟΦΟΣ.

1552 1358 1741 1389 ΠΡΕΣΒΤΣ.

1549 1413 1750 1444 ΗΡΑΚΔΗΣ.

1178 1629 1362 1636 —-——.-.

1048 1759 1462 1800 ὙΠΟΘΕΣΙΣ

686 1875 748 1906 ΕΚ
782 1877 870 1908 ΤΗΣ
906 1877 1239 1909 ΑΠΟΛΛΟΔΩΡΟΥ
1279 1877 1602 1909 ΒΙΒΛΙΟΘῙ-ΙΚΗΣ.

1661 1869 1723 1921 (11.
1750 1870 1786 1917 7,
1806 1869 1863 1921 5.)

241 1985 414 2033 Ἡρακλῆς
441 1987 713 2033 παραγενόμενος
739 1986 788 2024 εἷς
815 1987 1004 2023 Καλυδῶνα
1031 1986 1092 2032 τὴν
1125 1988 1249 2025 Οἰνέως
1299 1988 1554 2036 ὑπαντήσαντος
1594 1989 1684 2037 αὐτῷ
1717 1988 1964 2034 Θειοδάμαντος
1999 1987 2266 2032 βοηλατοῦντος,
2293 1992 2350 2023 τὸ»

193 2038 360 2086 θυγατέρα
393 2039 593 2086 Δηιάνειραν
631 2038 899 2085 ἐμνηστεύσατο,
934 2041 988 2075 καὶ
1020 2041 1250 2080 διαπαλαίσας

190 2092 274 2138 ὑπὲρ
293 2095 360 2126 τῶν
377 2092 495 2138 γάμων
513 2092 616 2137 αὐτῆς
632 2093 719 2139 πρὸς
732 2094 792 2128 τὸν
805 2093 982 2142 Ἀχελῷον
1000 2093 1250 2130 ἀπεικασθέντα
1271 2103 1273 2111 “

189 2144 313 2192 ταύρῳ,
342 2145 550 2192 περιέκλασε
581 2146 621 2180 τὸ
655 2145 772 2192 ἕτερον
803 2150 871 2181 τῶν
902 2147 1063 2193 κεράτων·
1107 2149 1162 2183 καὶ
1188 2148 1249 2193 τὴν

188 2197 249 2239 μὲν
271 2198 470 2243 Δηιάνειραν
489 2200 602 2246 γαμεῖ,
623 2199 662 2234 τὸ
686 2199 723 2234 δὲ
747 2199 847 2246 κέρας
863 2198 1039 2248 Ἀχελῷος
1063 2201 1246 2246 λαμβάνει,

189 2249 268 2286 δοὺς
291 2250 366 2285 ἀντὶ
389 2250 513 2286 τούτου
537 2253 576 2286 τὸ
601 2253 661 2296 τῆς
681 2251 900 2298 Ἀμαλθείας.
929 2251 1121 2297 Ἀμάλθεια
1146 2254 1183 2289 δὲ
1208 2252 1249 2298 ἦν

188 2304 350 2348 Αἶμονίου
375 2303 537 2352 θυγάτηρ,
563 2303 583 2350 ἢ
609 2305 708 2352 κέρας
732 2302 805 2352 εἶχε
828 2304 966 2352 ταύρου·
997 2309 1101 2341 τοῦτο
1126 2307 1175 2347 δὲ,
1203 2308 1248 2344 ὡς

188 2355 374 2403 Φερεκύδης
398 2357 502 2403 φησὶ,
529 2356 669 2404 δύναμιν
693 2355 766 2405 εἶχε
793 2357 951 2404 τοιαύτην
978 2359 1071 2395 ὥστε
1094 2361 1201 2395 ποτὸν
1225 2359 1245 2405 ἢ

187 2410 333 2456 βρωτὸν,
353 2409 437 2457 ὅπερ
456 2410 496 2445 ἂν
514 2411 648 2455 εὕξαιτό
673 2426 736 2452 τις,
755 2411 918 2459 παρέχειν
941 2412 1107 2459 ἄφθονον.
1138 2427 1243 2460 στρα-

187 2461 275 2497 τεύει
299 2462 336 2497 δὲ
359 2461 534 2510 “Ηρακλῆς
557 2465 642 2509 μετὰ
666 2465 894 2501 Καλυδωνίων
917 2465 974 2501 ἐπὶ
1001 2466 1243 2512 Θεσπρωτοὺς,

187 2515 242 2550 καὶ
259 2516 363 2550 πόλιν
381 2516 469 2551 ἑλὼν
485 2515 653 2563 Ἐφύραν,
669 2516 708 2563 ἧς
723 2518 910 2561 ἐβασίλευε
928 2517 1054 2560 Φύλας,
1069 2518 1244 2566 Ἀστυόχῃ

186 2568 226 2612 τῇ
240 2567 363 2603 τούτου
378 2568 520 2615 θυγατρὶ
534 2570 722 2612 συνελθὼν,
737 2571 848 2615 πατὴρ
861 2572 1088 2616 Τληπολέμου
1101 2572 1242 2616 γίνεται.

185 2618 374 2663 γενομένων
392 2619 429 2654 δὲ
454 2618 583 2655 τούτων
601 2619 833 2666 εὐωχούμενος
856 2622 948 2668 παρὰ
967 2621 1070 2662 Οἷνεῖ,
1091 2620 1243 2668 κονδύλῳ

186 2669 314 2706 παίσας
332 2671 523 2707 ἀπέκτεινεν
540 2674 693 2718 Εὔνομον
710 2674 769 2709 τὸν
785 2673 1008 2721 Ἀρχιτέλους
1026 2675 1140 2715 παῖδα,
1161 2675 1245 2709 κατὰ

186 2726 311 2769 χειρῶν
334 2724 480 2760 διδόντα·
516 2726 684 2773 συγγενὴς
704 2727 742 2762 δὲ
766 2726 866 2763 οὗτος
891 2726 1027 2764 Οἰνέως.
1062 2727 1117 2762 καὶ
1140 2728 1159 2762 ὁ
1182 2727 1243 2772 μὲν

186 2776 296 2821 πατὴρ
315 2779 376 2811 τοῦ
393 2778 514 2814 παιδὸς
532 2778 695 2814 ἀκουσίου
708 2780 891 2827 γενομένου
904 2783 966 2815 τοῦ
982 2782 1239 2826 συμβεβηκότος

188 2831 446 2875 συνεγνωμόνει·
475 2829 650 2878 Ἡρακλῆς
668 2832 705 2867 δὲ
724 2835 808 2867 κατὰ
826 2834 885 2868 τὸν
903 2834 1006 2879 νόμον
1023 2833 1140 2880 φυγὴν
1157 2833 1241 2869 ὑπο-

186 2881 297 2926 μένειν
315 2882 429 2927 ἤθελε,
443 2883 497 2918 καὶ
516 2883 556 2929 δὴ
575 2885 661 2931 ἔγνω
679 2886 765 2932 πρὸς
784 2884 900 2931 Κήῦκα
917 2885 966 2922 εἷς
978 2888 1129 2934 Τραχῖνα
1145 2885 1241 2922 ἀπιέ-

187 2948 253 2969 ναι.
283 2934 375 2982 ἇγων
397 2936 434 2971 δὲ
458 2937 656 2984 Δηιάνειραν
674 2937 722 2973 εἷς
745 2939 898 2984 ποταμὸν
919 2941 1049 2984 Εὔηνον
1071 2937 1188 2984 ἦλθεν,
1208 2939 1245 2974 ἐν

187 2982 215 3034 ᾧ
247 2987 466 3034 καθεζόμενος
502 2989 644 3026 Νέσσος
674 2991 694 3024 ὁ
725 2991 916 3038 Κένταυρος
946 2991 1026 3028 τοὺς
1060 2995 1244 3039 παριόντας

187 3040 409 3087 διεπόρθμευε
437 3041 577 3087 μισθοῦ,
596 3042 710 3090 λέγων
726 3044 819 3090 παρὰ
848 3043 934 3079 θεῶν
951 3043 1075 3090 ταύτην
1097 3045 1159 3090 τὴν
1178 3059 1242 3080 πο-

186 3093 280 3139 ρείαν
308 3093 486 3140 εἰληφέναι
517 3095 573 3130 διὰ
603 3096 643 3130 τὸ
676 3096 804 3133 δίκαιος
831 3093 925 3132 εἶναι.
965 3098 1066 3134 αὐτὸς
1093 3098 1156 3144 μὲν
1185 3096 1245 3132 οὖν

185 3145 360 3193 Ἡρακλῆς
390 3148 450 3182 τὸν
479 3149 632 3193 ποταμὸν
663 3148 773 3194 διέβη·
817 3151 1015 3197 Δηιάνειραν
1044 3151 1082 3186 δὲ
1116 3150 1243 3196 μισθὸν

187 3199 333 3244 αἰτηθεὶς
352 3199 522 3247 ἐπέτρεψε
547 3201 678 3249 Νέσσῳ
703 3202 920 3247 διακομίζειν.
949 3205 968 3238 ὁ
988 3203 1024 3238 δὲ
1042 3202 1245 3250 πορθμεύων

187 3252 290 3297 αὐτὴν
308 3253 476 3300 ἐπεχείρει
492 3253 687 3297 βιάζεσθαι.
717 3256 777 3299 τῆς
796 3255 833 3290 δὲ
846 3255 1103 3303 ἀνακραγούσης
1120 3256 1242 3292 αι’σθό-

187 3320 286 3351 μενος
311 3305 495 3350 ἐξελθόντα
519 3306 663 3342 Νέσσον
688 3307 869 3351 ἐτόξευσεν
893 3308 941 3344 εἷς
964 3308 1026 3353 τὴν
1043 3309 1193 3354 καρδίαν·
1224 3312 1243 3345 ὁ

187 3358 224 3393 δὲ
237 3359 377 3404 μέλλων
394 3360 567 3399 τελευτᾶν,
587 3361 915 3406 προσκαλεσάμενος
940 3362 1150 3408 Δηιάνειραν,
1171 3359 1244 3398 εἷπε

187 3413 299 3458 τηρεῖν
314 3412 498 3454 λαβοῦσαν
516 3412 552 3447 ἐν
570 3413 698 3460 κόχλῳ,
719 3412 749 3447 εἷ
767 3412 866 3448 θέλοι
882 3414 970 3460 πρὸς
986 3413 1160 3460 Ἡρακλέα
1181 3416 1242 3462 φι-

187 3465 267 3499 λίαν
289 3464 392 3510 ἔχειν,
412 3466 472 3499 τόν
494 3479 531 3499 τε
559 3464 610 3500 ἷὸν
636 3465 747 3511 ἀφῆκε
774 3466 858 3500 κατὰ
885 3467 946 3511 τῆς
970 3468 1100 3513 κόχλου
1127 3467 1181 3502 καὶ
1204 3469 1243 3503 τὸ

187 3514 268 3564 ῥυὲν
285 3516 323 3551 ἐκ
340 3519 402 3552 τοῦ
419 3515 609 3564 τραύματος
632 3519 692 3562 τῆς
709 3518 824 3554 ἀκίδος
847 3515 930 3564 αἷμα
949 3519 1120 3564 συμμίξας
1139 3520 1241 3555 δέδω-

186 3578 256 3606 κεν·
298 3568 318 3614 ἡ
346 3570 383 3605 δὲ
410 3571 573 3613 λαβοῦσα
600 3569 773 3616 ἐφύλαττε
798 3570 877 3618 παρ’
907 3573 1020 3617 ἑαυτῇ.
1051 3573 1183 3616 διεξιὼν
1207 3573 1243 3608 δὲ

189 3623 364 3671 Ἡρακλῆς
394 3622 455 3667 τὴν
486 3624 651 3673 Δρυόπων
684 3624 814 3668 χώραν,
845 3625 899 3661 καὶ
930 3626 1064 3673 τροφῆς
1094 3626 1242 3674 ἀπορῶν,

1300 2043 1415 2091 ἕτερον
1432 2047 1500 2079 τῶν
1517 2041 1649 2090 ταύρων
1665 2039 1779 2079 λύσας
1802 2042 1856 2076 καὶ
1882 2041 2022 2089 σφάξας
2042 2040 2216 2086 εὐωχεῖτο.
2246 2040 2292 2077 ὣς
2315 2040 2352 2076 δᾶ

1299 2095 1376 2141 ἧκεν
1407 2096 1455 2133 εἷς
1485 2097 1634 2144 Τραχῖνα
1660 2096 1746 2142 πρὸς
1774 2093 1901 2139 Κὴῦκα,
1928 2092 2133 2139 ὑποδεχθεὶς
2163 2092 2218 2129 ὑπ’
2247 2093 2353 2128 αὐτοῦ

1299 2148 1458 2197 Δρύοπας
1476 2148 1764 2194 κατεπολέμησεν.
1793 2146 1889 2184 αὖθις
1906 2147 2032 2183 ἐκεῖθεν
2048 2145 2194 2195 Αῖγιμίῳ
2211 2145 2354 2190 βασιλεῖ

1300 2203 1519 2250 συνεμάχησε
1537 2202 1707 2248 Δωριέων.
1737 2200 1885 2236 Λαπίθαι
1901 2200 1969 2248 γὰρ
1985 2200 2064 2246 περὶ
2080 2200 2144 2247 γῆς
2162 2198 2252 2246 ὅρων
2267 2199 2354 2246 πρὸς

1297 2255 1400 2290 αὐτὸν
1413 2255 1615 2301 ἐπολέμουν,
1631 2255 1792 2302 Κορώνου
1807 2255 2094 2301 στρατηγοῦντος.
2122 2254 2142 2288 ὁ
2156 2252 2194 2288 δὲ
2206 2253 2352 2299 πολιορ·
2412 2282 2418 2297 ,

1297 2307 1459 2354 κούμενος
1483 2307 1716 2344 ἐπεκαλέσατο
1742 2306 1917 2354 Ἠρακλέα
1942 2305 2073 2352 βοηθὸν
2094 2305 2152 2342 ἐπὶ
2175 2305 2272 2354 μέρει
2292 2304 2354 2350 τῆς
2423 2318 2425 2321 ’

1296 2362 1372 2408 γῆς.
1411 2360 1590 2407 βοηθήσας
1618 2360 1656 2396 δὲ
1683 2360 1857 2408 Ἡρακλῆς
1884 2359 2057 2396 ἀπέκτεινε
2083 2361 2243 2407 Κόρωνον
2267 2355 2355 2404 per&
2419 2363 2422 2366 ”

1297 2415 1351 2449 καὶ
1378 2414 1509 2455 ἄλλων,
1538 2414 1593 2449 καὶ
1623 2413 1684 2459 τὴν
1709 2414 1774 2461 γῆν
1804 2413 1942 2449 ἅπασαν
1968 2411 2152 2460 ἐλευθέραν
2178 2410 2351 2456 ἐποίησεν·

1297 2466 1471 2502 ἀπέκτεινε
1498 2467 1535 2502 δὲ
1562 2467 1618 2502 καὶ
1645 2468 1802 2514 Λαγόραν
1827 2466 1912 2512 μετὰ
1938 2469 2007 2502 τῶν
2031 2465 2174 2507 παίδων,
2201 2462 2355 2508 βασιλέα

1298 2522 1476 2565 Δρυόπων,
1497 2520 1533 2555 ἐν
1560 2517 1782 2555 ’Λπόλλωνος
1804 2519 1946 2564 τεμένει,
1972 2518 2133 2554 Λαπιθῶν
2156 2515 2351 2564 σύμμαχον.

1297 2569 1464 2614 παριόντα
1491 2568 1528 2603 δὲ
1549 2567 1672 2604 '‘Iro->va
1697 2568 1745 2605 εἶς
1768 2567 1980 2615 μονομαχίαν
2001 2567 2228 2615 προῦκαλεῖτο
2255 2566 2356 2603 αὐτὸν
2411 2599 2414 2602 ,

1298 2619 1428 2657 Κύκνος
1452 2623 1471 2656 ὁ
1488 2619 1615 2668 ''Apsos-
1639 2622 1693 2656 καὶ
1716 2621 1904 2658 Πελοπίας·
1936 2621 2070 2657 συστὰς
2092 2620 2131 2656 δὲ
2157 2620 2213 2656 καὶ
2235 2621 2356 2655 τοῦτον
2418 2653 2422 2660 ,

1295 2672 1504 2709 ἀπέκτεινεν.
1534 2675 1579 2710 ὡς
1598 2674 1635 2709 δὲ
1654 2674 1702 2711 εἷς
1718 2673 1897 2721 Ὀρμένιον
1913 2672 2004 2719 ἧκεν,
2023 2671 2200 2721 Ἀμύντωρ
2217 2672 2319 2708 αὐτὸν
2334 2673 2355 2708 ὅ

1295 2726 1467 2768 βασιλεὺς
1485 2726 1545 2762 οὐκ
1565 2724 1660 2762 εἴασε
1677 2726 1751 2772 μεθ’
1771 2727 1889 2763 ὅπλων
1905 2726 2072 2774 παριέναι,
2087 2727 2301 2772 κωλυόμενος
2318 2725 2357 2761 δὲ

1295 2778 1481 2826 παρελθεῖν
1495 2781 1549 2814 καὶ
1567 2782 1688 2814 τοῦτον
1701 2779 1905 2816 ἀπέκτεινεν.
1934 2780 2141 2826 ἀφικόμενος
2153 2778 2192 2814 δὲ
2204 2777 2254 2815 εἷς
2265 2783 2354 2826 Τρα-

1295 2833 1375 2877 χῖνα
1395 2833 1559 2879 στρατιὰν
1574 2832 1625 2868 ἐπ’
1643 2833 1811 2879 Οἰχαλίαν
1825 2831 2064 2880 συνήθροισεν,
2084 2833 2238 2879 Εὔρυτον
2249 2844 2353 2877 τιμω-

1295 2882 1472 2931 ρήσασθαι
1498 2885 1621 2920 θέλων.
1652 2884 1924 2932 συμμαχούντων
1945 2885 1974 2920 δ’
2000 2883 2173 2932 Ἀρκάδων
2189 2883 2280 2933 αύτῷ
2300 2883 2356 2920 nal

1297 2937 1459 2981 Μηλιέων
1485 2941 1553 2972 τῶν
1584 2937 1621 2973 ἐκ
1658 2940 1825 2986 Τραχῖνος
1851 2939 1906 2974 καὶ
1937 2941 2076 2985 Λοκρῶν
2100 2940 2169 2972 τῶν
2193 2935 2352 2982 'En-tm·

1296 2989 1429 3035 μιδίων,
1458 2991 1587 3027 κτείνας
1618 2992 1704 3037 μετὰ
1734 2995 1802 3026 τῶν
1827 2991 1957 3027 παίδων
1983 2992 2147 3037 Εὔρυτον,
2176 2990 2265 3037 αἱρεῖ
2292 2988 2355 3035 τὴν

1296 3043 1412 3083 πόλιν,
1432 3043 1487 3078 καὶ
1512 3043 1629 3089 θάψας
1653 3047 1720 3079 τῶν
1739 3044 1805 3079 σὺν
1828 3043 1919 3092 αὐτῷ
1947 3042 2252 3091 στρατευσαμένων
2273 3041 2351 3080 τοὺς

1297 3094 1538 3135 ἀποθανόντας,
1561 3095 1735 3132 Ἵππασον
1765 3098 1825 3132 τὸν
1856 3095 1999 3142 Κῆῦκος,
2031 3096 2087 3131 καὶ
2115 3095 2272 3143 Ἀργεῖον
2297 3095 2353 3132 ml

1296 3148 1451 3188 Μέλανα,
1481 3148 1560 3184 τοὺς
1588 3149 1772 3195 Λικυμνίου
1798 3149 1932 3190 παῖδας,
1960 3149 2015 3184 καὶ
2046 3146 2352 3198 λαφυραγωγήσας

1295 3201 1355 3246 τὴν
1371 3202 1486 3241 πόλιν,
1506 3199 1588 3248 ἦγεν
1608 3201 1722 3247 Ἰόλην
1739 3202 1970 3248 αἰχμάλωτον.
2000 3201 2055 3236 καὶ
2077 3200 2351 3248 προσορμισθεὶς
2404 3238 2408 3241 ,

1295 3254 1428 3302 Κηναίῳ
1447 3255 1506 3298 τῆς
1521 3254 1671 3297 Εὖβοίας
1684 3254 1880 3302 ἀκρωτηρίῳ
1894 3255 1976 3290 Διὸς
1989 3253 2136 3298 Κηναίου
2151 3254 2242 3301 ἱερὸν
2255 3251 2348 3301 ἱδρύ-
2379 3281 2383 3284 -
2411 3264 2414 3266 '

1296 3321 1396 3341 σατο.
1435 3307 1574 3351 μέλλων
1602 3307 1640 3342 δὲ
1671 3308 1858 3355 ἱερουργεῖν
1880 3305 2007 3353 κήρυκα
2029 3306 2167 3353 ἔπεμψε
2189 3306 2350 3354 λαμπρὰν

1295 3358 1425 3404 ἐσθῆτα
1451 3357 1604 3394 οἴσοντα.
1647 3360 1741 3407 παρὰ
1766 3358 1890 3395 τούτου
1916 3359 1954 3395 δὲ
1976 3359 2018 3394 τὰ
2044 3360 2123 3406 περὶ
2149 3358 2211 3404 τὴν
2236 3358 2350 3404 Ἰόλην

1296 3413 1475 3458 Δηιάνειρα
1491 3412 1675 3458 πυθομένη,
1695 3413 1750 3448 καὶ
1767 3412 1916 3448 δείσασα
1931 3411 1977 3458 μὴ
1995 3412 2101 3447 πάλιν
2118 3411 2246 3456 ε’κείνην
2262 3411 2347 3459 ἀγα·

1294 3463 1402 3509 πὴσῃ,
1423 3464 1598 3509 νομίσασα
1614 3466 1656 3510 τῇ
1680 3465 1823 3511 ἀληθείᾳ
1845 3464 1996 3511 φίλτρον
2013 3460 2096 3499 εἶναι
2113 3465 2154 3500 τὸ
2170 3463 2251 3512 ῥυὲν
2266 3460 2347 3511 αἷμα
2395 3485 2399 3492 -

1294 3517 1449 3556 Νέσσου.
1466 3515 1576 3565 τούτῳ
1594 3518 1654 3553 τὸν
1665 3521 1793 3564 χιτῶνα
1810 3518 1961 3564 ἔχρισεν.
1990 3517 2036 3553 ὣς
2053 3517 2090 3552 δὲ
2105 3515 2346 3564 θερμανθέντος

1293 3571 1354 3604 τοῦ
1380 3572 1525 3615 χιτῶνος
1547 3573 1566 3604 ὁ
1590 3570 1641 3606 ἷὸς
1667 3571 1727 3615 τῆς
1753 3568 1857 3615 ὕδρας
1882 3567 2035 3615 ἧσθίετο,
2064 3570 2124 3605 τὸν
2149 3570 2212 3616 μὲν
2237 3569 2348 3616 Λίχαν
2413 3586 2416 3592 ·

1295 3622 1492 3665 κατέβαλεν,
1512 3621 1561 3660 εἷς
1583 3624 1732 3670 Τραχῖνα
1755 3623 1794 3660 δὲ
1817 3622 1873 3660 ἐπὶ
1897 3623 1978 3661 νεὼς
2001 3622 2184 3670 κομίζεται.
2238 3622 2343 3670 Aqui·
2407 3645 2410 3650 ·
