2488 3860
1074 279 1355 324 ΟΡΝῙΘΕΣ.

2213 272 2296 318 519

282 375 333 414 ὅδ’
349 375 393 415 αὖ
407 379 584 427 μινυρίζων
600 380 700 428 δεῦρό
715 396 766 420 τις
783 381 1022 431 προσέρχεται.
1361 378 1435 418 οἷσί
1451 395 1494 416 σε
1509 377 1644 424 ποιήσω
1661 376 1804 425 τήμερον
1819 378 2010 423 βεμβικιᾶν.
2218 379 2292 419 ⁸4⁶5

179 433 246 466 ΣΥ.
283 431 503 479 τανυσίπτερε
518 433 655 468 ποικίλα
670 435 750 479 μάλ’
768 434 874 472 αὖθις.
1136 450 1215 484 ¹415
1258 440 1324 471 ΣΥ.
1365 431 1454 480 οἴμοι
1470 434 1586 471 τάλας.

179 487 254 519 ΠΕ.
287 483 323 521 ἐς
340 482 510 529 θοίμάτιον
526 486 565 520 τὸ
584 487 724 522 σκόλιον
740 486 831 534 ᾅδειν
847 503 905 534 μοι
922 490 1023 530 δοκεῖ,
1258 493 1334 525 ΠΕ.
1594 484 1634 519 οὐ
1650 485 1838 530 πτερυγιεῖς
1856 481 2020 519 ἐντευθενί
2033 494 2042 522 ;

285 535 417 572 δεῖσθαι
435 537 464 572 δ’
482 537 587 574 ἔοικεν
603 538 663 573 οὐκ
681 539 808 584 ὀλίγων
823 542 1019 586 χελιδόνων.
1361 539 1422 574 οὔκ
1438 537 1669 580 ἀπολιβάξεις.
1689 535 1716 571 ὦ
1733 534 1861 571 κάκιστ’
1880 533 2128 578 ἀπολούμενος;

179 592 246 624 ΣΥ.
285 588 337 625 τίς
353 591 373 624 ὁ
389 592 519 636 πτερῶν
536 589 623 636 δεῦρ’
643 591 718 626 ἐστὶ
735 592 813 630 τοὺς
830 593 1111 639 ἀφικνουμένους,
1101 607 1111 616 ·
1361 591 1482 638 πικρὰν
1498 589 1573 635 τάχ’
1591 588 1675 634 ὄψει
1693 586 2120 634 στρεψοδικοπανουργίαν.

179 645 254 675 ΠΕ.
287 641 340 676 ὁδὶ
356 641 530 688 πάρεστιν·
559 642 639 678 ἀλλ’
658 643 738 678 ὅτου
755 645 807 680 δεῖ
821 645 888 692 χρὴ
906 646 1032 690 λέγειν.
1361 643 1510 688 ἀπίωμεν
1526 641 1618 686 ἡμεῖς
1636 640 1866 684 ξυλλαβόντες
1884 640 1927 674 τὰ
1942 640 2060 685 πτερά.

179 696 252 728 ΣΥ.
290 697 420 741 πτερῶν
435 697 566 740 πτερῶν
583 695 644 730 δεῖ·
672 695 717 740 μὴ
735 696 823 741 πύθῃ
841 699 880 733 τὸ
898 697 1062 746 δεύτερον.
1137 712 1216 744 1420
1259 703 1331 734 XO.
1359 696 1476 732 πολλὰ
1493 694 1533 739 δὴ
1552 694 1606 730 καὶ
1622 693 1717 729 καινὰ
1730 692 1784 728 καὶ
1802 691 1883 728 θαυ-
2103 703 2179 737 στρ.
2215 698 2294 732 1470

179 749 254 781 ΠΕ.
281 749 352 791 μῶν
368 746 448 781 ευθὺ
465 745 642 791 Πελλήνης
657 749 819 784 πέτεσθαι
837 750 984 786 διανοεῖ·
974 777 984 794 ,
1361 747 1462 794 μάστ’
1482 745 1729 790 ἐπεπτόμεσθα,
1749 745 1804 781 Καὶ

180 802 248 833 ΣΥ.
285 812 332 843 μα
349 797 418 839 Δί’,
436 799 529 834 ἀλλὰ
546 799 672 846 κλητήρ
690 800 756 846 εἶμι
774 804 968 846 νησιωτικὸς
1362 801 1453 837 δεινὰ
1468 797 1635 847 πράγματ’
1654 795 1797 842 εἴδομεν.

282 850 336 885 καὶ
354 852 578 896 συκοφάντης,
658 858 731 887 ΠΕ.
761 853 787 888 ὦ
804 855 942 901 μακάριε
958 857 1018 900 τῆς
1033 856 1164 902 τέχνης.
1361 854 1438 889 ἔστι
1453 853 1520 900 γὰρ
1537 851 1674 898 δένδρον
1690 849 1842 895 πεφυκὸς

180 906 246 938 ΣΥ.
285 903 340 937 και
355 904 646 950 πραγματοδίφης.
676 902 747 941 εἶτα
764 906 879 951 δέομαι
896 909 1001 954 πτερὰ
1018 909 1136 952 λαβὼν
1361 906 1501 943 ἔκτοπόν
1517 918 1562 944 τι,
1582 903 1717 949 καρδίας
1734 902 1772 936 ἀ-

283 953 394 1003 κύκλῳ
411 958 609 1002 περισοβεῖν
625 957 684 994 τὰς
700 960 818 995 πόλεις
834 958 1049 1005 καλούμενος.
1137 972 1214 1007 14²5
1360 957 1511 1004 πωτέρω,
1531 957 1742 1000 Κλεώνυμος,
2217 960 2293 994 ¹475

179 1012 254 1043 HE.
282 1008 347 1042 ὑπὸ
363 1007 550 1072 πτερύγων,
553 1009 588 1043 τί
602 1012 793 1056 προσκαλεῖ
809 1012 1036 1059 σοφώτερωνς
1360 1010 1530 1058 χρήσιμον
1546 1008 1607 1054 μὲν
1623 1007 1732 1047 οὕδὲν,
1751 1006 1812 1041 ὄλ·

180 1065 244 1096 ΣΥ.
283 1060 330 1105 μὰ
348 1060 404 1095 Δί’
407 1087 418 1100 ,
437 1059 550 1095 ἀλλ”
535 1061 574 1096 ιν’
593 1063 625 1096 οἱ
642 1063 770 1106 λῃσταί
785 1078 826 1109 γε
842 1063 886 1108 μὴ
904 1066 1041 1101 λυπῶσί
1056 1081 1109 1111 με,
1358 1067 1430 1100 λως
1447 1063 1484 1098 δὲ
1501 1062 1614 1098 δειλὸν
1630 1061 1682 1096 καὶ
1700 1059 1798 1106 μέγα.

282 1113 366 1157 μετὰ
383 1117 450 1148 τῶν
465 1114 613 1160 γεράνων
629 1114 659 1149 τ’
679 1114 802 1150 ἐκεῖθεν
819 1115 980 1163 ἀναχωρῶ
997 1119 1111 1158 πάλιν,
1360 1118 1460 1152 τοῦτο
1477 1117 1537 1150 τοῦ
1554 1113 1615 1159 μὲν
1631 1111 1711 1159 ἦρος
1727 1112 1779 1147 ἀεὶ

283 1164 358 1199 ἀνθ’
377 1164 518 1212 ἕρματος
534 1167 667 1203 πολλὰς
685 1169 927 1204 καταπεπωκὼς
944 1169 1046 1207 δίκας.
1361 1168 1548 1212 βλαστάνει
1566 1166 1620 1202 καὶ
1637 1164 1857 1210 συκοφαντεῖ.

180 1222 254 1252 ΠΕ.
282 1218 375 1252 τουτὶ
391 1218 458 1264 γὰρ
475 1218 605 1264 ἐργάζει
624 1219 669 1254 σὺ
686 1221 848 1266 τοῦργον;
878 1220 951 1256 εἶπέ
966 1236 1035 1266 μοι,
1138 1237 1216 1268 ¹430
1361 1223 1422 1256 τοῦ
1439 1220 1476 1255 δὲ
1493 1221 1656 1265 χειμῶνος
1671 1218 1776 1252 πάλιν
1792 1217 1852 1253 τὰς
2214 1215 2294 1255 1480

282 1269 409 1306 νεανίας
426 1269 472 1304 ὣν
489 1272 712 1316 συκοφαντεῖς
728 1272 807 1308 τοὺς
823 1272 959 1316 §funus-3
1363 1273 1511 1309 ἀσπίδας
1527 1271 1752 1317 φυλλορροεῖ.

179 1327 244 1356 ΣΥ.
282 1322 317 1356 τί
331 1322 397 1369 γὰρ
413 1322 531 1362 πάθω,
522 1335 530 1343 ·
561 1324 721 1359 σκάπτειν
736 1324 802 1370 γὰρ
820 1325 879 1359 οὐκ
898 1326 1087 1373 ἐπίσταμαι.
1362 1327 1438 1361 ἔστι
1456 1325 1484 1360 δ’
1504 1323 1546 1359 αὖ
1562 1324 1657 1370 χώρα
1674 1323 1758 1368 πρὸς
1775 1321 1863 1368 αὐτῷ
2220 1314 2292 1351 ἅντ-

180 1379 253 1409 ΠΕ.
282 1374 360 1409 ἀλλ’
379 1375 474 1410 ἔστιν
490 1375 587 1421 ἕτερα
604 1376 642 1420 νὴ
661 1375 716 1411 Δί’
725 1391 817 1437 ἐργα
835 1379 1010 1424 σώφρονα,
1362 1381 1409 1427 τῷ
1428 1380 1539 1425 σκότῳ
1554 1378 1669 1422 πόρρω
1687 1389 1737 1413 τις
1755 1374 1791 1408 ἐν

283 1426 344 1472 ἀφ’
363 1426 409 1461 ὧν
425 1427 539 1471 διαζῆν
555 1427 659 1474 ἄνδρα
675 1430 762 1474 χρῆν
778 1431 956 1465 τοσουτονὶ
1362 1435 1404 1476 τῇ
1420 1429 1555 1476 λύχνων
1572 1427 1701 1475 ἐρημίᾳ,

284 1479 322 1513 έκ
339 1481 399 1513 τοῦ
416 1479 543 1515 δικαίου
559 1480 729 1524 μᾶλλον
711 1496 731 1524 η
751 1482 978 1528 δικορραφεῖν.
1140 1497 1217 1531 1435
1362 1484 1440 1520 ἔνθα
1457 1485 1527 1518 τοῖς
1543 1481 1671 1527 ἥρωσιν
1688 1478 1815 1525 ἅνθρω·
2217 1477 2293 1517 1485

182 1537 246 1567 ΣΥ.
287 1530 314 1565 ὦ
331 1532 489 1576 δαιμόνιε,
508 1532 553 1576 μὴ
572 1532 717 1567 νουθέτει
734 1532 781 1578 μ’,
801 1533 892 1569 ἀλλὰ
908 1537 1045 1583 πτέρου.
1360 1551 1419 1573 ποι
1437 1536 1664 1581 ξυναριστῶσι
1682 1533 1735 1566 καὶ
1753 1530 1831 1574 ξύν·

180 1590 255 1619 ΠΕ.
284 1586 342 1619 νῦν
357 1598 410 1619 τοι
428 1584 538 1631 λέγων
554 1589 665 1632 πτερῶ
684 1600 737 1621 σε.
1362 1603 1442 1628 εισι,
1460 1587 1551 1631 πλὴν
1566 1588 1626 1630 τῆς
1644 1584 1799 1630 ἑσπέρας.

181 1642 247 1672 ΣΥ.
751 1639 803 1675 καὶ
820 1642 891 1676 πῶς
908 1640 948 1676 ἂν
964 1643 1081 1689 λόγοις
1361 1643 1536 1686 τηνικαῦτα
1554 1638 1582 1673 δ’
1601 1635 1707 1672 οὐκέτ’
1724 1634 1764 1679 ἦν

285 1688 389 1736 ἄνδρα
405 1690 612 1736 πτερώσειας
629 1689 698 1725 σύ·
689 1717 698 1731 ,
1362 1693 1520 1740 ἀσφαλὲς
1537 1690 1786 1736 ξυντυγχάνειν.

181 1746 256 1777 ΠΕ.
729 1744 849 1781 πάντες
866 1748 936 1783 τοῖς
951 1748 1068 1794 λόγοις
1361 1747 1391 1782 εἶ
1406 1746 1473 1793 γὰρ
1490 1742 1622 1789 ἐντύχοι
1639 1756 1690 1778 τις
1706 1741 1775 1787 ἥρῳ
2216 1748 2296 1779 ¹490

286 1794 555 1842 ἀναπτεροῦνται.
662 1801 727 1832 ΣΥ.
755 1797 898 1838 πάντες;
1361 1802 1427 1834 τῶν
1442 1799 1575 1864 βροτῶν
1593 1793 1719 1840 νύκτωρ
1736 1791 1894 1839 Ὀρεστῃ,

181 1852 256 1883 ΠΕ.
1360 1851 1484 1898 γυμνὸς
1500 1848 1541 1893 ἦν
1557 1846 1731 1892 πληγεὶς“
1715 1844 1770 1881 υπ’
1790 1844 1891 1881 αὐτοῦ

285 1898 365 1935 ὅταν
380 1898 529 1947 λέγωσιν
546 1901 579 1935 οἷ
595 1902 735 1948 πατέρες
751 1903 912 1938 ’ἑκάστοτε
1361 1905 1469 1940 πάντα
1485 1900 1670 1944 τάπιδέξια.

287 1954 355 1987 τοῖς
371 1952 551 1996 μειρακίοις
569 1953 604 1988 ἐν
621 1956 712 1988 τοῖσι
730 1955 891 2000 κουρείοις
908 1956 994 1991 ταδί·
1259 1962 1330 1993 ΠΡ.
1363 1953 1452 2001 οἶμοι
1469 1955 1585 1994 τάλας,
1604 1954 1623 1987 ὃ
1641 1950 1721 1988 Ζεὺς
1738 1949 1828 1987 ὅπως
1844 1946 1889 1994 μή
1907 1946 1940 1992 μ’
1959 1945 2094 1993 ὄψεται·

288 2003 400 2040 δεινῶς
417 2003 458 2048 γέ
473 2017 538 2047 μου
555 2004 594 2038 τὸ
610 2005 780 2050 μειράκιον
797 2006 980 2052 Διιτρέφης
1362 2010 1428 2044 ποῦ
1446 2005 1685 2052 Πεισθέταιρός
1703 2005 1796 2040 ἐστιν
1811 2016 1820 2044 ;
2215 2009 2296 2045 1495

186 2948 260 2979 Ξ

185 3104 260 3395 Ξὲἕὲἒ

187 3519 263 3602 ,ἓν

251 2603 261 2613 .
289 2579 323 2614 τί
340 2579 393 2613 δαὶ
410 2578 584 2624 ποιήσεις;

286 2054 397 2101 λέγων
413 2055 638 2102 ἀνεπτέρωκεν
655 2056 743 2091 ὥσθ’
763 2058 971 2102 ἱππηλατεῖν.

287 2109 307 2142 ὁ
325 2107 363 2142 δέ
379 2121 429 2143 τις
445 2108 504 2142 τὸν
519 2108 621 2143 αὑτοῦ
638 2108 748 2154 φησιν
765 2110 819 2145 ε’πὶ
836 2110 1003 2158 τραγῳδίᾳ

287 2159 537 2206 ἀνεπτερῶσθαι
554 2161 607 2196 καὶ
623 2161 836 2206 πεποτῆσθαι
853 2163 912 2199 τὰς
929 2164 1064 2211 φρένας.

286 2212 426 2259 λόγοισί
441 2212 525 2260 τᾶρα
542 2213 595 2249 καὶ
612 2215 809 2260 πτεροῦνται
823 2228 832 2255 3

827 2266 911 2313 φήμ’
940 2268 950 2280 ’
971 2270 1009 2303 ώ-

286 2316 352 2352 ὗπὸ
367 2317 434 2364 γὰρ
450 2319 564 2364 λόγων
581 2319 600 2353 ὁ
617 2320 694 2355 νοῦς
710 2333 747 2355 τε
763 2283 992 2367 μετεωρίζεῖζιι

288 2369 457 2416 ἐπαίρεταί
473 2370 502 2404 τ’
520 2370 705 2417 ἅνθρωπος.
732 2370 819 2406 οὕτω
837 2374 892 2409 καί
909 2373 943 2409 ‹r'
962 2375 1029 2420 ε’γὼ

287 2421 524 2468 ἀναπτερώσας
539 2422 708 2469 βούλομαι
724 2427 888 2471 χρηστοῖς
904 2427 1021 2471 λόγοις

286 2474 413 2520 τρέψαι
429 2476 514 2521 πρὸς
531 2476 630 2522 ἔργον
647 2478 796 2522 νόμιμον.

1259 1962 1335 2096 55

1144 2175 1221 2210 1445
1262 2170 1331 2201 ΠΡ.

1262 2379 1335 2411 ΠΕ.

1262 2485 1336 2514 ῙῙΕ.

1262 2537 1333 2566 IIP.

1142 2492 1222 2526 1450

836 2529 914 2564 ἀλλ’
932 2531 971 2565 οὐ
987 2529 1168 2578 βούλομαι.

613 2634 652 2668 τὸ
670 2634 765 2680 γένος
783 2634 823 2668 οὗ
841 2639 1064 2681 καταισχυνῶ.

287 2687 448 2732 παππῷος
466 2686 484 2719 ὁ
501 2685 579 2726 βίος
595 2686 819 2731 συκοφαντεῖν
836 2687 913 2721 ε’στί
927 2702 997 2731 μοι.

287 2735 379 2770 ἀλλὰ
395 2736 520 2782 πτέρου
536 2751 579 2782 με
595 2737 717 2782 ταχέσι
734 2738 788 2772 καὶ
805 2737 946 2783 κούφοις
961 2742 1096 2787 πτεροῖς

289 2787 428 2833 ἱέρακος,
447 2787 467 2833 ἢ
485 2790 677 2835 κερχνῇδος,
696 2790 741 2826 ὣς
758 2790 798 2824 ἂν
814 2790 893 2826 τοὺς
909 2791 1025 2834 ξένους

288 2841 527 2885 καλεσάμενος,
546 2837 618 2886 κᾷτ’
638 2841 842 2888 ἐγκεκληκὼς
860 2842 982 2883 ἐνθαδὶ,

1265 2693 1337 2722 [ΙΕ.

1263 2745 1337 2776 11E.

1263 2797 1335 2827 IIP.

939 1851 1000 1886 οὐκ
1016 1850 1169 1898 ἀκήκοας,
1236 1325 1249 1851 x

1139 1919 1218 1950 ,440

1143 2860 1156 2882 1

288 2888 357 2938 κᾷτ’
377 2891 418 2927 αὖ
434 2892 583 2938 πέτωμαι
599 2894 703 2929 πάλιν
721 2894 841 2929 ἐκεῖσε.
1160 2858 1220 2891 4⁵⁵

879 2947 1045 2992 μανθάνω.

288 2996 349 3032 ὧδὶ
365 2996 488 3043 λέγεις’
518 2996 608 3033 ὅπως
625 2997 665 3032 ἂν
682 2997 825 3044 ὠφλήκῃ
843 2999 935 3044 δίκην

288 3048 405 3083 ἐνθάδε
421 3049 500 3095 πρὶν
516 3048 606 3094 ἥκειν
622 3052 642 3084 ὁ
659 3049 765 3094 ξένος.
1265 3058 1339 3088 ΠΕ.

767 3103 853 3139 πάνυ
869 3103 1055 3147 μανθάνεις.

253 3178 261 3187 .
289 3151 421 3188 κᾶπειθ’
439 3154 459 3187 ὁ
475 3153 536 3198 μὲν
552 3154 634 3189 πλεῖ
650 3154 760 3200 δεῦρο,
781 3154 826 3189 σὺ
843 3153 871 3189 δ’
891 3155 991 3191 ἐκεῖσ’
1010 3156 1052 3192 αὖ
1067 3157 1160 3193 πέτει

288 3207 522 3251 ἁρπασόμενος
538 3206 580 3240 τὰ
596 3204 737 3252 χρήματ’
756 3207 871 3242 αὐτοῦ.
1140 3213 1242 3254 1460
1265 3215 1337 3244 ΠΡ.

869 3259 964 3294 πάντ’
982 3261 1080 3306 ἔχεις.
1240 3255 1243 3328 ἱ
1265 3267 1336 3296 ΠΡ.

287 3308 452 3354 βέμβικος
468 3308 566 3345 οῦδὲν
582 3308 754 3356 διαφέρειν
771 3310 832 3345 δεῖ.

875 3363 1028 3407 μανθάνω

287 3412 446 3458 βέμβικα·
475 3413 530 3448 καῖ
545 3413 610 3458 μὴν
627 3414 702 3448 ἔστι
719 3428 776 3458 μοι
794 3414 832 3458 νὴ
850 3415 909 3449 τὸν
926 3415 990 3450 Δία

289 3465 458 3505 κάλλιστα
475 3467 663 3513 Κορκυραῖα
680 3466 807 3500 τοιαυτὶ
823 3467 940 3513 πτερά.

1266 3319 1336 3347 IIP.

242 3540 254 3551 .
293 3514 382 3561 οἴμοι
398 3518 514 3554 τάλας·
542 3516 678 3564 μάστιγ’
697 3518 797 3563 ἔχεις.

827 3570 938 3616 πτερὼ
953 3570 1014 3615 μέν
1030 3569 1100 3611 οὖν,

1329 2661 1338 2670 .
1367 2633 1487 2679 οἴμωζε
1503 2631 1635 2680 μεγάλ’.

1826 2056 1875 2095 ἕα,
1894 2054 1987 2091 τουτὶ
2004 2054 2039 2090 τί
2053 2052 2115 2098 ἦν;

1364 2111 1415 2149 τίς
1432 2111 1664 2159 οὑγκαλυμμός
1677 2122 1686 2149 ;

1692 2163 1758 2196 τῶν
1774 2160 1858 2196 θεῶν
1874 2160 1952 2206 ὁρᾷς
1969 2173 2041 2194 τινα

1365 2217 1446 2262 ε’μοῦ
1463 2217 1600 2252 κατόπιν
1617 2213 1777 2253 ἐνταῦθας

1789 2265 1836 2310 μὰ
1854 2263 1909 2299 Δί’
1928 2264 1994 2311 ἐγὼ
2009 2263 2070 2308 μὲν
2086 2263 2139 2298 οὔ.

1679 2323 1749 2353 ΠΡ.
1769 2316 1876 2362 πηνίκ’
1888 2317 1981 2352 ἐστὶν
1997 2316 2062 2362 ὅρα
2077 2316 2136 2360 τῆς
2153 2312 2290 2361 ἧμέρας;

1365 2374 1525 2418 ὁπηνίκα;
1555 2372 1696 2417 σμικρόν
1714 2384 1746 2404 τι
1762 2370 1845 2414 μετὰ
1861 2368 2086 2415 μεσημβρίαν.

1364 2427 1456 2461 ἀλλὰ
1473 2425 1519 2460 σὺ
1535 2426 1585 2461 τίς
1605 2421 1655 2463 εἴ;
1755 2427 1826 2457 ΠΡ.
1854 2422 2031 2464 βουλυτὸς,
2049 2419 2070 2466 ἦ
2087 2418 2269 2466 περαιτέρω
2283 2430 2291 2458 ;

1364 2476 1429 2523 οἴμ’
1449 2478 1493 2514 ὧς
1509 2475 1736 2520 βδελύττομαί
1753 2489 1807 2509 σε.
2215 2485 2290 2516 1501

1849 2526 1882 2561 τί
1898 2526 1963 2572 γὰρ
1982 2528 2001 2560 ὁ
2020 2524 2100 2561 Ζεὺς
2117 2526 2230 2566 ποιεῖς

1365 2582 1570 2628 ἀπαιθριάζει
1587 2581 1646 2616 τὰς
1663 2579 1824 2624 νεφέλας,
1842 2577 1863 2623 ἢ
1881 2578 2059 2623 ξυννεφεῖ;

1689 2637 1760 2666 ΠΡ.
1780 2629 1867 2665 οὕτω
1883 2630 1944 2675 μὲν
1961 2628 2243 2676 ἐκκεκαλύψομαι.

1367 2686 1393 2721 ὦ
1410 2687 1494 2732 φίλε
1511 2683 1700 2731 Προμηθεῦ.
1755 2688 1826 2718 ΠΡ.
1854 2684 1938 2718 παῦε
1954 2684 2050 2721 παῦε,
2069 2681 2114 2727 μὴ
2131 2683 2208 2724 βόα.

1371 2739 1405 2774 τί
1420 2739 1485 2785 γὰρ
1502 2738 1597 2776 ἕστι;
2219 2744 2294 2778 1505

1630 2788 1721 2834 σίγα,
1740 2787 1785 2832 μὴ
1803 2787 1897 2822 κάλει
1913 2801 1978 2831 μου
1994 2788 2149 2831 τοῦνομα·

1367 2843 1432 2878 ἀπὸ
1448 2842 1514 2889 γὰρ
1531 2842 1606 2876 ὀλεῖ
1621 2840 1667 2885 μ’,
1687 2837 1719 2874 εἴ
1732 2839 1766 2884 μ’
1785 2838 1893 2874 ἐνθάδ’
1911 2841 1930 2874 ὁ
1948 2838 2029 2875 Ζεὺς
2045 2838 2180 2885 ὄψεται.

1367 2894 1445 2930 ἀλλ’
1463 2892 1516 2929 ἵνα
1533 2894 1658 2940 φράσω
1677 2906 1734 2927 σοι
1750 2892 1858 2927 πάντα
1874 2890 1960 2926 τᾶνω
1977 2892 2165 2938 πράγματα,

1367 2946 1460 2982 τουτὶ
1475 2946 1593 2988 λαβών
1608 2958 1674 2990 μου
1690 2944 1729 2978 τὸ
1747 2943 1916 2979 σκιάδειον
1931 2943 2074 2989 ὑπέρεχε

1367 2998 1502 3038 ἄνωθεν,
1521 2998 1566 3034 ὣς
1583 2997 1623 3032 ἂν
1638 2995 1683 3042 μή
1699 2995 1734 3041 μ’
1752 2998 1878 3043 ὁρῶσιν
1895 2996 1927 3031 οἱ
1945 2995 2028 3031 θεοί.

1368 3051 1420 3086 ἶοῦ
1438 3049 1501 3085 ἰού.

1368 3102 1404 3138 εὖ
1420 3102 1452 3149 γ’
1471 3102 1653 3146 ἐπενόησας
1670 3101 1752 3136 αὐτὸ
1769 3101 1822 3136 καὶ
1838 3099 2060 3147 προμηθικῶς.

1367 3154 1508 3191 ὑπόδυθι
1524 3154 1611 3199 ταχὺ
1627 3153 1680 3198 δὴ,
1700 3150 1781 3199 κᾷτα
1799 3151 1968 3199 θαρρήσας
1984 3152 2078 3199 λέγε.

1365 3207 1464 3242 ἄκουε
1481 3205 1521 3250 δή
1539 3220 1608 3241 νυν.
1662 3211 1737 3241 ΠΕ.
1767 3205 1811 3241 ὣς
1827 3203 2005 3240 ἀκούοντος
2021 3204 2115 3250 λέγε.

1364 3260 1541 3295 ἀπόλωλεν
1558 3259 1577 3292 ὁ
1595 3256 1687 3294 Ζεύς.
1741 3263 1815 3292 ΠΕ.
1843 3255 1950 3301 πηνίκ’
1968 3255 2037 3291 ἅττ’
2056 3256 2231 3294 ἀπώλετο;

1365 3311 1403 3354 ἐξ
1420 3309 1524 3357 οὗπερ
1540 3310 1632 3354 ὑμεῖς
1649 3309 1793 3358 ᾠκίσατε
1809 3309 1867 3343 τὸν
1884 3307 1975 3354 ἀέρα.
2219 3318 2295 3350 1515

1370 3361 1443 3398 θύει
1458 3362 1525 3408 γὰρ
1541 3362 1650 3397 οὐδεὶς
1667 3361 1763 3396 οῦδὲν
1779 3360 1961 3407 ἀνθρώπων
1977 3360 2026 3393 ἔτι

1368 3415 1508 3452 θεοῖσιν,
1526 3413 1604 3448 οὐδὲ
1621 3415 1719 3448 κνῖσα
1735 3413 1860 3459 μηρίων
1876 3411 1942 3446 ἄπο

1368 3464 1511 3509 ἀνῆλθεν
1527 3465 1572 3500 ὥς
1587 3464 1672 3509 ἡμᾶς
1688 3464 1744 3500 ἀπ’
1764 3464 1887 3498 ἐκείνου
1904 3466 1964 3498 τοῦ
1982 3464 2116 3509 χρόνου,

1368 3516 1445 3552 ἀλλ’
1465 3517 1610 3562 ὡσπερεὶ
1627 3516 1879 3561 θεσμοφορίοις
1896 3514 2096 3560 νηστεύομεν

1368 3569 1446 3603 ἄνευ
1463 3567 1607 3612 θυηλῶν·
1635 3569 1666 3602 οἱ
1684 3568 1720 3602 δὲ
1737 3569 1906 3614 βάρβαροι
1924 3566 1991 3600 θεοὶ

1363 2318 1595 2360 τίςδεῖσύ;

2219 3058 2298 3090 1510

2219 3575 2297 3609 1520
