2488 3860
239 274 319 315 5424

1090 278 1547 319 ΑΡΙΣΤΟΦΑΝΟΤΣ

240 378 303 407 ΧΥ.
323 379 361 408 Ζ.
391 376 496 411 κακῶς
513 374 657 410 ἀπόλοι’·
688 376 732 412 ὡς
749 376 914 424 φθονερὸς
930 375 966 415 εἷ
980 379 1031 414 καὶ
1049 378 1224 424 δυσμενής.

236 430 317 460 ΜΝ.
338 427 430 461 τουτὶ
447 428 486 461 τὸ
504 427 607 473 δέρμα
624 428 683 472 τῆς
701 429 819 475 ἱερείας
834 429 993 477 γίγνεται.

235 482 300 511 ΙῪ.
320 483 358 512 Ζ.
386 478 420 513 τί
436 479 495 521 τῆς
512 479 631 526 ἱερείας
647 480 817 527 γίγνεται;

234 534 299 564 ΓΥ.
320 534 367 564 Η.
395 531 580 575 ταλαντάτη
599 531 701 573 Μίκα,
720 533 771 569 τίς
788 533 968 581 ἐξεκόρησέ
985 547 1047 575 σε;

889 488 969 518 ΜΝ.
999 482 1091 517 τουτὶ
1108 484 1209 526 λαβέ.

1207 539 1267 580 760

336 582 386 618 τίς
403 582 463 627 τὴν
479 583 651 630 ἀγαπητὴν
667 585 770 620 παῖδά
788 585 1025 633 σούξῃρήσατο
1038 599 1047 627 ;

232 638 298 668 ΪῪ.
319 639 356 669 Ζ.
385 637 404 669 ὁ
421 637 608 682 πανοῦργος
626 635 736 674 οὗτος.
764 637 842 673 ἀλλ’
862 638 1038 686 ἐπειδήπερ
1055 640 1164 686 πάρει,

230 795 310 826 ΜΝ.
330 791 391 836 ὅγε
409 791 448 836 δὴ
466 791 517 828 τίς
534 792 629 828 ἔσται
646 794 776 840 μηχανὴ
795 795 981 842 σωτηρίας;

217 1845 288 1877 XO.

334 685 491 732 φύλαξον
507 687 618 729 αὐτὸν,
637 686 689 724 ἵνα
705 691 863 731 λαβοῦσα
881 691 1067 735 Κλεισθένη

333 741 444 774 τοῖσιν
460 741 663 786 πρυτάνεσιν
680 740 702 776 ἃ
718 742 873 788 πεποίηχ’
891 742 989 780 οὗτος
1006 744 1144 790 φράσω.

1203 800 1260 841 765

331 843 383 879 τίς
399 845 509 891 πεῖρα,
529 844 580 881 τίς
598 845 712 881 ἐπίνοι’
728 859 737 890 ;
767 849 786 882 ὁ
804 847 864 892 μὲν
879 848 946 894 γὰρ
964 845 1067 883 αἴτιος

330 895 405 941 κᾶμ’
424 897 608 934 ἐσκυλίσας
625 898 659 935 ἐς
676 900 802 934 τοιαυτὶ
818 900 995 946 πράγματα

329 948 369 983 οὗ
387 948 516 995 φαίνετ’
534 951 640 985 οὔπω.
668 952 765 998 φέρε,
784 951 844 986 τίν’
863 950 922 986 οὖν
939 952 979 986 ἂν
996 951 1142 999 ἄγγελον

328 999 495 1047 πέμψαιμ’
515 1001 565 1037 ἐπ’
584 1002 684 1038 αὐτόν
695 1017 704 1043 ;
734 1001 795 1038 οἷδ’
815 1003 879 1050 ἐγὼ
898 1005 951 1038 καὶ
969 1003 1008 1048 δὴ
1026 1005 1132 1050 πόρον

327 1053 364 1088 ἐκ
382 1057 442 1089 τοῦ
460 1053 694 1099 Παλαμήδους·
724 1057 767 1092 ὣς
785 1057 917 1096 ἐκεῖνος,
935 1056 994 1091 τὰς
1011 1057 1140 1092 πλάτας

325 1105 421 1152 ῥίψω
438 1108 592 1153 γράφων.
621 1107 698 1142 ἀλλ’
718 1109 757 1143 οὐ
774 1109 929 1151 πάρεισιν
947 1108 981 1141 αἶ
1001 1109 1138 1144 πλάται.

327 1158 430 1194 πόθεν
447 1158 507 1195 οὖν
523 1157 645 1206 γένοιτ’
665 1159 706 1194 ἅν
722 1175 778 1202 μοι
799 1161 932 1196 πλάτας
948 1160 1069 1200 λαβεῖν
1083 1171 1094 1202 ;
1124 1158 1227 1194 πόθεν
1239 1169 1249 1196 ;

325 1210 359 1245 τί
376 1209 405 1244 δ’
424 1210 474 1251 ἂν,
494 1210 524 1245 εἷ
541 1211 615 1245 ταδὶ
632 1209 814 1257 τάγάλματ’
834 1210 906 1244 ἀντὶ
923 1212 989 1243 τῶν
1005 1210 1143 1244 πλατῶν

323 1263 467 1308 γράφων
484 1263 730 1309 διαρρίπτοιμι;
758 1261 902 1304 βέλτιον
918 1259 1022 1296 πολύ.

324 1313 430 1358 ξύλον
445 1315 488 1362 γέ
503 1330 555 1350 τοι
573 1317 625 1351 καὶ
642 1317 745 1350 ταῦτα
762 1314 879 1349 κάκεῖν’
897 1312 938 1358 ἧν
955 1311 1071 1358 ξύλον.

327 1366 354 1400 ὦ
371 1368 483 1413 χεῖρες
500 1368 586 1412 ἐμαὶ,

324 1419 489 1466 ἐγκειρεῖν
506 1419 591 1463 χρῆν
612 1417 700 1465 ἔργῳ
717 1417 861 1465 7Γορίμῳ·

322 1471 383 1517 ἶίγε
401 1471 440 1516 δὴ
457 1473 602 1507 πινάκων
619 1473 749 1516 ξεστῶν
766 1471 895 1513 δέλτοι,

322 1523 467 1568 δέξασθε
486 1525 614 1569 σμίλης
631 1523 764 1564 ὁλκοὺς,

323 1575 464 1624 κήρυκας
482 1577 569 1622 ἐμῶν
586 1577 734 1623 μόχθων·
763 1574 863 1620 οἴμοι,

321 1630 414 1665 τουτὶ
431 1629 470 1664 τὸ
487 1629 535 1676 ῥῶ
552 1629 735 1676 μοχθηρόν·

319 1683 426 1728 χωρεῖ
440 1684 546 1729 χωρεῖ
561 1683 660 1718 ποίαν
677 1683 826 1721 αὔλακας

320 1734 474 1778 βάσκετ’,
494 1735 642 1781 ἐπείγετε
659 1735 772 1770 πάσας
789 1732 864 1768 καθ’
883 1731 992 1773 ὁδοὺς,

319 1787 420 1832 κείνῃ,
439 1786 554 1832 ταύτῃ·
583 1787 711 1834 ταχέως
727 1785 806 1833 χρή.
1192 1790 1253 1831 784

318 1840 411 1885 ἡμεῖς
428 1840 540 1875 τοίνυν
557 1839 641 1885 ἡμᾶς
659 1840 760 1876 αὐτὰς
777 1837 813 1874 εὖ
829 1838 981 1884 λέξωμεν
997 1839 1206 1885 παραβᾶσαι.

318 1893 425 1928 καίτοι
451 1895 516 1929 πᾶς
542 1907 592 1929 τις
618 1893 657 1928 τὸ
686 1893 871 1939 γυναικεῖον
896 1892 1011 1938 φῦλον
1038 1891 1120 1926 κακὰ
1146 1894 1238 1928 πόλλ

369 1945 534 1993 ἀγορεύει,

318 1998 362 2034 ὣς
387 1999 453 2033 πᾶν
480 1997 582 2042 ἐσμὲν
608 1997 707 2032 κακὸν
732 1996 919 2043 ἀνθρώποις
942 1995 1006 2040 κάξ
1034 1997 1126 2042 ἡμῶν
1154 1997 1248 2032 ἐστὶν

368 2050 508 2093 ἅπαντα,

318 2103 434 2148 ἔριδες,
471 2103 572 2147 νείκη,
605 2102 739 2141 στάσις,
770 2101 920 2148 ἀργαλέα
953 2098 1057 2145 λύπη,
1089 2101 1249 2145 πόλεμος.

369 2155 454 2202 φέρε
472 2154 511 2200 δή
531 2168 587 2190 νυν

318 2206 348 2241 εἶ
375 2209 475 2242 κακόν
505 2207 618 2252 ἐσμεν,
645 2206 678 2240 τί
707 2205 841 2252 γαμεῖθ’
873 2205 969 2251 ἡμᾶς,
998 2203 1090 2251 ε’ίπερ
1121 2203 1254 2249 ἀληθῶς
1279 2217 1281 2251 5

371 2261 469 2294 κακόν
487 2259 600 2303 ἐσμεν,
633 2272 640 2279 ’
1278 2267 1281 2305 Ι

319 2310 564 2358 κάπαγορεύετε
608 2309 682 2355 μήτ’
732 2309 882 2353 ἐξελθεῖν
930 2308 1004 2354 μήτ’
1058 2306 1255 2355 ἐκκύψασαν
1280 2356 1281 2359 ¹

374 2365 510 2403 ἁλῶναι,
1194 2371 1255 2406 790
1280 2361 1281 2370 ¹

321 2415 399 2451 ἀλλ’
427 2416 552 2451 οὑτωσὶ
578 2416 692 2459 πολλῇ
725 2414 858 2459 σπουδῇ
887 2414 925 2448 τὸ
956 2414 1055 2451 κακὸν
1084 2411 1256 2455 βούλεσθε

369 2468 554 2514 φυλάττειν
566 2479 575 2507 ;
1279 2486 1284 2727 ἡ

1200 1068 1260 1102 770

1197 1325 1254 1359 775

1194 1580 1255 1619 780

322 2520 381 2555 κᾶν
416 2519 542 2564 ἐξέλθῃ
578 2520 617 2554 τὸ
651 2517 787 2565 γύναιόν
820 2532 891 2558 ποι,
924 2514 1000 2564 κᾷθ’
1035 2515 1142 2564 εὕρητ’
1174 2517 1254 2552 αὐτὸ

376 2570 532 2619 θύρασιν,

323 2624 439 2668 μανίας
464 2622 634 2669 μαίνεσθ’,
654 2621 712 2659 οὓς
737 2623 824 2669 χρῆν
852 2622 1008 2657 σπένδειν
1035 2622 1088 2656 καὶ
1113 2621 1254 2669 χαίρειν,

377 2674 469 2722 εἴπερ
487 2675 620 2720 ἀληθῶς

324 2727 456 2763 ἔνδοθεν
487 2726 599 2774 εὕρετε
627 2727 779 2773 φροῦδον
809 2727 848 2761 τὸ
880 2727 979 2761 κακὸν
1003 2727 1056 2761 καὶ
1085 2726 1130 2771 μὴ
1159 2739 1253 2761 κατε-

375 2779 556 2824 λαμβάνετ’
577 2780 684 2814 ἔνδον.

323 2831 382 2866 κᾶν
413 2831 667 2878 καταδάρθωμεν
702 2831 737 2865 ἐν
766 2830 958 2878 ἀλλοτρίων
987 2831 1170 2874 παίζουσαι
1201 2830 1258 2864 καὶ

1279 2867 1283 2899 Ι

379 2887 555 2923 κοπιῶσαι,
1197 2893 1259 2927 795

323 2937 389 2971 πᾶς
419 2949 470 2971 τις
499 2937 538 2970 τὸ
567 2936 666 2969 κακὸν
695 2937 795 2969 τοῦτο
825 2935 915 2979 ζητεῖ
940 2934 1017 2982 περὶ
1051 2934 1110 2971 τὰς
1145 2909 1283 2970 κλίνας1

376 2990 597 3034 περινοστῶν.

327 3039 386 3074 κᾶν
421 3039 457 3074 ἐκ
492 3038 626 3085 θυρίδος
660 3036 933 3084 παρακύπτωμεν,
967 3039 1058 3083 ζητεῖ
1086 3039 1124 3073 τὸ
1161 3038 1259 3073 κακὸν

379 3090 571 3125 τεθεᾶσθαι·

328 3142 387 3177 κᾶν
421 3140 632 3188 αἷσχυνθεῖσ’
663 3140 878 3187 ἀναχωρήσῃ,
910 3141 1000 3177 πολὺ
1034 3143 1168 3185 μᾶλλον
1197 3142 1262 3177 πᾶς

380 3194 533 3238 ἐπιθυμεῖ

329 3244 423 3282 αὖθις
460 3245 498 3279 τὸ
535 3245 633 3280 κακὸν
658 3246 863 3290 παρακῦψαν
891 3246 983 3282 ἶδεῖν.
1036 3243 1142 3281 οὕτως
1170 3243 1262 3289 ἡμεῖς

380 3295 544 3340 ἐπιδήλως

330 3349 421 3394 ὑμῶν
439 3348 541 3392 ἐσμὲν
557 3346 648 3382 πολὺ
671 3346 839 3388 βελτίους·
866 3349 1017 3389 βάσανός
1041 3364 1078 3384 τε
1100 3349 1264 3396 πάρεστιν

381 3400 525 3435 ἰδέσθαι.
1201 3405 1264 3436 800

1359 1842 1362 1846 ’
1398 1841 1533 1888 χείρους
1549 1840 1640 1886 ἡμῶν
1657 1840 1744 1875 εἶσὶν
1762 1841 1893 1883 σώζειν.

1298 3199 1379 3230 ΜΝ.

329 3453 483 3495 βάσανον
507 3451 625 3496 δῶμεν,
650 3451 785 3496 πότεροι
809 3450 955 3497 χείρους.
983 3448 1090 3497 ’ἡμεῖς
1119 3453 1179 3497 μὲν
1198 3453 1264 3500 γάρ
1300 3454 1309 3461 ’

1298 3510 1364 3542 ῙὝ.
1384 3509 1430 3539 H.
1456 3504 1489 3538 τί
1506 3503 1547 3538 αὖ
1565 3504 1610 3539 σὺ
1628 3509 1776 3549 κυκανᾲς,
1795 3504 1815 3548 ἦ
1833 3504 1866 3538 τί
1884 3502 2069 3537 κοικύλλεις
2086 3503 2171 3546 ἔχων
2187 3512 2194 3537 2

380 3505 492 3549 φαμεν
508 3503 603 3547 ὑμᾶς,
1087 3500 1262 3551 [gnum-om

331 3556 424 3600 ὑμεῖς
449 3554 477 3590 δ’
502 3554 598 3599 ἡμᾶς.
629 3554 835 3600 σκεψώμεθα
860 3554 899 3597 δὴ
925 3555 1158 3600 κάντιτιθῶμεν
1180 3557 1265 3602 πρὸς

1397 377 1683 424 παραβάλλουσαι
1699 377 1757 420 τῆς
1774 389 1811 410 τε
1833 377 1986 423 γυναικὸς
2013 376 2066 411 καὶ
2090 376 2231 424 τάνδρὸς
2247 377 2327 412 τοῦ-

1448 428 1518 474 νομ’
1538 427 1691 463 ἕκαστον.

1398 481 1619 526 Ναυσιμάχης
1630 479 1692 526 μέν
1708 477 1741 527 γ’
1755 478 1862 525 ἥττων
1879 480 1973 515 ἐστὶν
1986 482 2162 527 Χαρμῖνος·
2191 481 2277 526 δῆλα
2290 480 2327 516 δι’

1446 532 1563 579 τᾶργα.

1396 584 1450 620 καὶ
1476 584 1538 629 μὲν
1565 583 1605 628 δὴ
1636 585 1689 619 καὶ
1717 585 1884 630 Κλεοφῶν
1914 585 2037 631 χείρων
2063 585 2194 621 πάντως
2221 583 2329 630 δήπου

1447 637 1699 682 Σαλαβακχοῧς.
2266 641 2327 681 805

1395 689 1480 735 πρὸς
1492 687 1743 734 Ἀριστομάχην
1761 688 1797 723 δὲ
1809 690 1934 735 χρόνου
1946 690 2092 730 πολλοῦ,
2104 690 2189 737 πρὸς
2201 688 2327 734 ἐκείνην

1447 740 1507 785 τὴν
1525 740 1716 787 Μαραθῶνιι,

1396 793 1450 828 καὶ
1479 792 1697 838 Στρατονίκην
1727 792 1817 837 ὑμῶν
1848 792 1956 829 οὐδεὶς
1983 792 2052 828 οὐδ’
2086 793 2233 840 ἐγχειρεῖ
2259 808 2324 830 πο-

1444 845 1603 889 λεμίζειν.
1668 843 1672 847 ’

1395 896 1473 932 ἀλλ’
1496 895 1673 942 Εὐβούλης
1696 900 1761 932 τῶν
1786 896 1927 944 πέρυσίν
1952 911 2003 934 τις
2027 895 2215 943 βουλευτής
2235 897 2328 933 ἐστιν

1446 948 1598 994 ἀμείνων,

1395 1001 1564 1048 παραδοὺς
1577 1001 1679 1049 ἑτέρῳ
1696 1000 1756 1046 τὴν
1772 1000 1953 1043 βουλείαν;
1983 1001 2052 1037 οὐδ’
2063 1001 2163 1039 αὐτὸς
2178 1003 2278 1037 τοῦτό
2288 1016 2328 1050 γε

1446 1052 1564 1099 φήσει.

1396 1103 1502 1142 οὕτως
1524 1105 1616 1151 ἡμεῖς
1634 1105 1725 1142 πολὺ
1747 1105 1906 1148 βελτίους
1929 1108 1995 1141 τῶν
2018 1106 2145 1154 ἀνδρῶν
2168 1105 2326 1153 εὐχόμεθ’

1447 1155 1540 1194 εἶναι.
2263 1164 2330 1195 8ιο

1397 1211 1466 1246 οὐδ’
1496 1211 1536 1245 ἂν
1566 1210 1727 1258 κλέψασα
1761 1210 1842 1257 γυνὴ
1872 1209 1978 1258 ζεύγει
2014 1211 2095 1246 κατὰ
2128 1209 2328 1256 πεντήκοντα

1447 1264 1593 1298 τάλαντα

1396 1316 1430 1352 ἐς
1447 1317 1547 1352 πόλιν
1564 1315 1664 1350 ἔλθοι
1681 1318 1748 1350 τῶν
1765 1315 1947 1360 δημοσίων·
1976 1315 2055 1351 ἀλλ’
2074 1314 2114 1360 ἢν
2131 1316 2172 1350 τὰ
2187 1316 2326 1364 μέγισθ’

1450 1368 1633 1414 ὑφέληται,

1397 1421 1531 1468 φορμὸν
1558 1425 1671 1468 πυρῶν
1698 1421 1837 1468 τάνδρὸς
1865 1419 2016 1468 κλέψασ’
2044 1419 2229 1468 αὔθήμερον
2256 1420 2326 1456 αὕτ’

1449 1473 1627 1509 ἀπέδωκεν.
1915 1498 1919 1501 1

1398 1527 1418 1561 ἀ
1466 1526 1476 1538 ’
1494 1525 1587 1571 ἡμεῖς
1602 1526 1642 1562 ἂν
1659 1526 1811 1562 πολλοὺς
1827 1524 1954 1561 τούτων

1397 1578 1632 1624 ἀποδείξαιμεν
1649 1581 1752 1613 ταῦτα
1768 1581 1954 1615 ποιοῦντας.

1397 1632 1450 1667 καὶ
1467 1633 1552 1677 πρὸς
1569 1630 1699 1667 τούτοις
1715 1631 1899 1678 γάστριδας
1916 1630 2006 1676 ἡμῶν

1395 1683 1492 1720 ὄντας
1509 1685 1643 1728 μᾶλλον
1660 1684 1714 1718 καὶ
1729 1682 1927 1719 λωποδύτας

1395 1736 1448 1772 καὶ
1464 1738 1688 1782 βωμολόχους
1705 1735 2002 1783 κάνδραποδιστάς.

1398 1789 1450 1825 καὶ
1467 1789 1531 1833 μὴν
1549 1787 1655 1833 δήπου
1673 1788 1726 1823 καὶ
1740 1788 1781 1823 τὰ
1797 1788 1934 1836 πατρῷά
1950 1802 1990 1834 γε

2263 1583 2325 1624 8ι5

2264 1845 2326 1879 820

1396 1893 1474 1938 ἡμῖν
1491 1893 1551 1938 μὲν
1567 1894 1633 1940 γὰρ
1651 1897 1722 1928 σῶν
1739 1893 1788 1927 ἔτι
1806 1893 1859 1927 καὶ
1877 1894 1935 1927 νῦν

1397 1945 1540 1985 τάντίον,
1561 1948 1579 1980 ὁ
1598 1946 1714 1987 κανὼν,
1734 1946 1766 1981 οἱ
1784 1944 1999 1986 καλαθίσκοι,

1397 1997 1436 2030 τὸ
1455 1995 1635 2030 σκιάδειον·

1396 2049 1467 2084 τοῖς
1484 2047 1512 2083 δ’
1530 2046 1701 2094 ἡμετέροις
1717 2046 1860 2092 ἀνδράσι
1877 2042 2006 2079 τούτοις

1397 2100 1574 2136 ἀπόλωλεν
1591 2100 1651 2144 μὲν
1667 2100 1811 2134 πολλοῖς
1829 2099 1847 2132 ὁ
1866 2096 1971 2131 κανὼν

1399 2153 1435 2188 ἐκ
1452 2156 1519 2186 τῶν
1537 2150 1635 2186 οἴκων
1652 2151 1732 2195 αὐτῇ
1750 2152 1874 2196 λόγχῃ,

1396 2206 1541 2241 πολλοῖς
1559 2203 1588 2239 δ’
1607 2200 1732 2249 ἑτέροις
1749 2203 1815 2237 ἀπὸ
1832 2205 1898 2237 τῶν
1915 2199 2011 2245 ὤμων

1400 2257 1437 2292 ἐν
1452 2258 1525 2293 ταῖς
1543 2257 1715 2303 στρατιαῖς

1394 2310 1545 2356 ἔρριπται
1562 2310 1601 2344 τὸ
1621 2308 1800 2343 σκιάδειον.
2265 2307 2327 2346 829

1399 2359 1504 2397 πόλλ’
1523 2361 1563 2399 ἂν
1581 2362 1614 2396 αἶ
1631 2362 1782 2407 γυναῖκες
1799 2357 1892 2404 ἡμεῖς
1910 2358 1945 2392 ἐν
1962 2357 2035 2401 δίκῃ
2058 2353 2269 2402 μεμψαίμεθ’
2288 2354 2328 2389 ἂν

1404 2416 1514 2449 τοῖσιν
1531 2414 1692 2460 ἀνδράσιν
1710 2411 1853 2447 δικαίως·
1883 2409 1917 2444 ἓν
1935 2409 1963 2445 δ’
1983 2408 2274 2455 ὑπερφυέστατον.

1398 2467 1485 2513 χρῆν
1495 2466 1573 2512 γὰρ,
1588 2465 1679 2509 ἡμῶν
1689 2463 1719 2499 εί
1729 2464 1819 2498 τέκοι
1829 2478 1879 2499 τις
1890 2462 1992 2509 ἄνδρα
2005 2461 2156 2507 χρηστὸν
2165 2462 2206 2504 τῇ
2215 2460 2326 2498 πόλει,

1398 2518 1580 2564 ταξίαρχον
1597 2516 1616 2562 ἢ
1636 2517 1836 2563 στρατηγὸν,
1855 2515 2038 2556 λαμβάνειν
2055 2511 2152 2557 τιμή-,ι
2168 2525 2253 2551 τινα,

1400 2570 1579 2617 προεδρίαν
1596 2569 1624 2604 τ’
1643 2569 1724 2613 αὐτῇ
1743 2567 1898 2603 δίδοσθαι
1915 2565 2084 2610 Στηνίοισι
2102 2565 2156 2599 καὶ
2173 2563 2302 2610 Σκίροις

1398 2623 1434 2657 ἕν
1450 2637 1487 2657 τε
1504 2624 1575 2658 ταῖς
1592 2621 1713 2657 ἄλλαις
1731 2621 1859 2667 ἑορταῖς
1877 2616 1968 2654 αἷσιν
1985 2617 2076 2663 ἡμεῖς
2094 2619 2229 2663 ἤγομεν·
2266 2620 2325 2661 835

1399 2675 1428 2709 εἶ
1447 2675 1482 2710 δὲ
1501 2675 1613 2709 δειλὸν
1631 2674 1683 2708 καὶ
1699 2673 1843 2719 πονηρὸν
1860 2672 1964 2718 ἄνδρα
1980 2684 2030 2706 τις
2047 2670 2136 2704 τέκοι
2151 2667 2247 2715 γυνὴ.

1399 2725 1419 2771 ἢ
1437 2725 1639 2773 τριήραρχον
1655 2726 1811 2771 πονηρὸν,
1830 2723 1850 2769 ἢ
1870 2721 2071 2770 κυβερνήτην
2089 2722 2199 2762 κακὸν,

1398 2779 1543 2825 ὑστέραν
1560 2778 1661 2822 αὐτὴν
1679 2776 1855 2822 καθῆσθαι,
1871 2776 2019 2821 σκάφιον
2036 2772 2311 2819 ἀποκεκαρμένην,

1398 2832 1458 2875 τῆς
1475 2832 1533 2866 τὸν
1550 2831 1701 2877 ἀνδρεῖον
1713 2827 1885 2872 τεκούσης.
1906 2831 1952 2875 τῷ
1974 2827 2040 2873 γὰρ
2058 2826 2155 2866 εἰκὸς,
2171 2825 2197 2860 ὦ
2213 2826 2326 2864 πόλις.

1398 2883 1457 2927 τὴν
1473 2882 1685 2929 Ὑπερβόλου
1703 2881 1867 2925 καθῆσθαι
1884 2878 1994 2926 μητέρ’
2014 2877 2243 2924 ἠμφιεσμένην
2265 2881 2327 2920 840

1399 2935 1502 2969 λευκὰ
1521 2935 1574 2969 καὶ
1592 2936 1693 2980 κόμας
1711 2933 1870 2968 καθεῖσαν
1886 2930 2035 2976 πλησίον
2051 2932 2110 2975 τῆς
2127 2930 2298 2974 Λαμάχου,

1400 2987 1453 3021 καὶ
1471 2987 1628 3029 δανείζειν
1644 2985 1804 3032 χρήμαθ’,
1823 2982 1845 3030 ᾗ
1862 2986 1958 3030 χρῆν,
1977 2982 2008 3017 εἴ
2025 2982 2206 3017 δανείσειέν
2221 2995 2285 3016 τινι

1399 3039 1452 3073 καὶ
1462 3040 1559 3073 τόκον
1569 3039 1758 3085 πράττοιτο,
1772 3038 1895 3072 διδόναι
1906 3034 2015 3081 μηδέν’
2028 3034 2210 3080 ἀνθρώπων
2217 3034 2325 3075 τόκον,

1399 3087 1478 3125 ἀλλ’
1496 3090 1714 3137 ἀφαιρεῖσθαι
1726 3091 1786 3135 βίᾳ
1803 3090 1845 3123 τὰ
1861 3086 2015 3135 χρήματ’,
2035 3086 2185 3121 εἰπόντας
2202 3085 2288 3119 τοδί·

1398 3142 1476 3186 ἀξία
1493 3145 1575 3186 γοῦν
1592 3139 1626 3177 εἶ
1639 3143 1749 3181 τόκου,
1768 3143 1912 3175 τεκοῦσα
1929 3142 2081 3174 τοιοῦτον
2097 3139 2206 3172 τόκον.
2264 3141 2324 3181 845

1400 3194 1497 3229 ἷλλὸς
1513 3195 1689 3241 γεγένημαι
1707 3194 1917 3240 προσδοκῶν·
1946 3194 1965 3227 ὁ
1983 3190 2011 3226 δ’
2030 3190 2170 3226 οὗδέπω.

1401 3246 1435 3280 τί
1453 3246 1521 3290 δῆτ’
1541 3246 1581 3280 ἂν
1598 3245 1647 3286 εἴη
1665 3246 1882 3290 τούμποδώνς
1911 3244 1971 3279 οὐκ
1989 3241 2065 3278 ἔσθ’
2085 3241 2174 3277 ὅπως

1402 3297 1441 3332 οὗ
1459 3299 1516 3333 τὸν
1534 3297 1739 3342 Παλαμήδην
1755 3297 1893 3343 ψυχρὸν
1910 3295 1976 3330 ὄντ’
1995 3292 2209 3339 αι’σχύνεταις

1403 3350 1450 3397 τῷ
1467 3350 1536 3394 δῆτ’
1553 3349 1593 3383 ἂν
1610 3350 1709 3384 αὐτὸν
1725 3348 2002 3395 προσαγαγοίμην
2019 3346 2179 3393 δράματι;

1401 3397 1519 3449 ἐγῷδα·
1547 3401 1607 3445 τὴν
1624 3401 1735 3445 καινὴν
1751 3400 1888 3444 Ἑλένην
1905 3398 2104 3444 μιμήσομαι.

1401 3453 1530 3488 πάντως
1550 3450 1579 3486 δ’
1599 3453 1742 3498 ὑπάρχει
1758 3466 1816 3496 μοι
1832 3449 2002 3497 γυναικεία
2020 3446 2139 3492 στολή.

2261 3400 2325 3441 850

1401 3556 1521 3602 πικρὰν
1536 3555 1674 3598 Ἑλένην
1691 3555 1773 3601 ὄψει
1791 3554 1878 3602 τάχ’,
1898 3554 1927 3589 εἷ
1943 3554 1988 3599 μὴ
2006 3553 2151 3598 κοσμίως
