2488 3860
176 259 259 303 288
937 259 1272 302 ΕΥΡΙΠΙΔΟΥ
1319 262 1538 303 ΕΛΕΝΗ.

274 364 369 409 βοῆς,
389 362 572 399 κελευστοῦ
590 362 759 410 φθέγμαθ’
778 364 823 402 ὣς
840 362 1038 411 ἠκούσαμεν.

274 417 346 453 ἐπεὶ
363 416 399 451 δὲ
416 416 512 463 γαίας
529 414 611 462 ἦμεν
628 418 695 452 οὔτ’
715 417 800 464 ἄγαν
815 420 935 465 πρόσω

274 467 342 504 οὔτ’
362 469 472 516 ἐγγὺς,
491 466 593 506 οὕτως
611 468 699 516 ἤρετ’
719 470 839 505 οἰάκων
857 469 990 516 φύλαξ·

274 519 335 561 ἔτ’,
355 520 381 555 ὦ
400 520 479 565 ξέν’,
500 521 534 557 ἐς
550 522 589 556 τὸ
607 521 769 569 πρόσθεν,
788 521 808 568 ἢ
828 524 936 559 καλῶς
953 524 1035 568 ἔχει,

272 572 474 619 πλεύσωμεν
484 589 495 614 ,·
522 573 623 621 ἀρχαὶ
640 575 706 622 γὰρ
724 575 803 611 νεὼς
820 575 967 621 μέλουσί
985 589 1054 610 σοι.
1129 578 1210 610 1:80

273 629 292 662 ὁ
310 625 339 661 δ’
359 623 439 672 εἶφ’,
459 626 535 663 ἅλις
551 641 619 672 μοι·
646 627 741 673 δεξιᾷ
758 626 789 663 δ’
809 628 895 663 ἐλὼν
912 624 1014 674 ξίφος

273 680 307 716 ἐς
324 682 460 727 πρῷραν
477 676 582 726 εἷρπε,
601 679 680 715 κάπὶ
698 680 837 728 ταυρείῳ
855 681 976 726 σφαγῇ

274 731 409 768 σταθεὶς
427 735 549 778 νεκρῶν
565 733 626 777 μὲν
643 733 777 768 οὐδενὸς
793 731 922 778 μνήμην
939 733 1037 779 ἔχων,

271 783 397 820 τέιινων
413 784 449 819 δὲ
467 785 588 830 λαιμὸν
605 783 731 831 ηὔχετ’,
750 784 776 819 ὦ
795 785 893 820 ναίων
910 785 977 820 ἅλα

272 839 386 873 πόντιε
405 837 572 872 Πόσειδον
589 838 724 885 Νηρέως
743 836 773 872 θ’
792 837 890 884 ἁγναὶ
908 838 1014 884 κόραι,
1129 840 1205 881 1585

273 889 409 925 σώσατέ
426 888 459 934 μ’
479 888 530 925 ἐπ’
550 889 649 927 ἀκτὰς
668 891 845 926 Ναυπλίας
863 889 1012 936 δάμαρτά
1029 903 1066 923 τε

273 941 404 977 ἄσυλον
422 943 458 977 ἐκ
474 943 548 988 γῆς.
586 940 722 988 αἵματος
739 942 768 977 δ’
787 942 949 989 ἀπορροαὶ

273 995 320 1031 εἶς
338 991 425 1040 οἶδμ’
446 995 657 1039 ἐσηκόντιζον
670 997 777 1042 οὔριαι
795 994 890 1042 ξένῳ.

272 1047 326 1083 καί
342 1061 393 1083 τις
409 1046 479 1082 τόδ’
498 1043 581 1088 εἶπε,
594 1045 713 1084 ’δόλιος
730 1047 749 1091 ἡ
769 1046 959 1093 ναυκληρία·

271 1101 375 1136 πάλιν
390 1100 546 1144 πλέωμεν
564 1099 703 1143 Ναξίαν·
731 1099 852 1134 κέλευε
869 1098 925 1134 σύ·
1127 1111 1207 1144 1590

272 1152 317 1187 σὺ
335 1152 371 1187 δὲ
391 1152 512 1198 στρέφ’
532 1150 627 1187 οἴακ’.
663 1153 699 1187 ἐκ
716 1153 752 1188 δὲ
769 1152 922 1198 ταυρείου
940 1152 1048 1197 φόνου

267 1202 412 1252 Ἀτρέως
430 1204 564 1241 σταθεὶς
581 1207 658 1241 παῖς
675 1205 842 1249 ἀνεβόησε
860 1205 1067 1250 συμμάχους,

270 1257 303 1293 τί
322 1256 471 1298 μέλλετ’,
491 1257 517 1292 ὦ
534 1259 596 1305 γῆς
612 1257 778 1294 Ἑλλάδος
795 1256 1006 1302 λωτίσματα,

270 1310 425 1355 σφάζειν,
441 1309 596 1357 φονεύειν
613 1311 821 1357 βαρβάρους,
841 1309 920 1345 νεώς
937 1309 966 1344 τ’
985 1310 1052 1344 ἄπο

269 1363 398 1410 ῥίπτειν
416 1362 450 1399 ἐς
467 1360 586 1408 οἷδμα,·
614 1363 793 1405 ναυβάταις
811 1361 848 1396 δὲ
864 1364 955 1398 τοῖσι
974 1364 1048 1397 σοῖς
1126 1373 1205 1407 1595

269 1416 338 1461 βοᾷ
355 1415 537 1460 κελευστὴς
554 1415 613 1460 τὴν
632 1414 779 1451 ἐναντίαν
796 1413 872 1456 ὅπα,

269 1468 328 1502 οὐκ
346 1465 389 1503 εἶ’
409 1470 427 1503 ὁ
444 1466 506 1513 μέν
522 1482 572 1504 τις
589 1468 733 1503 λοῖσθον
750 1467 876 1514 ἀρεῖται
894 1467 987 1513 δόρυ,

268 1523 286 1555 ὁ
306 1520 343 1555 δέ
362 1519 432 1567 ζύγ’
451 1519 544 1564 ἄξας,
563 1522 582 1555 ὁ
601 1521 629 1556 δ’
649 1520 791 1567 ἀφελὼν
808 1520 961 1564 σκαλμοῦ
979 1518 1120 1563 πλάτην,

268 1571 514 1618 καθαιματώσει
532 1575 636 1620 κρᾶτα
652 1573 823 1618 πολεμίων
841 1572 966 1616 ξένωνς

268 1625 363 1672 ὀρθοὶ
382 1625 411 1660 δ’
431 1625 555 1670 ἀνῇξαν
570 1626 701 1668 πάντες,
721 1626 753 1660 οἱ
770 1625 831 1671 μὲν
848 1624 886 1660 ἐν
901 1626 1017 1670 χεροῖν
1128 1626 1209 1667 1600

268 1677 410 1724 κορμοὺς
428 1678 563 1724 ἔχοντες
580 1677 761 1722 ναυτικοὺς,
780 1677 812 1713 οἱ
831 1676 867 1712 δε
885 1681 982 1724 ξίφη.

268 1731 363 1778 φόνῳ
381 1730 418 1765 δέ
436 1733 514 1766 ναῦς
532 1731 670 1778 ἐρρεῖτο·
697 1730 962 1777 παρακέλευσμα
978 1727 1010 1766 δ’
1029 1727 1071 1776 ἦν

267 1782 459 1830 πρύμνηθεν
470 1782 617 1829 Ἐλένης,
636 1786 702 1820 ποῦ
720 1784 759 1818 τὸ
776 1784 924 1830 Τρωικὸν
941 1781 1059 1823 κλέοςς

269 1835 401 1880 δείξατε
420 1836 504 1882 πρὸς
526 1836 647 1883 ἄνδρας
663 1837 869 1883 βαρβάρους·
898 1835 1048 1879 σπουδῆς
1066 1833 1097 1870 δ’
1116 1831 1182 1869 ὕπο

268 1889 420 1929 ἔπιπτον,
441 1889 472 1924 οἱ
491 1886 522 1923 δ’
542 1887 720 1936 ὤρθοῦντο,
740 1889 818 1925 τοὺς
836 1889 872 1924 δὲ
891 1888 1059 1933 κειμένους
1127 1891 1206 1933 1605

269 1941 404 1987 νεκροὺς
424 1940 465 1976 ἂν
482 1938 577 1978 εἶδες.
615 1942 796 1978 Μενέλεως
813 1939 843 1976 δ’
863 1942 950 1987 ἔχων
968 1939 1069 1986 ὅπλα,

268 1992 332 2038 ὅπη
352 1995 487 2029 νοσοῖεν
502 1992 672 2041 ξύμμαχοι
690 1996 920 2038 κατασκοπῶν,

266 2044 368 2090 ταύτῃ
387 2048 542 2093 προσῆγε
559 2049 647 2095 χειρὶ
666 2047 760 2093 δεξιᾷ
778 2046 892 2094 ξίφος.

269 2097 350 2134 ὥστ’
370 2098 583 2145 ἐκκολυμβᾶν
600 2102 686 2136 ναός·
713 2097 871 2146 ἠρήμωσε
889 2099 926 2134 δέ

270 2155 341 2186 σῶν
359 2152 533 2193 ναυβατῶν
550 2151 672 2199 ἐρέτμ’.
710 2152 760 2188 ἐπ’
781 2152 901 2187 οἰάκων
918 2151 955 2187 δέ
972 2150 1037 2194 βὰς
1127 2153 1210 2187 1610

270 2202 353 2247 ἄναξ
372 2204 405 2240 ἐς
421 2203 562 2240 Ἑλλάδ’
582 2203 674 2241 εἶπεν
691 2204 839 2240 εὐθύνειν
856 2205 948 2253 δόρυ.

271 2257 303 2291 οἱ
322 2254 353 2290 δ’
374 2257 470 2292 ἱστὸν
487 2254 578 2304 ᾖρον,
598 2259 706 2304 οὔριαι
725 2258 753 2292 δ’
772 2257 852 2303 ἧκον
869 2257 978 2298 πνοαὶ,

271 2310 402 2351 βεβᾶσι
420 2309 451 2344 δ’
472 2310 507 2344 ἐκ
524 2312 597 2357 γῆς·
625 2311 799 2358 διαφυγὼν
817 2310 847 2346 δ’
867 2310 933 2358 ἐγὼ
950 2309 1057 2356 φόνον

272 2358 388 2406 καθῆκ’
408 2361 550 2407 ἐμαυτὸν
567 2363 615 2400 εἶς
632 2362 687 2398 ἅλ’
707 2363 854 2410 ἄγκυραν
870 2364 971 2409 πάρα.

271 2414 335 2458 ἤδη
355 2414 391 2449 δὲ
409 2414 563 2460 κάμνονθ’
584 2416 703 2462 ὁρμιὰν
719 2417 835 2451 τείνων
851 2416 894 2462 μέ
911 2429 961 2451 τις
1131 2417 1208 2459 1615

274 2465 434 2508 ἀνείλετ’,
453 2467 487 2503 ἐς
505 2467 542 2503 δὲ
557 2470 657 2515 γαῖαν
676 2468 822 2514 ἐξέβησέ
839 2483 896 2504 σοι

274 2518 345 2553 τάδ’
365 2519 583 2567 ἀγγελοῦντα.
621 2518 801 2568 σώφρονος
818 2520 847 2557 δ’
866 2519 1024 2557 ἀπιστίας

275 2571 334 2606 οὔκ
345 2572 440 2608 ἔστιν
457 2572 553 2608 οὐδὲν
569 2575 824 2621 χρησιμώτερον
840 2574 989 2621 βροτοῖς.

172 2625 241 2656 XO.
276 2624 335 2658 οὐκ
353 2625 393 2660 ἅν
409 2625 483 2660 ποτ’
503 2627 628 2671 ηὔχουν
645 2629 722 2661 οὔτε
740 2626 774 2662 σ’
793 2625 863 2661 οὔθ’
882 2625 967 2671 ἡμᾶς
983 2623 1099 2660 λαθεῖν

277 2677 466 2719 Μενέλαον,
487 2677 585 2722 ὦναξ,
605 2678 649 2714 ὣς
668 2679 848 2715 ἐλάνθανεν
864 2679 989 2725 παρών.
1133 2679 1213 2713 1620

173 2731 303 2763 ΘΕΟΚ.
333 2728 359 2763 ὣ
376 2731 576 2776 γυναικείαις
592 2731 764 2777 τέχναισιν
782 2730 925 2778 αἱρεθεὶς
943 2730 1010 2776 ἐγὼ
1027 2729 1158 2766 τάλας.“

276 2780 527 2829 ἐκπεφεύγασιν
543 2784 645 2830 γάμοι
662 2799 716 2829 με.
755 2784 805 2818 κεῖ
821 2783 882 2829 μὲν
899 2781 939 2827 ἦν
956 2783 1128 2827 ἁλώσιμος

276 2835 354 2869 ναῦς
372 2834 569 2880 διώγμασιν,
587 2835 738 2881 πονήσας
754 2833 847 2871 εἶλον
865 2835 905 2871 ἂν
921 2837 1009 2881 τάχα
1027 2833 1152 2878 ξένους·

276 2887 335 2919 νῦν
352 2886 389 2920 δὲ
407 2887 467 2930 τὴν
483 2888 678 2934 προδοῦσαν
694 2888 779 2934 ἡμᾶς
796 2886 986 2933 τισόμεσθα
1009 2887 1186 2934 σύγγονον,

1254 371 1384 402 ΘΕΟΚ.
1393 365 1481 411 τάμὰ
1486 363 1597 411 λέκτρ’
1604 363 1700 412 ἄλλῳ
1706 364 1848 400 διδοῦσα
1853 379 1863 406 ,·
1875 369 1945 400 ΧΟ.
1952 365 2066 412 τοῖςγε
2071 362 2289 413 κυριωτέροις.

1233 423 1236 426 ”
1254 423 1383 454 ΘΕΟΚ.
1412 416 1525 464 κύριος
1538 417 1574 452 δὲ
1592 420 1658 452 τῶν
1676 418 1763 463 ἐμῶν
1779 417 1854 459 τίς,·
2210 422 2290 464 1635

1252 476 1324 506 ΧΟ.
1844 469 1881 507 ὃς
1897 470 2030 512 ἔλαβεν
2045 471 2171 517 πατρὸς
2186 471 2290 518 πάρα.

1254 532 1387 563 ΘΕΟΚ.
1400 523 1475 561 ἀλλ’
1489 522 1634 567 ἕδωκενὴ
1643 520 1727 568 τύχη
1738 537 1807 567 μοι.
1823 524 1939 558 ΧΟ.τὸ
1951 523 1987 558 δέ
1996 524 2107 570 χρεὼν
2117 522 2291 569 ἀφείλετο.

1254 580 1384 610 ΘΕΟΚ.
1403 576 1442 610 οὐ
1454 574 1496 610 σὲ
1506 574 1594 620 τάμὰ
1606 575 1672 622 χρὴ
1687 575 1840 618 δικάζειν.
1860 581 1930 610 XO.
1943 577 1983 620 ἤν
1994 590 2035 622 γε
2047 575 2176 618 βελτίω
2188 575 2289 623 λέγω.

1254 633 1383 663 ΘΕΟΚ.
1412 626 1599 674 ἀρχόμεσθ’
1619 627 1685 675 ἄρ’,
1704 627 1743 662 οὗ
1762 629 1954 675 κρατοῦμεν.

1253 686 1323 716 ΧΟ.
1805 679 1885 715 ὅσια
1903 681 1995 727 δρᾶν,
2013 678 2054 715 τὰ
2072 680 2101 715 δ’
2120 680 2218 716 ἔκδικ’
2237 682 2289 716 οὔ.

1254 738 1383 770 ΘΕΟΚ.
1412 729 1582 767 κατθανεῖν
1601 732 1679 779 ἐρᾶν
1697 733 1812 769 ἔοικας.

1253 791 1326 822 ΧΟ.
1846 787 1960 820 κτεῖνε·
1988 783 2156 832 σύγγονον
2173 785 2210 821 δὲ
2227 785 2292 830 σὴν

1357 837 1396 872 οὗ
1414 839 1536 873 κτενεῖς
1548 836 1639 882 ἡμῶν
1653 837 1804 877 ἑκόντων,
1816 835 1898 872 ἀλλ’
1911 837 1973 883 ἔμ’,
1986 838 2030 874 ὣς
2041 839 2108 885 πρὸ
2120 839 2293 874 δεσποτῶν

1356 892 1447 925 τοῖσι
1464 889 1649 936 γενναίοισι
1662 888 1801 925 δούλοις
1813 889 2053 926 εὐκλεέστατον
2071 890 2192 928 θανεῖν.
2212 894 2288 935 1641

1254 950 1311 980 ΔΙ.
1360 942 1500 988 ἐπίσχες
1517 941 1630 989 ὀργὰς,
1649 939 1742 977 αἷσιν
1759 942 1818 976 οὐκ
1836 941 1944 988 ὀρθῶς
1961 941 2070 989 φέρει,

1358 993 1577 1040 Θεοκλύμενε,
1595 995 1657 1041 γῆς
1673 993 1771 1039 τῆσδ’
1791 993 1885 1038 ἅναξ·
1912 995 2030 1030 δισσοὶ
2048 995 2085 1030 δέ
2103 1009 2146 1030 σε

1358 1049 1539 1094 Διόσκοροι
1557 1048 1733 1092 καλοῦμεν,
1753 1045 1810 1082 οὓς
1828 1045 1920 1091 Λήδα
1936 1047 2019 1083 ποτὲ

1357 1102 1492 1141 ἔτικτεν,
1512 1098 1652 1144 Ἑλένην
1670 1098 1712 1140 θ’,
1733 1097 1752 1143 ἦ
1771 1098 1923 1146 πέφευγε
1942 1100 2025 1136 σοὺς
2042 1100 2173 1146 δόμους·
2213 1104 2290 1146 1645

1356 1154 1394 1188 οὔ
1412 1152 1478 1199 γὰρ
1495 1151 1763 1199 πεπρωμένοισιν
1780 1151 1905 1199 ὄργίζει
1921 1154 2051 1199 γάμοις,

1355 1203 1427 1241 οὐδ’
1447 1204 1467 1249 ἡ
1486 1204 1564 1241 θεᾶς
1582 1205 1735 1251 Νηρῇδος
1753 1204 1888 1251 ἔκγονος
1906 1207 1986 1251 κόρη

1356 1259 1463 1294 ἀδικεῖ
1480 1257 1526 1299 σ’,
1546 1256 1679 1303 ἀδελφὴ
1699 1258 1835 1301 Θεονόη,
1853 1258 1895 1292 τὰ
1911 1261 1977 1292 τῶν
1994 1257 2079 1293 θεῶν

1356 1313 1491 1355 τιμῶσα
1506 1311 1633 1356 πατρός
1650 1308 1680 1344 τ’
1701 1309 1848 1346 ἐνδίκους
1865 1310 2059 1346 ἐπιστολάς.

1356 1364 1390 1400 ἐς
1407 1363 1468 1408 μὲν
1483 1363 1550 1410 γὰρ
1568 1361 1619 1397 ἀεὶ
1636 1360 1695 1397 τὸν
1711 1363 1860 1409 παρόντα
1877 1365 1935 1398 νῦν
1951 1364 2073 1410 χρόνον
2215 1366 2293 1408 1650

1356 1415 1465 1460 κείνην
1483 1416 1646 1450 κατοικεῖν
1663 1416 1779 1450 σοῖσιν
1796 1414 1832 1449 ἐν
1849 1415 1963 1461 δόμοις
1980 1416 2091 1462 ἐχρῆν·

1358 1470 1430 1504 ἐπεὶ
1448 1468 1485 1503 δὲ
1502 1468 1622 1514 Τροίας
1640 1466 1845 1512 ἐξανεστάθη
1863 1467 1987 1515 βάθρα,

1356 1521 1410 1556 καὶ
1428 1522 1499 1557 τοῖς
1517 1520 1604 1555 θεοῖς
1620 1519 1774 1567 παρέσχε
1790 1519 1939 1566 τοῦνομ’,
1956 1521 2066 1556 οὐκέτι

1357 1573 1394 1609 ἐν
1410 1575 1521 1608 τοῖσιν
1538 1573 1649 1609 αὐτοῖς
1667 1572 1719 1607 δεῖ
1736 1586 1786 1608 νιν
1803 1572 1957 1619 ἐζεῦχθαι
1973 1575 2104 1620 γάμοις,

1358 1626 1471 1662 ἐλθεῖν
1488 1622 1519 1661 δ’
1541 1625 1575 1662 ἐς
1593 1623 1702 1661 οἴκους
1720 1625 1774 1659 καὶ
1792 1627 1989 1670 συνοικῆσαι
2006 1627 2118 1662 πόσει.
2217 1629 2294 1672 1655

1356 1675 1438 1714 ἀλλ’
1458 1676 1539 1724 ἰ’σχε
1556 1678 1618 1724 μὲν
1635 1678 1699 1722 σῆς
1717 1680 1887 1724 συγγόνου
1904 1679 2014 1724 μέλαν
2031 1678 2144 1725 ξίφος,

1357 1732 1469 1777 νόμιζε
1487 1730 1517 1766 δ’
1537 1730 1638 1775 αὐτὴν
1659 1729 1846 1776 σωφρόνως
1863 1731 2033 1777 πράσσειν
2049 1731 2140 1767 τάδε.

1356 1785 1463 1821 πάλαι
1482 1783 1511 1818 δ’
1531 1783 1685 1829 ἀδελφὴν
1702 1782 1761 1817 κᾶν
1778 1784 1858 1830 πρὶν
1875 1783 2104 1828 ἐξεσώσαμεν,

1358 1837 1493 1883 ἐπείπερ
1511 1835 1596 1881 ἡμᾶς
1614 1836 1694 1872 Ζεὺς
1713 1835 1869 1880 ἐποίησεν
1887 1834 1992 1872 θεούς·

1357 1889 1438 1924 ἀλλ’
1457 1888 1581 1933 ἥσσον’
1602 1887 1684 1934 ἦμεν
1700 1891 1761 1923 τοῦ
1778 1887 1994 1935 πεπρωμένου
2013 1886 2045 1925 θ’
2065 1889 2132 1935 ἅμα
2218 1891 2296 1925 1660

1361 1943 1415 1978 καὶ
1433 1945 1498 1977 τῶν
1517 1941 1610 1983 θεῶν,
1631 1939 1681 1977 οἷς
1697 1941 1788 1976 ταῦτ’
1809 1941 1923 1985 ἔδοξεν
1941 1939 1999 1977 ὧδ’
2018 1942 2118 1988 ἔχειν.

1359 1996 1417 2030 σοὶ
1435 1995 1496 2039 μὲν
1512 1994 1582 2029 τάδ’
1602 1994 1701 2029 αὐδῶ·
1732 1996 1887 2042 συγγόνῳ
1907 1994 1935 2029 δ’
1957 1995 2017 2039 ἐμῇ
2033 1994 2124 2042 λέγω

1357 2049 1457 2083 πλεῖν
1474 2046 1535 2091 ξὺν
1551 2048 1653 2082 πόσει
1672 2049 1734 2094 σῷ.
1771 2049 1900 2092 πνεῦμα
1919 2045 1950 2082 δ’
1971 2046 2056 2092 ἕξετ’
2072 2049 2194 2095 οὔριον·

1359 2101 1492 2147 σωτῆρε
1510 2099 1539 2134 δ’
1557 2098 1650 2144 ἡμεῖς
1668 2099 1720 2133 σὼ
1738 2098 1928 2145 κασιγνήτω
1947 2099 2057 2135 διπλῶ

1358 2155 1481 2188 πόντον
1497 2150 1743 2198 παριππεύοντε
1760 2150 1942 2198 πέμψομεν
1958 2153 2096 2199 πάτραν.
2218 2154 2296 2196 1665

1357 2205 1438 2240 ὅταν
1456 2205 1493 2240 δὲ
1511 2204 1648 2251 κάμψῃς
1666 2205 1719 2239 καὶ
1736 2202 1941 2249 τελευτήσῃς
1957 2205 2047 2248 βίον,

1359 2257 1435 2294 θεὸς
1453 2255 1621 2301 κεκλήσει,
1642 2257 1695 2291 καὶ
1714 2258 1911 2303 Διοσκόρων
1927 2258 2010 2302 μέτα

1360 2310 1516 2346 σπονδῶν
1533 2308 1694 2354 μεθέξεις·
1722 2309 1813 2353 ξένιά
1830 2307 1861 2344 τ’
1880 2309 2063 2357 ἀνθρώπων
2079 2310 2170 2355 πάρα

1360 2362 1447 2407 ἕξεις
1464 2360 1539 2406 μεθ’
1559 2361 1660 2407 ἡμῶν·
1690 2361 1771 2398 Ζεὺς
1788 2361 1854 2409 γὰρ
1873 2362 1937 2397 ὧδε
1953 2361 2128 2404 βούλεται.

1359 2414 1398 2450 οῦ
1416 2414 1446 2450 δ’
1467 2415 1589 2462 ὥρισέν
1607 2429 1649 2449 σε
1665 2417 1781 2461 πρῶτα
1798 2415 1948 2451 Μαιάδος
1964 2416 2060 2452 τόκος
2219 2417 2299 2459 1670

1362 2462 1534 2516 [Σπάρτης
1551 2466 1692 2510 ἀπάρας,
1711 2470 1778 2502 τῶν
1795 2464 1866 2503 κατ’
1885 2468 2025 2514 οὐρανὸν
2043 2468 2152 2513 δόμων

1362 2520 1493 2567 κλέψας
1513 2520 1613 2565 δέμας
1631 2521 1705 2561 σὸν,
1724 2518 1768 2565 μὴ
1784 2521 1891 2563 Πάρις
1907 2519 2027 2567 γήμειέ
2043 2516 2105 2568 σε]

1360 2573 1496 2619 φρουρὰ
1512 2571 1590 2619 παρ’
1612 2571 1732 2617 Ἀκτὴν
1749 2572 1917 2617 τεταμένη,
1937 2574 2041 2617 νῆσον
2057 2573 2160 2619 λέγω,

1358 2623 1477 2669 Ἐλένη
1495 2626 1535 2660 τὸ
1553 2626 1675 2660 λοιπὸν
1690 2625 1726 2659 ἐν
1742 2625 1878 2671 βροτοῖς
1896 2624 2106 2670 κεκλήσεται,

1364 2677 1436 2713 ἐπεὶ
1454 2678 1582 2714 κλοπὰς
1601 2678 1665 2714 σὰς
1683 2678 1719 2712 ἐκ
1738 2677 1847 2723 δόμων
1863 2676 2008 2721 ἐδέξατο.
2218 2680 2296 2723 1675

1363 2731 1417 2765 καὶ
1434 2733 1481 2778 τῷ
1498 2729 1649 2775 πλανήτῃ
1669 2729 1830 2777 Μενέλεῳ
1850 2729 1934 2765 θεῶν
1949 2731 2041 2777 πάρα

1362 2784 1518 2830 μακάρων
1535 2784 1697 2817 κατοικεῖν
1714 2783 1817 2826 νῆσόν
1835 2782 1910 2817 ἐστι
1926 2786 2103 2829 μόρσιμον·

1366 2835 1444 2872 τοὺς
1462 2835 1605 2882 εὐγενεῖς
1621 2834 1687 2882 γὰρ
1706 2835 1745 2869 ού
1763 2837 1930 2881 στυγοῦσι
1947 2835 2109 2880 δαίμονες,

1361 2891 1427 2923 τῶν
1444 2886 1474 2922 δ’
1493 2886 1723 2934 ἀναριθμήτων
1739 2887 1871 2932 μᾶλλόν
1889 2887 1976 2922 εἰσιν
1991 2888 2023 2921 οἱ
2040 2889 2149 2923 πόνοι.

275 2936 347 2981 ἥτις
365 2939 399 2972 ἐν
417 2939 530 2984 δόμοις
548 2943 662 2986 ὁρῶσα
681 2940 862 2975 Μενέλεων
880 2940 938 2974 οὐκ
957 2937 1030 2975 εἶπέ
1045 2954 1111 2985 μοι.
1135 2942 1212 2984 1625
1261 2945 1393 2976 ΘΕΟΚ.
1423 2939 1449 2975 ὦ
1466 2940 1565 2975 παῖδε
1582 2938 1691 2984 Λήδας
1709 2940 1762 2974 καὶ
1781 2939 1871 2982 Διὸς,
1891 2940 1932 2975 τὰ
1949 2939 2010 2985 μὲν
2025 2940 2131 2986 πάρος
2215 2943 2296 2975 1680

275 2990 392 3036 τοιγὰρ
411 2991 522 3026 οὔποτ’
542 2994 649 3027 ἄλλον
667 2992 769 3039 ἄνδρα
788 2991 956 3039 ψεύσεται
973 2991 1210 3038 μαντεύμασιν.

172 3045 242 3076 ΧΟ.
275 3041 372 3077 οὗτος
384 3041 420 3086 ὦ,
432 3045 492 3078 ποῖ
502 3044 565 3079 σὸν
575 3043 651 3080 πόδ’
664 3044 778 3091 αἴρεις,
787 3043 934 3085 δέσποτ’,
943 3045 976 3081 ἐς
985 3047 1082 3081 ’ποῖον
1092 3044 1198 3089 φόνον
1202 3058 1214 3084 ,·

175 3098 307 3128 ΘΕΟΚ.
337 3091 462 3140 οἷπερὴ
476 3095 547 3140 δίκη
560 3096 686 3132 κελεύει
703 3095 749 3140 μ’.
782 3097 861 3131 ἀλλ’
874 3096 1042 3142 ἀφίστασ’
1054 3097 1213 3132 ἐκποδών.

175 3151 243 3181 ΧΟ.
258 3146 317 3180 οὐκ
327 3144 502 3192 ἀφήσομαι
509 3150 646 3183 πέπλων
653 3152 734 3188 σῶν,
747 3150 879 3196 μεγάλα
888 3150 954 3196 γὰρ
961 3147 1213 3184 σπεύδειςκακά.

175 3203 304 3234 ΘΕΟΚ.
332 3198 423 3233 ἀλλὰ
441 3200 615 3235 δεσποτῶν
632 3200 808 3247 κρατήσεις
826 3202 946 3237 δοῦλος
964 3200 1033 3241 ὤν,·
1136 3204 1216 3245 1630

172 3256 246 3287 ,ΧΟ.
898 3254 1014 3300 φρονῶ
1031 3253 1097 3300 γὰρ
1114 3251 1162 3288 εὔ.

174 3309 306 3339 θΕΟΚ.
318 3303 379 3339 οὐκ
391 3303 510 3351 ἔμοιγ’,
523 3304 554 3339 εἶ
570 3303 614 3350 μή
632 3304 667 3350 μ’
681 3305 791 3341 ἐάσεις

175 3360 246 3391 ΧΟ.
743 3357 782 3391 οὔ
798 3356 859 3402 μὲν
877 3355 935 3392 οὖν
951 3354 988 3392 α’
1008 3357 1162 3403 ἐάσομεν.

176 3412 304 3445 θΕΟΚ.
334 3406 503 3456 σύγγονον
522 3409 651 3445 κτανεῖν
669 3408 836 3453 κακίστην.

174 3465 244 3495 ΧΟ.
751 3461 1000 3506 εὐσεβεστάτην
1016 3460 1077 3506 μὲν
1093 3458 1163 3497 οὖν.

176 3518 305 3549 ΘΕΟΚ.
333 3512 356 3559 ἥ
370 3528 414 3559 με
430 3515 642 3562 προῦδωκεν,-

175 3571 247 3602 ΧΟ.
406 3607 410 3610 .
568 3564 672 3611 καλήν
688 3579 729 3612 γε
745 3566 931 3613 προδοσίαν
948 3566 1056 3602 δίκαια
1073 3567 1165 3614 δρᾶν.

1363 2992 1452 3036 νείκη
1470 2991 1608 3037 μεθήσω
1628 2992 1730 3037 σφῶν
1747 2990 1947 3037 κασιγνήτης
1963 2991 2050 3038 πέρι.

1364 3045 1430 3091 ἐγὼ
1449 3044 1479 3079 δ’
1499 3043 1652 3090 ἀδελφὴν
1669 3042 1773 3078 οὐκέτ’
1792 3042 1832 3078 ἂν
1850 3043 1994 3088 κτάνοιμ’
2014 3042 2103 3089 ἐμήν.

1363 3098 1450 3140 κείνη
1470 3096 1498 3130 δ’
1517 3094 1576 3131 ’irco
1592 3096 1677 3143 πρὸς
1694 3092 1796 3135 οἷκον,
1815 3095 1845 3130 εἶ
1863 3095 1950 3133 θεοῖς
1967 3095 2068 3130 δοκεῖ.

1361 3147 1459 3184 ἴστον
1476 3148 1506 3184 δ’
1525 3148 1665 3195 ἀρίστης
1683 3148 1967 3194 σωφρονεστάτης
1985 3145 2017 3182 θ’
2037 3147 2105 3192 ἅμα

1362 3199 1481 3247 γεγῶτ’
1500 3200 1652 3247 ἀδελφῆς
1669 3201 1848 3247 ὁμογενοῦς
1864 3199 1924 3246 ἀφ’
1944 3198 2091 3245 αἵματος,
2216 3203 2294 3244 1685

1364 3254 1418 3288 καὶ
1435 3252 1576 3300 χαίρεθ’,
1595 3252 1733 3296 Ἑλένης
1750 3250 1853 3287 οὕνεκ’
1872 3251 2109 3299 εὐγενεστάτης

1363 3306 1505 3351 γνώμης,
1525 3304 1544 3340 ὃ
1561 3305 1706 3341 πολλαῖς
1723 3305 1759 3340 ἐν
1770 3303 1920 3350 γυναιξὶν
1936 3303 1996 3339 οὐκ
2014 3305 2074 3339 ἔνι.

1261 3362 1331 3393 ΧΟ.
1363 3358 1491 3392 πολλαὶ
1508 3357 1638 3403 μορφαὶ
1655 3360 1722 3392 τῶν
1739 3356 1924 3400 δαιμονίων,

1363 3409 1479 3444 πολλὰ
1497 3409 1527 3444 δ’
1546 3409 1703 3445 ἀέλπτως
1721 3409 1891 3455 κραίνουσι
1909 3408 1990 3450 θεοὶ,

1366 3462 1419 3495 καὶ
1436 3461 1478 3495 τὰ
1494 3460 1660 3505 δοκηθέντ’
1680 3461 1740 3496 οὐκ
1758 3460 1932 3505 ἐτελέσθη,
2216 3462 2298 3507 1690

1365 3515 1432 3547 τῶν
1449 3512 1478 3548 δ’
1498 3512 1667 3557 ἀδοκήτων
1683 3514 1788 3560 πόρον
1804 3511 1884 3559 ηὗρε
1901 3512 1985 3549 θεός.

1331 3602 1333 3604 μ
1365 3563 1487 3601 τοιόνδ’
1507 3565 1616 3610 ἀπέβη
1634 3565 1711 3600 τόδε
1726 3567 1874 3613 πρᾶγμα.
