2488 3860
175 1534 244 1565 Χυ.

1097 268 1393 318 ΙΚΕΤῙΔΕΣ.
2214 269 2296 314 239

287 376 321 413 τί
335 378 401 425 γάρ
418 375 451 420 μ’
470 378 605 426 ἐροῦσιν
622 376 657 414 οἵ
671 393 711 426 γε
730 378 902 426 δυσμενεῖς
917 381 1061 428 βροτόν,

287 430 337 466 ὅθ’
355 430 375 475 ἡ
393 433 536 466 τεκοῦσα
552 429 848 478 χύπερυρρωδοῦσ’
869 431 950 479 ε’μοῦ

286 484 397 528 πρώτη
416 483 561 520 κελεύεις
578 482 666 518 τόνδ’
686 484 869 529 ὑποστῆναι
886 486 1010 525 πόνονς

287 535 423 581 δράσων
437 534 508 570 τάδ’
527 533 605 581 εἶμι,
626 536 679 570 καὶ
697 537 830 583 νεκροὺς
848 536 1043 582 ἐκλύσομαι,

286 587 424 633 λόγοισι
440 588 571 624 πείσας·
599 586 629 623 εἷ
647 587 683 622 δὲ
700 588 755 633 μὴ,
774 589 835 634 βία
854 590 951 636 δορὸς

285 640 347 685 ἤδη
364 639 432 674 τόδ’
453 642 558 681 ἔσται,
578 641 674 685 κούχὶ
692 642 756 675 σὺν
773 638 891 689 φθόνῳ
909 640 1005 677 θεῶν.

284 691 380 735 δόξαι
397 691 434 726 δὲ
450 692 564 739 χρῄζω
582 693 635 726 καὶ
651 693 750 727 πόλει
766 695 860 737 πάσῃ
878 693 966 728 τάδε.

285 745 375 787 δοζει
391 741 434 782 δ’,
454 746 533 789 ἐμοῦ
552 743 722 781 θέλοντος·
749 744 840 780 ἀλλὰ
857 748 916 780 τοῦ
933 746 1039 791 λόγου
1158 760 1220 791 350

283 797 452 842 προσδοὺς
469 796 575 842 ἔχοιμ’
595 796 634 830 ἂν
652 797 755 842 δῆμον
773 797 1018 844 εὐμενέστερον.

285 848 337 883 καὶ
354 849 420 895 γὰρ
438 845 618 893 κατέστησ’
638 849 737 883 αὐτὸν
755 849 788 886 ἐς
805 851 998 896 μοναρχίαν,

283 899 512 947 ἐλευθερώσας
528 898 619 944 τήνδ’
640 901 820 947 ἰσόψηφον
837 902 946 937 πόλιν.

281 953 399 994 λαβὼν
416 953 444 987 δ’
457 952 651 1000 Ἀδραστον
669 954 787 999 δεῖγμα
805 957 870 988 τῶν
887 954 974 999 ε’μῶν
990 954 1114 1001 λόγων,

283 1005 316 1041 ἶς
332 1005 462 1048 πλῆθος
479 1006 586 1041 αὐτῶν
603 1003 680 1050 εἶμι·
709 1006 762 1040 καὶ
778 1006 899 1042 πείσας
916 1007 1007 1047 τάδε,
1155 1017 1215 1050 355

280 1056 418 1094 λεκτοὺς
436 1058 598 1104 ἀθροίσας
616 1057 705 1104 δεῦρ’
723 1057 905 1103 Ἀθηναίων
923 1061 1040 1105 κόρους

280 1108 362 1154 ἥξω·
389 1110 467 1157 παρ’
488 1109 606 1146 ὅπλοις
623 1110 652 1144 θ’
671 1110 790 1155 ἥμενος
806 1111 933 1157 πέμψω
950 1111 1075 1158 λόγους

283 1162 431 1207 Κρέοντι,
450 1167 572 1209 νεκρῶν
590 1162 718 1207 σώματ’
739 1162 976 1208 ἐξαιτούμενος.

278 1214 367 1257 ἀλλ’,
387 1214 412 1249 ὦ
429 1218 569 1262 γεραιαὶ,
591 1216 684 1260 σέμν’
703 1214 877 1261 ἀφαιρεῖτε
895 1216 1006 1262 στέφη

279 1268 412 1313 μητρὸς,
431 1269 515 1314 πρὸς
534 1267 644 1303 οἴκους
663 1269 706 1304 ὣς
725 1282 774 1303 νιν
793 1268 918 1314 Αἰγέως
935 1268 1018 1314 ἅγω,
1153 1270 1215 1311 360

279 1319 385 1365 φίλην
402 1321 588 1366 προσάψας
604 1323 712 1366 χεῖρα·
740 1322 810 1356 τοῖς
827 1322 962 1354 τεκοῦσι
979 1319 1045 1367 γὰρ

278 1371 452 1416 δύστηνος,
472 1373 566 1408 ὅστις
582 1370 832 1416 μάντιδουλεύει
849 1372 980 1407 τέκνων·

277 1425 463 1459 κάλλιστον
481 1425 597 1471 ἔρανον
615 1425 692 1460 δοὺς
708 1425 774 1472 γὰρ
792 1424 1002 1467 ἀντιλάζυται

277 1477 404 1512 παίδων
420 1476 498 1523 παρ’
516 1477 617 1512 αὑτοῦ
634 1475 753 1517 τοιάδ’,
767 1475 807 1511 ἂν
819 1479 954 1512 τοκεῦσι
968 1477 1028 1526 δῷ.
1134 1482 1218 1523 364

274 1531 459 1570 ίππόβυτον
469 1528 606 1576 Ἄργος,
627 1528 652 1563 ὦ
670 1529 809 1575 πάτριον
826 1529 905 1574 ε’μὸν
921 1513 1033 1575 πέδόν,
1135 1545 1213 1579 στρ.

275 1581 409 1616 εκλύετε
426 1583 504 1616 τάδε
522 1597 546 1627 γ
580 1579 704 1616 ε’κλύετ’
724 1582 861 1618 ἄνακτος
1052 1576 1211 1631 [θΑργος.

275 1634 355 1668 ὅσια
384 1635 461 1680 περὶ
495 1634 590 1670 θεοὺς
621 1635 673 1668 καὶ
699 1635 830 1680 μεγάλᾳ
856 1632 1036 1681 Πελασγίᾳ
1062 1634 1115 1670 καὶ
1142 1634 1211 1670 κατ’

274 1687 303 1721 (ἶ
321 1687 385 1733 ’γὰρ
405 1702 458 1721 ern
477 1701 580 1732 Τερμα
598 1688 650 1720 Καὶ
668 1701 706 1720 ΤΟ
724 1686 829 1721 πλέον
847 1687 933 1732 ἐμῶν
950 1689 1057 1721 Κακῶν
1142 1686 1210 1722 ἀντ.
1247 1710 1251 1714 ·

276 1740 422 1784 ἱκόμενος
439 1739 488 1773 ἔτι
505 1738 644 1785 ματέρος
661 1739 797 1784 ἄγαλμα
963 1749 1026 1783 370
1057 1737 1209 1784 [ἀνὴσας.

274 1792 393 1836 φόνιον
420 1791 546 1835 ἐξέλοι,
574 1793 638 1837 γᾶν
664 1791 700 1825 δὲ
735 1791 843 1837 φίλαν
877 1790 938 1825 τὰν
963 1790 1096 1837 Ἰνάχου
1127 1790 1210 1826 θεῖτ’

273 1844 375 1877 καλὸν
393 1843 422 1878 δ’
442 1844 576 1889 ἄγαλμα
592 1845 737 1879 πόλεσιν
754 1842 898 1888 εὐσεβὴς
914 1844 1024 1885 πόνος,
1053 1857 1129 1891 στρ.
1148 1857 1210 1889 373

271 1898 370 1942 χάριν
386 1896 415 1930 τ’
435 1896 506 1940 ἔχει
523 1896 584 1930 τὰν
602 1896 707 1931 ε’σαεί.

236 1945 247 1947 ῖ
272 1947 306 1982 τί
322 1963 379 1993 μοι
396 1949 496 1983 πόλις
514 1950 627 1994 κρανεῖ
642 1946 718 1983 ποτ’
731 1963 743 1988 ,·
755 1990 758 1991 ⁷
769 1946 834 1994 ἆρα
851 1948 952 1994 φίλιά
969 1963 1027 1994 μοι
1147 1961 1208 1995 375

271 2002 364 2044 τεμεῖ
381 2001 433 2035 καὶ
451 2002 575 2036 τέκνοις
591 2001 701 2046 ταφὰς
718 1999 949 2047 ληψόμεσθα,·

269 2054 371 2096 ι’ίμυνε
389 2054 498 2099 ματρὶ,
517 2054 627 2096 πόλις,
646 2054 758 2097 ι’ίμυνε,
778 2053 972 2094 Παλλάδος,
1139 2054 1207 2090 ἀντ.

272 2106 390 2149 νόμους
407 2106 540 2150 βροτῶν
557 2105 601 2150 μὴ
619 2105 768 2150 μιαίνειν.

271 2156 316 2192 σύ
333 2172 385 2192 τοι
404 2158 518 2200 σέβεις
536 2158 639 2197 δίκαν,
659 2160 697 2192 τὸ
716 2155 744 2192 δ’
763 2156 875 2202 ἧσσον
892 2156 1001 2203 ἀδικίᾳ

233 2239 238 2243 ,
271 2210 387 2253 νέμεις,
406 2212 464 2244 τόν
481 2224 517 2244 τε
536 2210 685 2255 δυστυχῆ
703 2210 811 2245 πάντα
826 2208 912 2257 ῥύει.
1145 2216 1208 2254 380

170 2267 242 2298 011.

274 2262 394 2307 τέχνην
409 2262 471 2307 μὲν
488 2263 539 2296 ἀεὶ
555 2261 646 2307 τήνδ’
667 2263 754 2307 ἔχων
770 2262 942 2308 ὑπηρετεῖς

267 2316 368 2350 πόλει
385 2328 422 2348 τε
440 2314 548 2358 κάμοὶ,
567 2314 736 2361 διαφέρων
754 2312 954 2361 κηρύγματα·

271 2366 383 2402 ἐλθὼν
401 2366 429 2400 δ’
448 2366 531 2411 ὑπέρ
548 2366 577 2401 τ’
598 2365 756 2402 Ἀσωπὸν
775 2365 929 2411 ’Ῑσμηνοῦ
949 2365 979 2401 θ’
999 2365 1087 2415 ὕδωρ

270 2422 382 2466 σεμνῷ
401 2419 549 2466 τυράννῳ
567 2419 675 2466 φράζε
694 2419 866 2464 Καδμείων
882 2420 971 2454 τάδε·

271 2470 401 2509 Θησεύς
420 2470 454 2505 σ’
474 2470 606 2506 ἀπαιτεῖ
621 2472 706 2518 πρὸς
721 2472 821 2518 χάριν
839 2470 949 2517 θάψαι
967 2470 1111 2518 νεκροὺς,
1143 2476 1203 2518 385

269 2520 458 2570 συγγείτον’
478 2523 576 2560 οἶκῶν
592 2526 701 2571 γαῖαν,
720 2523 821 2567 ἀξιῶν
838 2525 962 2569 τυχεῖν,

268 2577 374 2622 φίλον
390 2589 427 2610 τε
446 2574 566 2610 θέσθαι
583 2575 677 2611 πάντ’
698 2575 919 2623 Ἐρεχθειδῶν
935 2577 1034 2611 λεών.

269 2628 329 2663 κᾶν
345 2628 405 2673 μὲν
423 2626 575 2662 θέλωσιν
592 2627 732 2668 αἰνέσαι,
752 2628 965 2664 παλίσσυτος

226 2686 229 2689 .
331 2682 344 2689 ,-
369 2676 378 2689 9
413 2679 426 2693 ᾳ
490 2679 497 2693 ,
529 2681 537 2692 ,
629 2684 644 2691 ..
675 2680 684 2692 2
734 2679 749 2691 a
848 2678 858 2690 Ι
1001 2681 1010 2694 ι

269 2694 368 2726 στειχ
381 2706 390 2721 ,
409 2694 449 2724 ην
468 2681 487 2715 δ
518 2695 696 2724 απιστωσ,
715 2681 785 2716 οιδε
803 2681 950 2727 δευτεροι
967 2681 1077 2728 λογοι,

167 3204 241 3233 ΚΗ.

168 3411 242 3441 011.

268 2736 377 2776 κῶμον
394 2731 556 2777 δέχεσθαι
573 2734 632 2767 τὸν
650 2734 728 2776 ε’μὸν
745 2733 990 2778 ἀσπιδηφόρον·
1142 2747 1205 2778 390

269 2786 411 2831 στρατὸς
430 2785 465 2818 δέ
485 2784 609 2820 θάσσει
628 2784 837 2828 κάξετάζεται
853 2785 968 2831 παρὼν

272 2837 484 2881 Καλλίχορον
501 2836 590 2882 ἀμφὶ
608 2838 732 2882 σεμνὸν
749 2836 906 2883 εὐτρεπὴς
922 2835 991 2873 ὅδε.

268 2891 322 2924 καὶ
340 2891 404 2934 μὴν
422 2889 548 2923 ἑκοῦσά
564 2888 597 2935 γ’
618 2888 744 2934 ἀσμένη
762 2887 791 2922 τ’
813 2888 948 2933 ἐδέξατο

266 2944 366 2977 πόλις
382 2942 485 2975 πόνον
501 2940 602 2984 τόνδ’,
622 2941 666 2977 ὡς
684 2941 825 2975 θέλοντά
841 2936 877 2985 μ’
892 2939 1029 2986 ᾔσθετο.

268 2994 316 3027 ἔα·
342 2994 456 3038 λόγων
472 3007 522 3031 τις
541 2993 692 3037 ἐμποδὼν
709 2991 758 3027 ὅδ’
778 2993 911 3038 ἔρχεται
1141 3008 1201 3040 395

268 3046 442 3089 Καδμεῖος,
463 3045 508 3080 ὡς
525 3046 640 3085 ἔοικεν,
660 3045 699 3079 οὐ
718 3043 803 3089 σάφ’
822 3041 884 3079 οἶδ’
905 3044 966 3086 ὅτι,

268 3096 384 3143 κῆρυξ.
423 3097 572 3141 ἐπίσχες,
592 3098 632 3141 ἤν
650 3095 685 3131 σ’
705 3095 885 3141 ἀπαλλάξῃ
903 3099 1005 3133 πόνου

268 3150 382 3194 μολὼν
400 3148 548 3191 ὑπαντὰξ
565 3150 635 3184 τοῖς
653 3149 742 3192 ἐμοῖς
759 3146 1000 3194 βουλεύμασιν.

269 3203 320 3237 τίς
336 3202 398 3247 γῆς
415 3198 594 3246 τύραννος,·
620 3202 705 3246 πρὸς
722 3196 783 3235 τίν’
803 3198 960 3247 ἀγγεῖλαί
975 3216 1017 3246 με
1032 3204 1098 3249 χρὴ

268 3253 392 3298 λόγους
410 3253 582 3301 Κρέοντος,
603 3251 639 3288 ὃς
657 3254 770 3298 κρατεῖ
788 3253 922 3297 Κάδμου
938 3253 1069 3299 χθονὸς,
1141 3269 1203 3299 400

269 3305 483 3340 Ἐτεοκλέους
501 3303 656 3340 θανόντος
673 3302 760 3350 ἀμφ’
780 3305 1008 3349 ἑπταστόμους

268 3355 378 3392 πύλας
394 3356 548 3402 ἀδελφοῦ
563 3357 652 3402 χειρὶ
671 3352 893 3393 Πολυνείκους
909 3355 996 3398 zaro,-

269 3410 402 3454 πρῶτον
417 3408 478 3452 μὲν
495 3407 586 3454 ἤρξω
603 3410 662 3442 τοῦ
679 3408 786 3454 λόγου
802 3407 950 3454 ψευδῶς,
969 3409 1053 3455 ξένε,

270 3461 374 3504 ζητῶν
390 3458 547 3506 τύραννον
565 3457 688 3494 ἐνθάδ’.
726 3460 766 3494 οὗ
782 3460 848 3506 γὰρ
866 3460 1003 3507 ἄρχεται

270 3512 342 3547 ἑνὸς
357 3512 441 3558 πρὸς
458 3512 588 3558 ἀνδρὸς,
607 3509 687 3545 ἀλλ’
708 3509 866 3558 ἐλευθέρα
882 3514 993 3550 πόλις.
1072 3511 1088 3516 '
1141 3526 1202 3559 405

271 3564 374 3611 δῆμος
391 3562 422 3600 δ’
439 3562 582 3600 ἀνάσσει
601 3563 810 3610 διαδοχαῖσιν
827 3563 862 3600 έν
878 3564 970 3612 μέρει

1157 499 1218 531 345
1263 491 1340 521 KH·

1258 1379 1332 1409 ΘΗ.

1247 3312 1318 3341 XO.

1250 3415 1322 3445 KH.

1365 379 1596 420 ἐνιαυσίαισιν,
1616 379 1692 425 οὐχὶ
1709 381 1755 427 τῷ
1772 378 1908 427 πλούτῳ
1924 378 2037 415 διδοὺς

1365 434 1404 468 τὸ
1420 434 1550 475 πλεῖον,
1568 432 1661 467 ἀλλὰ
1677 432 1729 477 χῶ
1746 431 1847 476 πένης
1863 433 1951 477 ἔχων
1966 429 2056 467 ἴσον.

1368 484 1404 520 ἓν
1419 485 1481 530 μὲν
1497 483 1566 519 τόδ’
1584 484 1673 528 ἡμῖν,
1693 484 1809 530 ὥσπερ
1826 484 1862 518 ἐν
1878 485 2034 521 πεσσοῖς,
2054 483 2153 519 δίδως

1366 539 1535 584 κρεῖσσον·
1562 538 1662 573 πόλις
1678 537 1745 583 γὰρ
1762 534 1801 579 ἧς
1819 536 1885 582 ἐγὼ
1901 534 2034 582 πάρειμ’
2055 535 2121 570 ἀπο
2237 547 2299 578 4ιο

1365 590 1437 626 ἑνὸς
1453 590 1537 636 πρὸς
1555 589 1684 635 ἀνδρὸς,
1702 588 1762 623 οὔκ
1779 586 1884 635 ὄχλῳ,
1903 586 2103 634 κρατύνεται·

1364 641 1433 677 οὐδ’
1452 641 1547 676 ἔστιν
1563 641 1666 685 αὐτὴν
1683 640 1778 677 ὅστις
1796 640 1964 685 ἐκχαυνῶν
1978 641 2096 685 λόγοις

1361 694 1447 740 πρὸς
1463 694 1578 740 κέρδος
1594 692 1681 728 ἴδιον
1697 693 1804 728 ἄλλος
1821 692 1953 727 ἄλλοσε
1971 691 2124 738 στρέφει.

1364 748 1383 780 ὁ
1401 744 1432 780 δ’
1450 746 1556 791 αὐτίχ’
1575 745 1655 790 ἡδὺς
1673 746 1726 780 καὶ
1744 744 1853 780 διδοὺς
1871 743 2005 788 πολλὴν
2021 745 2120 789 χάριν

1363 798 1512 834 εἰσαῦθις
1529 795 1674 844 ἔβλαψ’,
1695 794 1766 832 εἷτα
1782 797 1958 838 διαβολαῖς
1975 796 2061 831 νέαις
2236 809 2272 839 4¹
2280 808 2295 840 5

1360 850 1493 897 κλέψας
1509 851 1551 885 τὰ
1568 849 1700 896 πρόσθε
1718 847 1892 895 σφάλματ’
1911 847 2008 892 ἐξέδυ
2027 848 2125 891 δίκης.

1361 903 1478 939 ἄλλως
1494 912 1532 937 τε
1548 906 1618 938 πῶς
1636 902 1676 937 ἃν
1693 902 1737 947 μὴ
1757 899 1937 948 διορθεύων
1953 902 2077 946 λόγους

1361 954 1468 1001 ὀρθῶς
1486 954 1609 990 δύναιτ’
1629 954 1669 989 ἃν
1686 955 1788 999 δῆμος
1806 952 1953 988 εὐθύνειν
1968 954 2089 992 πόλιν,·

1361 1010 1380 1042 ὁ
1396 1007 1462 1054 γὰρ
1479 1009 1601 1054 χρόνος
1617 1006 1764 1052 μάθησιν
1779 1005 1852 1041 ἀντὶ
1869 1007 1928 1040 τοῦ
1945 1007 2069 1051 τάχους

1361 1060 1511 1106 κρείσσω
1529 1059 1658 1095 δίδωσι.
1694 1059 1839 1106 γαπόνος
1857 1057 1886 1093 δ’
1905 1058 1986 1103 ἀνὴρ
2003 1057 2114 1101 πένης,
2235 1071 2298 1097 4ςο

1362 1112 1391 1146 εἶ
1409 1114 1463 1147 καὶ
1480 1112 1610 1159 γένοιτο
1627 1110 1789 1157 μάμαθῆς,
1808 1112 1916 1157 ἔργων
1932 1108 1998 1145 ὕπο

1361 1165 1420 1199 οὐκ
1438 1164 1478 1200 ἂν
1496 1163 1627 1199 δύναιτο
1644 1164 1729 1210 πρὸς
1745 1164 1787 1198 τὰ
1805 1163 1884 1197 κοίν’
1904 1160 2123 1204 ἀποβλέπειν.

1359 1215 1380 1260 ἦ
1400 1217 1440 1261 δὴ
1459 1217 1604 1252 νοσῶδες
1621 1219 1720 1251 τοῦτο
1737 1218 1807 1252 τοῖς
1824 1212 2006 1260 ἀμείνοσιν,

1361 1268 1440 1304 ὅταν
1455 1270 1599 1315 πονηρὸς
1616 1267 1732 1313 ἀξίωμ’
1751 1268 1832 1315 ἀνὴρ
1851 1269 1923 1313 ἔχῃ,

1359 1323 1506 1368 γλώσσῃ
1523 1322 1701 1366 κατασχὼν
1718 1321 1822 1365 δῆμον
1839 1320 1935 1355 οὐδὲν
1952 1318 1998 1354 ὢν
2014 1321 2053 1354 τὸ
2070 1319 2162 1366 πρίν.
2233 1333 2272 1363 42
2277 1332 2294 1365 5

1358 1374 1495 1420 κομψός
1510 1373 1543 1419 γ’
1563 1375 1581 1407 ὁ
1600 1372 1704 1419 κῆρυξ
1722 1374 1774 1407 καὶ
1791 1374 2002 1419 παρεργάτης
2018 1374 2140 1419 λόγων.

1360 1427 1431 1461 ἐπεὶ
1449 1425 1479 1461 δ’
1499 1426 1611 1472 ἀγῶνα
1629 1425 1681 1460 καὶ
1700 1425 1744 1460 σὺ
1762 1424 1852 1460 τόνδ’
1871 1423 2037 1470 ἠγωνίσω,

1360 1478 1463 1513 ἄκου’·
1491 1479 1637 1523 ἅμιλλαν
1653 1479 1719 1524 γὰρ
1738 1477 1783 1512 σὺ
1800 1477 1989 1524 προῦθηκας
2005 1478 2127 1524 λόγων.

1359 1531 1455 1565 οὐδὲν
1471 1531 1631 1577 τυράννου
1649 1529 1914 1576 δυσμενέστερον
1930 1531 2040 1572 πόλει,

1360 1584 1444 1618 ὅπου
1461 1585 1500 1618 τὸ
1518 1584 1578 1628 μὲν
1594 1584 1784 1629 πρώτιστον
1801 1582 1860 1616 οὐκ
1878 1582 1965 1616 εἷσὶν
1982 1583 2076 1627 νόμοι
2234 1596 2295 1625 430

1360 1636 1474 1676 κοινοὶ,
1494 1638 1606 1682 κρατεῖ
1622 1635 1650 1669 δ’
1670 1633 1715 1671 εἷς
1733 1636 1792 1669 τὸν
1809 1636 1908 1679 νόμον
1925 1634 2118 1678 κεκτημένος

1359 1688 1457 1724 αὐτὸς
1473 1688 1551 1735 παρ’
1571 1688 1668 1735 αὑτῷ,
1688 1688 1741 1722 καὶ
1758 1684 1828 1721 τόδ’
1849 1686 1952 1721 οὐκέτ’
1971 1684 2044 1721 ἔστ’
2063 1684 2150 1720 ἴσον.

1358 1743 1594 1787 γεγραμμένων
1612 1741 1647 1774 δὲ
1665 1743 1730 1774 τῶν
1748 1741 1855 1783 νόμων
1873 1739 1891 1773 ὅ
1908 1739 1938 1773 τ’
1958 1738 2102 1783 ἀσθενὴς

1358 1795 1377 1827 ὁ
1394 1792 1558 1829 πλούσιός
1575 1807 1612 1827 τε
1629 1792 1689 1837 τὴν
1707 1791 1799 1836 δίκην
1816 1790 1894 1835 ἴσην
1911 1792 1992 1837 ἔχει,

1358 1846 1453 1882 ἔστιν
1469 1844 1499 1880 δ’
1520 1846 1667 1881 ἐνισπεῖν
1683 1846 1793 1879 τοῖσιν
1810 1843 2066 1889 ἀσθενεστέροις
2232 1856 2293 1889 435

1357 1898 1416 1933 τὸν
1433 1898 1633 1943 εὐτυχοῦντα
1650 1895 1754 1938 ταῦθ’,
1775 1897 1853 1931 ὅταν
1870 1896 1953 1939 κλύῃ
1973 1898 2088 1936 κακῶς,

1358 1953 1431 1995 νικᾷ
1450 1947 1480 1985 δ’
1502 1953 1520 1984 ὁ
1538 1950 1640 1995 μείων
1656 1950 1715 1984 τὸν
1731 1949 1835 1995 μέγαν
1853 1947 1950 1983 δίκαι’
1971 1949 2068 1993 ἔχων.

1356 2001 1577 2049 τούλεύθερον
1595 2002 1624 2037 δ’
1645 2002 1759 2037 ἐκεῖνο·
1786 2002 1836 2037 τίς
1855 2000 1946 2035 θέλει
1963 2002 2062 2035 πόλει

1354 2056 1506 2102 χρηστόν
1522 2069 1554 2089 τι
1571 2054 1732 2099 βούλευμ’
1752 2055 1785 2090 ἐς
1802 2053 1908 2097 μέσον
1925 2052 2041 2099 φέρειν
2058 2052 2166 2097 ἔχωνς

1356 2109 1409 2142 καὶ
1426 2104 1520 2141 ταῦθ’
1541 2109 1560 2141 ὁ
1577 2106 1709 2153 χρῄζων
1725 2107 1879 2153 λαμπρός
1897 2104 1984 2144 ἐσθ’,
2000 2106 2019 2139 ό
2036 2105 2081 2150 μὴ
2100 2104 2213 2139 θέλων
2229 2117 2291 2147 440

1357 2163 1450 2206 σιγᾷ.
1480 2161 1514 2195 τί
1531 2159 1656 2194 τούτων
1673 2157 1746 2193 ἔστ’
1767 2159 1935 2204 ἰσαίτερον
1951 2158 2075 2197 πόλεις

1355 2214 1408 2248 καὶ
1425 2212 1489 2257 μὴν
1507 2211 1591 2247 ὅπου
1609 2226 1648 2258 γε
1667 2212 1769 2256 δῆμος
1787 2210 1942 2254 εὐθυντὴς
1958 2209 2092 2255 χθονὸς,

1354 2265 1498 2300 ὑποῦσιν
1520 2264 1637 2300 ἀστοῖς
1655 2264 1767 2308 ἥδεται
1786 2263 1934 2298 νεανίαις·

1355 2317 1436 2363 ἀνὴρ
1455 2317 1490 2351 δὲ
1507 2316 1672 2358 βασιλεὺς
1690 2315 1812 2362 ἐχθρὸν
1829 2315 1956 2361 ἡγεῖται
1973 2313 2063 2357 τόδε,

1355 2371 1408 2405 καὶ
1425 2369 1502 2405 τοὺς
1519 2369 1688 2415 ἀρίστους,
1708 2367 1764 2404 οὓς
1782 2367 1822 2402 ἂν
1838 2367 1957 2414 ἡγῆται
1974 2367 2124 2413 φρονεῖν,
2229 2378 2288 2411 445

1354 2422 1481 2461 κτείνει,
1502 2422 1656 2457 δεδοικὼς
1672 2421 1731 2464 τῆς
1747 2420 1937 2466 τυραννίδος
1952 2419 2039 2465 πέρι.
2291 2424 2294 2426 ’

1352 2479 1423 2510 πῶς
1440 2473 1498 2509 οὖν
1515 2474 1559 2508 ἔτ’
1578 2473 1618 2507 ἂν
1635 2471 1756 2519 γένοιτ’
1776 2473 1815 2507 ἂν
1834 2472 1959 2518 ἷσχυριὶ
1975 2472 2085 2512 πόλις,

1355 2528 1433 2561 ὅταν
1448 2541 1499 2562 τις
1516 2527 1560 2562 ὦς
1576 2527 1737 2569 λειμῶνος
1754 2523 1867 2571 ἧρινοῦ
1886 2526 2016 2570 στάχυν

1351 2582 1477 2623 τόλμας
1494 2579 1621 2624 ἀφαιρῇ
1639 2577 1847 2621 κάπολωτίζῃ
1866 2577 1976 2617 νέους,·

1351 2629 1494 2666 κτᾶσθαι
1513 2631 1548 2665 δέ
1565 2631 1714 2665 πλοῦτον
1731 2631 1784 2665 καὶ
1801 2629 1880 2672 βίον
1896 2629 1930 2664 τί
1947 2629 1999 2664 δεῖ
2014 2629 2149 2669 τέκνοις,
2226 2641 2288 2674 450

1352 2684 1396 2719 ὡς
1413 2687 1460 2731 τῷ
1478 2683 1625 2730 τυράννῳ
1642 2682 1768 2717 πλείον’
1788 2681 1934 2728 ἐκμοχθῇ
1952 2682 2051 2725 βίους

1351 2735 1370 2780 ἢ
1388 2733 1602 2781 παρθενεύειν
1617 2735 1736 2770 παῖδας
1755 2735 1790 2769 ἐν
1808 2734 1921 2780 δόμοις
1939 2734 2058 2773 καλῶς,

1352 2788 1492 2833 τερπνὰς
1510 2788 1679 2833 τυράννοις
1697 2786 1825 2831 ἡδονὰς,
1845 2786 1925 2822 ὅταν
1942 2787 2036 2830 θέλῃ,

1350 2840 1473 2885 δάκρυα
1491 2839 1527 2873 δὲ
1545 2841 1614 2875 τοῖς
1630 2841 1790 2885 γονεῦσι,·
1819 2839 1865 2884 μὴ
1884 2838 1968 2888 ζῴην
1985 2840 2046 2880 ἔτι,

1351 2892 1381 2925 εἷ
1398 2891 1485 2935 τάμὰ
1501 2891 1598 2925 τέκνα
1614 2891 1699 2937 πρὸς
1715 2891 1796 2933 βίαν
1812 2891 2050 2939 νυμφεύσεται.
2224 2904 2260 2933 45
2268 2903 2282 2933 5

1349 2945 1402 2978 καὶ
1419 2945 1522 2977 ταῦτα
1538 2944 1599 2988 μὲν
1616 2943 1656 2983 δὴ
1674 2943 1759 2989 πρὸς
1776 2944 1818 2978 τὰ
1836 2941 1872 2978 σ’
1893 2944 2100 2989 ἐξηκόντισα.

1350 2996 1439 3039 ἥκεις
1457 2995 1493 3029 δὲ
1513 2995 1552 3040 δὴ
1571 2995 1605 3030 τί
1621 2995 1727 3039 τῆσδε
1742 2997 1805 3042 γῆς
1822 2997 2044 3043 κεχρημένος,·

1351 3048 1473 3082 κλαίων
1489 3047 1520 3093 γ’
1537 3047 1578 3082 ἂν
1594 3046 1708 3091 ἦλθες,
1728 3046 1760 3082 εἴ
1775 3061 1818 3083 σε
1835 3049 1880 3092 μὴ
1899 3048 2047 3094 ’πεμψεν
2062 3047 2171 3088 πόλις,

1347 3099 1499 3144 περισσὰ
1516 3099 1647 3145 φωνῶν·
1674 3101 1733 3134 τὸν
1748 3099 1814 3145 γὰρ
1833 3099 1979 3147 ὅγγελον
1995 3099 2104 3145 χρεὼν

1347 3149 1483 3194 λέξανθ’
1503 3149 1558 3186 ὅσ’
1578 3152 1619 3185 ἂν
1633 3151 1716 3196 τάξῃ
1734 3165 1786 3187 τις
1802 3152 1845 3187 ὦς
1862 3153 1966 3197 τάχος
1982 3152 2088 3187 πάλιν
2222 3153 2283 3192 460

1348 3205 1480 3249 χωρεῖν.
1518 3204 1557 3238 τὸ
1574 3204 1694 3238 λοιπὸν
1711 3203 1740 3238 δ’
1759 3203 1807 3239 εἷς
1825 3204 1905 3250 ε’μὴν
1921 3205 2022 3239 πόλιν
2039 3201 2151 3248 Κρέων

1347 3254 1459 3298 ἧσσον
1474 3256 1583 3290 λάλον
1601 3268 1665 3290 σου
1681 3255 1837 3300 πεμπέτω
1855 3256 1914 3290 τιν’
1934 3257 2090 3303 ἄγγελον.

1347 3308 1414 3352 φεῦ
1431 3307 1510 3352 φεῦ·
1538 3309 1689 3343 κακοῖσιν
1706 3308 1750 3344 ὣς
1768 3306 1846 3342 ὅταν
1864 3307 1988 3352 δαίμων
2005 3307 2084 3355 διδῷ

1349 3360 1469 3399 καλῶς,
1487 3358 1675 3405 ὑβρίζουσ’,
1694 3360 1739 3396 ὥς
1756 3359 1807 3393 ἀεὶ
1823 3359 2006 3406 πράξοντες
2024 3357 2068 3394 εὖ.

1348 3410 1478 3456 λέγοιμ’
1497 3410 1538 3445 ἂν
1554 3411 1628 3456 ἤδη.
1665 3415 1731 3446 τῶν
1746 3412 1807 3455 μὲν
1824 3410 2057 3458 ἠγωνισμένων
2220 3412 2279 3457 465

1350 3463 1407 3497 σοὶ
1423 3462 1485 3507 μὲν
1501 3462 1637 3498 δοκείτω
1654 3461 1759 3504 ταῦτ’,
1778 3463 1851 3507 ἐμοὶ
1869 3464 1905 3498 δὲ
1922 3462 2045 3498 τάντία.

1350 3514 1416 3560 ἐγὼ
1434 3513 1464 3548 δ’
1483 3513 1618 3550 ἀπαυδῶ
1635 3516 1701 3551 πᾶς
1717 3529 1755 3549 τε
1773 3514 1935 3560 Καδμεῖος
1951 3516 2039 3551 λεὼς

1343 3563 1538 3614 ΙΙἈδραστον
1555 3565 1589 3604 ἐς
1604 3568 1668 3614 γῆν
1684 3565 1782 3614 τήνδε
1792 3567 1838 3614 μὴ
1855 3567 2015 3616 παριέναι·
