2488 3860
890 307 1189 353 01A1n0‘r2
1226 308 1559 355 ΤΥΡΑΝΝΟΣ.
1936 353 1940 359 ,
2237 312 2316 357 119

272 413 412 464 ἀρεῖσθε
427 413 562 457 πένθος,
582 412 675 463 εἴπερ
694 414 838 463 ἐγγενῶς
854 415 904 450 ἔτι

273 474 340 506 τῶν
357 468 574 513 Λαβδακείων
591 468 794 516 ἐντρέπεσθε
812 468 985 514 δωμάτων.

276 521 369 569 οἶμαι
385 524 452 570 γὰρ
470 521 539 558 οὔτ
558 520 625 557 ἂν
626 527 750 569 Ῑστρον
767 523 845 557 οὔτε
863 523 972 557 Φᾶσιν
989 519 1030 555 ἂν

273 576 374 624 νίψαι
392 575 550 625 καθαρμῷ
567 573 667 620 τηνδε
684 575 745 620 τὴν
763 575 900 622 στέγην,
921 572 989 609 ὅσα

274 628 396 665 κεύθει·
425 628 468 664 τὰ
485 627 515 664 δ’
535 626 641 664 αὐτίκ’
667 627 702 664 ές
722 626 762 662 τὸ
783 629 860 673 φῶς
877 627 982 674 φανεῖ
997 624 1081 660 κακὰ

275 683 393 718 ἑκόντα
409 695 490 716 κουκ
508 681 642 716 ἄκοντα.
672 684 740 716 τῶν
757 681 794 716 δὲ
811 683 969 725 πημονῶν

274 736 428 780 μάλιστα
443 733 592 770 λυποῦσ’
612 731 646 769 αἳ
664 733 798 780 φανῶσ’
817 732 1022 780 αὐθαίρετοι.

173 792 244 824 XO.
274 787 386 824 λείπει
398 787 460 833 μὲν
478 786 548 823 οὔδ’
567 786 590 822 ἃ
606 786 760 834 πρόσθεν
776 785 898 832 ᾔδεμεν
915 786 954 820 τὸ
972 783 1017 830 μὴ
1036 783 1076 819 οὗ

279 838 465 889 βαρύστον’
483 836 577 876 εἶναι·
605 841 691 887 πρὸς
709 838 738 875 δ’
758 839 936 874 ἐκείνοισιν
953 838 987 873 τί
1004 835 1097 883 φῄς-ς

173 898 246 932 ΕΞ.
278 896 298 930 ὁ
314 895 377 940 μὲν
393 894 558 940 τάχιστος
575 896 641 928 τῶν
657 894 772 939 λόγων
790 892 895 927 εἰπεῖν
911 906 950 926 τε
967 890 1022 926 καὶ

274 947 405 993 μαθεῖν,
424 946 561 991 τέθνηκε
577 945 670 981 θεῖον
685 945 862 989 Ἰοκάστης
880 945 976 992 κάρα.

173 1005 246 1036 ΧΟ.
275 1000 302 1035 ὦ
319 1001 540 1040 δυστάλαινα,
559 1000 646 1046 πρὸς
662 999 752 1036 τίνος
769 996 845 1034 ποτ’
863 997 971 1034 αἰτίας
984 1009 994 1038 ;

175 1057 243 1091 ΕΞ.
276 1053 359 1098 αὐτὴ
377 1054 463 1101 πρὸς
479 1052 592 1097 αὑτῆς.
622 1055 690 1087 τῶν
708 1053 744 1087 δὲ
762 1050 982 1099 πραχθέντων
998 1050 1041 1085 τὰ
1058 1049 1119 1096 μέν

275 1105 413 1154 ἄλγιστ’
432 1105 587 1142 ἄπεστιν·
617 1104 636 1150 ἡ
654 1105 721 1152 γὰρ
740 1103 824 1151 ὄψις
842 1104 882 1139 οὗ
899 1104 1003 1150 πάρα.

276 1159 367 1205 ὅμως
385 1159 428 1200 δ’,
447 1158 533 1194 ὅσον
549 1174 590 1206 γε
609 1158 670 1193 κάν
687 1158 762 1204 ἐμοὶ
779 1156 908 1203 μνήμης
925 1157 986 1196 ἔνι,

277 1209 397 1249 πεύσει
414 1213 457 1247 τὰ
474 1212 583 1256 κείνης
599 1211 721 1247 ἀθλίας
737 1208 929 1255 παθήματα.

277 1265 369 1302 ὅπως
384 1265 451 1313 γὰρ
469 1265 554 1312 ὀργῇ
572 1264 727 1311 χρωμένη
746 1262 897 1310 παρῆλθ’
916 1263 989 1297 ἔσω

279 1318 439 1365 θυρῶνος,
457 1315 516 1353 ἵετ’
535 1317 616 1352 εὐθὺ
633 1318 719 1364 πρὸς
736 1317 779 1351 τὰ
796 1316 947 1362 νυμφικὰ

276 1371 376 1418 λέχη,
396 1372 501 1417 κόμην
521 1369 635 1406 σπῶσ’
655 1369 870 1415 ἀμφιδεξίοις
888 1369 1018 1413 ἀκμαῖς·

279 1423 388 1461 πύλας
406 1423 449 1464 δ’,
469 1422 560 1460 ὅπως
579 1422 732 1468 εἰσῆλθ’,
752 1420 951 1469 ἐπιρρήξασ’
971 1422 1042 1456 ἔσω

280 1479 375 1513 καλεῖ
393 1477 452 1512 τὸν
468 1477 530 1522 ἤδη
550 1477 654 1512 Λάῖον
670 1476 778 1511 πάλαι
795 1476 923 1522 νεκρὸν,

277 1528 408 1577 μνήμην
424 1531 579 1565 παλαιῶν
597 1530 801 1576 σπερμάτων
818 1527 935 1574 ἔχουσ’
954 1525 1015 1574 ὑφ’
1034 1527 1080 1562 ὧν

280 1583 376 1619 θάνοι
392 1582 455 1628 μὲν
471 1582 583 1623 αὐτὸς,
603 1581 664 1627 τὴν
681 1581 718 1617 δέ
735 1587 919 1616 τίκτουσαν
935 1580 1032 1616 λίποι

279 1638 352 1673 τοῖς
369 1633 462 1671 οἷσιν
478 1635 582 1671 αὐτοῦ
601 1633 786 1670 δύστεκνον
801 1633 1038 1682 παιδουργίαν.

279 1691 386 1737 γοᾶτο
404 1687 433 1724 δ’
453 1689 560 1727 εὐνὰς,
580 1687 660 1723 ἔνθα
678 1686 845 1731 δύστηνος
863 1687 1006 1723 διπλοῦς

281 1742 321 1786 ἐξ
338 1742 460 1789 ἀνδρὸς
488 1741 596 1789 ἄνδρα
619 1740 674 1775 καὶ
692 1739 776 1775 τέκν’
798 1740 834 1776 ἐκ
852 1739 976 1775 τέκνων
993 1739 1096 1775 τέκοι.

279 1794 406 1841 χῶπως
422 1794 484 1840 μὲν
502 1794 538 1829 ἐκ
554 1793 650 1829 τῶνδ’
670 1793 731 1828 οὐκ
749 1792 794 1828 ἔτ’
814 1789 876 1828 οἶδ’
896 1793 1101 1828 ἀπόλλυται.

281 1849 375 1886 Βοῶν
391 1847 458 1896 γὰρ
476 1846 675 1882 εἰσέπαισεν
694 1845 867 1886 Οἰδίπους,
887 1845 947 1892 ὑφ’
967 1844 1008 1881 οὗ

265 1900 343 1936 -οὗκ
360 1899 401 1945 ἦν
418 1901 458 1935 τὸ
476 1899 584 1945 κείνης
603 1898 832 1934 ε’κθεάσασθαι
851 1900 962 1934 κακόν·

282 1952 363 1988 ἀλλ’
383 1953 430 1990 εἰς
448 1953 574 1988 ε’κεῖνον
590 1951 829 2000 περιπολοῦντ’
849 1950 1076 1998 ἐλεύσσομεν.

283 2007 390 2052 φοιτᾷ
406 2006 485 2053 γὰρ,
506 2005 591 2051 ἡμᾶς
609 2005 712 2052 ἔγχος
730 2005 871 2050 ἐξαιτῶν
887 2007 1016 2052 πορεῖν,

285 2057 426 2104 γυναῖκά
442 2055 471 2091 τ’
491 2056 531 2091 οὔ
548 2057 699 2103 γυναῖκα,
718 2054 875 2103 μητρῴαν
893 2053 922 2089 δ’
942 2054 1027 2090 ὅπου

286 2109 378 2155 κίχοι
396 2109 520 2154 διπλῆν
537 2109 684 2156 ἄρουραν
702 2107 743 2143 οὗ
760 2122 797 2142 τε
815 2108 870 2142 καὶ
887 2107 1021 2142 τέκνων.

285 2163 465 2197 λυσσῶντι
483 2162 514 2197 δ’
531 2161 621 2209 αὐτῷ
639 2162 805 2207 δαιμόνων
823 2160 974 2195 δείκνυσί
991 2169 1054 2197 τις·

287 2215 398 2251 οὐδεὶς
413 2215 481 2262 γὰρ
499 2214 641 2262 ἀνδρῶν,
661 2211 694 2249 οἳ
710 2215 863 2260 παρῆμεν
881 2211 1034 2261 ε’γγύθεν.

287 2269 396 2303 δεινὸν
414 2267 442 2303 δ’
461 2265 582 2307 ἀΰσας,
603 2268 648 2303 ὡς
665 2267 844 2314 ὑφηγητοῦ
862 2268 964 2307 τινὸς,

286 2319 410 2358 πύλαις
428 2321 565 2357 διπλαῖς
583 2318 727 2365 ἐνήλατ’·
758 2319 794 2354 ἐκ
812 2319 850 2354 δὲ
867 2318 1040 2364 πυθμένων

287 2375 398 2409 ἔκλινε
416 2375 517 2408 κοῖλα
534 2373 676 2420 κλῇθρα,
697 2372 879 2418 κᾶμπίπτει
899 2371 1016 2419 στέγῃ.

287 2426 328 2462 οὗ
345 2426 386 2472 δὴ
405 2426 597 2474 κρεμαστὴν
614 2426 675 2471 τὴν
691 2424 818 2473 γυναῖκ’
838 2425 1024 2469 ἐσείδομεν,

284 2481 446 2516 πλεκταῖς
464 2479 583 2526 ἐώραις
600 2478 890 2525 ἐμπεπλεγμένην.
919 2479 938 2512 ὁ
957 2477 993 2512 δέ

288 2532 380 2569 ὅπως
397 2529 460 2579 ὄρᾷ
476 2546 539 2573 νιν,
559 2532 651 2567 δεινὰ
667 2531 853 2579 βρυχηθεὶς
870 2531 987 2569 τάλας,

289 2586 383 2631 χαλᾷ
400 2585 592 2632 κρεμαστὴν
610 2585 767 2632 ἀρτάνην.
798 2584 871 2619 ἐπεὶ
889 2583 926 2618 δὲ
943 2583 987 2628 γῇ

290 2639 397 2673 ἔκειτο
415 2637 564 2684 τλήμων,
584 2638 676 2673 δεινὰ
694 2638 724 2672 δ’
741 2635 782 2682 ἦν
799 2634 947 2672 τάνθένδ’
967 2636 1058 2682 ὁρᾶν.

288 2691 497 2728 ἀποσπάσας
512 2691 580 2737 γὰρ
598 2691 743 2736 εἱμάτων
759 2689 1002 2736 χρυσηλάτους

287 2744 432 2790 περόνας
448 2743 505 2780 ἀπ’
524 2744 638 2788 αὐτῆς,
658 2740 751 2778 αἷσιν
770 2742 1013 2786 ἐξεστέλλετο,

289 2796 371 2843 ἄρας
388 2797 528 2832 ἔπαισεν
545 2795 655 2843 ἄρθρα
673 2799 739 2830 τῶν
756 2795 859 2830 αὑτοῦ
877 2792 1021 2833 κύκλων,

288 2850 398 2884 αὐδῶν
415 2848 559 2890 τοιαῦθ’,
579 2847 726 2884 ὁθούνεκ’
746 2848 807 2882 οὐκ
825 2846 970 2893 ὅψοιντό
988 2860 1039 2881 νιν

289 2901 366 2936 οὔθ’
385 2899 430 2936 οἷ’
450 2902 603 2947 ἔπασχεν
620 2900 696 2935 οὔθ’
717 2902 809 2936 ὁποῖ’
827 2900 908 2946 ἔδρα
925 2899 1020 2939 κακὰ,

290 2953 370 2989 ἀλλ’
390 2955 426 2989 ἐν
444 2956 557 3002 σκότῳ
575 2955 615 2989 τὸ
632 2955 757 2989 λοιπὸν
774 2952 833 2989 οὓς
849 2953 911 2996 μὲν
928 2951 989 2986 οὐκ
1007 2951 1074 2986 ἔδει

291 3006 450 3053 ὀψοίαθ’,
470 3006 528 3044 οὓς
546 3006 575 3042 δ’
595 3007 735 3054 ἔχρῃζεν
753 3006 792 3040 οὐ
809 3003 1014 3052 γνωσοίατο.

291 3059 415 3094 τοιαῦτ’
436 3060 595 3106 ἐφυμνῶν
611 3059 780 3094 πολλάκις
797 3073 835 3092 τε
852 3058 937 3103 κούχ
955 3056 1046 3101 ἅπαξ

289 3114 418 3159 ἤρασσ’
435 3112 582 3158 ἐπαίρων
598 3111 775 3158 βλέφαρα.
805 3110 936 3156 φοίνιαι
954 3109 982 3146 δ’
1003 3111 1087 3155 ὁμοῦ

289 3166 413 3213 γλῆναι
430 3164 528 3212 γένει’
547 3165 698 3211 ἔτεγγον,
718 3163 787 3199 οὐδ’
808 3163 946 3198 ἀνίεσαν

292 3219 403 3264 φόνου
419 3218 580 3263 μυδῶσας
599 3218 778 3262 σταγόνας,
798 3215 877 3251 ἀλλ’
897 3217 981 3261 ὁμοῦ
998 3215 1104 3261 μέλας

296 3268 424 3315 ὄμβρος
441 3269 573 3314 χάλαζά
591 3267 624 3302 θ’
644 3266 846 3311 αἱματοῦσσ’
867 3267 1038 3315 ε’τέγγετο.

297 3319 385 3367 [τάδ’
405 3321 441 3356 ἐκ
459 3321 553 3356 δυοῖν
570 3321 729 3366 ἔρρωγεν,
750 3319 790 3354 οὗ
807 3321 923 3364 μόνου,
944 3321 1039 3359 κακὰ,

291 3372 370 3409 ἀλλ’
389 3373 486 3420 ἀνδρὶ
503 3373 557 3408 καὶ
574 3373 705 3419 γυναικὶ
724 3374 877 3419 συμμιγῆ
895 3367 1012 3420 κακά.]

291 3428 311 3461 ὁ
328 3426 408 3472 πρὶν
423 3426 568 3461 παλαιὸς
587 3424 620 3460 δ’
640 3424 748 3467 ὄλβος
765 3422 806 3468 ἦν
823 3424 965 3472 πάροιθε
981 3424 1044 3469 μὲν

291 3477 400 3520 ὄλβος
417 3477 563 3514 δικαίως·
594 3479 652 3512 νῦν
670 3477 707 3512 δὲ
724 3477 804 3522 τῇδε
823 3475 950 3524 θήμέρᾳ

297 3531 497 3578 στεναγμὸς,
516 3529 590 3575 ἄτη,
612 3529 764 3568 θάνατος,
784 3527 941 3575 αἰσχύνη,
961 3533 1069 3565 κακῶν

293 3582 348 3617 ὅσ’
369 3583 446 3618 ἐστὶ
462 3583 597 3618 πάντων
614 3581 762 3627 ὀνόματ’,
782 3581 879 3617 οὐδέν
897 3581 968 3618 ἐστ’
987 3583 1086 3618 ‹in-dv.

192 3638 264 3669 XO.
295 3637 352 3670 νῦν
370 3635 399 3670 δ’
418 3635 497 3670 ἔσθ’
516 3637 535 3670 ὁ
552 3633 689 3679 τλήμων
708 3635 743 3669 ἐν
760 3633 830 3667 τίνι
844 3636 958 3680 σχολῇ
978 3636 1099 3673 κακοῦ;

1136 422 1213 455 1225
1268 418 1342 452 ΕΞ.
1375 417 1445 462 βοᾷ
1459 415 1599 463 διοίγειν
1615 414 1746 463 κλῇθρα
1763 417 1816 453 καὶ
1834 418 1960 463 δηλοῦν
1975 418 2050 456 τινὰ

1375 471 1448 505 τοῖς
1463 471 1552 504 πᾶσι
1569 470 1770 515 Καδμείοισι
1786 471 1846 506 τὸν
1861 475 2101 519 πατροκτόνον,

1376 522 1436 557 τὸν
1452 522 1590 569 μητρὸς,
1609 522 1719 557 αὐδῶν
1735 523 1844 558 ἀνόσι’
1863 525 1941 560 οὐδὲ
1957 525 2044 572 ῥητά
2059 540 2130 572 μοι,

1376 575 1421 611 ὥς
1438 575 1475 609 ε’κ
1491 574 1617 621 χθονὸς
1631 574 1783 622 ρίψων’
1765 573 1896 617 εαυτὸν,
1916 578 1985 613 ουδ’
2004 579 2054 613 ἔτι
2242 593 2317 624 ιεςο

1375 631 1484 673 μενῶν
1501 628 1655 673 δόμοις’
1635 629 1763 675 αραῖος,
1784 628 1829 664 ὡς
1846 627 2012 676 ἠράσατο.

1138 689 1219 722 1230
1374 679 1486 727 ῥώμης
1502 695 1545 727 γε
1561 694 1676 726 μεντοι
1694 681 1749 715 καὶ
1764 685 1960 728 προηγητοῦ
1977 685 2067 720 τινὸς

1375 733 1494 768 δεῖται·
1522 734 1562 768 τὸ
1577 734 1646 780 γὰρ
1663 735 1796 779 νόσημα
1811 734 1959 778 μεῖζον*
1942 751 1962 780 η
1981 736 2111 783 φέρειν.

1360 785 1479 830 >δείξει
1498 786 1535 821 δὲ
1554 787 1608 821 καὶ
1626 786 1698 821 σοι’.
1727 786 1858 833 κλῇθρα
1874 788 1941 834 γὰρ
1958 790 2077 824 πυλῶν
2094 790 2173 825 τάδε

1375 838 1550 887 διοίγεται·
1579 838 1685 884 θέαμα
1703 838 1732 874 δ’
1752 839 1893 886 εἰσόψει
1909 841 1998 887 τάχα
2242 857 2317 887 1295

1375 894 1529 927 τοιοῦτον
1546 887 1619 926 οἷον
1636 892 1691 927 καὶ
1709 892 1888 939 στυγοῦντ’
1907 893 2110 930 ε’ποικτίσαι.

1143 954 1219 987 1235
1273 949 1345 980 ΧΟ.
1374 943 1401 979 ὦ
1419 944 1527 980 δεινὸν
1545 943 1628 980 ἰδεῖν
1644 944 1752 981 πάθος
1769 944 1972 992 ἀνθρώποις,

1375 996 1402 1032 ὦ
1419 997 1611 1033 δεινότατον
1626 998 1762 1033 πάντων
1778 997 1834 1033 ὅσ’
1852 999 1919 1046 ἐγὼ

1375 1049 1586 1097 προσέκυρσ’
1604 1051 1680 1096 ἤδη.

1374 1103 1426 1139 τίς
1444 1102 1492 1143 σ’,
1512 1102 1539 1137 ὦ
1555 1104 1695 1148 τλῆμον,
1715 1102 1874 1150 προσέβη
1892 1103 2017 1148 μανίας
2241 1122 2250 1143 1
2258 1121 2318 1151 500

1374 1156 1427 1193 τίς
1443 1159 1462 1192 ό
1479 1155 1636 1202 πηδήσας
1651 1156 1789 1202 μείζονα
1806 1157 1935 1202 δαίμων

1143 1219 1224 1252 1240
1374 1213 1441 1246 τῶν
1457 1211 1631 1256 μακίστων

1374 1266 1461 1311 πρὸς
1478 1267 1524 1309 σῇ
1543 1263 1744 1309 δυσδαίμονι
1761 1263 1888 1311 μοίρᾳ·
1879 1291 1889 1304 ,

1374 1317 1452 1353 ἀλλ’
1471 1317 1541 1353 οὐδ’
1561 1318 1687 1353 ε’σιδεῖν
1705 1316 1847 1363 δύναμαί
1865 1314 1912 1356 (τ’,
1933 1316 2061 1352 ἐθέλων

1375 1370 1477 1408 πόλλ’
1496 1371 1688 1419 ἀνερέσθαι,
1706 1372 1823 1406 πολλὰ
1842 1370 2026 1410 πυθέσθαι,
2243 1386 2318 1417 1305

1373 1426 1490 1462 πολλὰ
1508 1425 1538 1461 δ’
1557 1425 1716 1472 ἀθρῆσαι·

1147 1485 1224 1517 1245
1373 1475 1468 1510 τοίαν
1485 1474 1612 1521 φρίκην
1628 1473 1789 1520 παρέχεις
1805 1486 1876 1518 μοι.

1271 1535 1328 1566 01.
1375 1528 1447 1563 αἰαῖ
1461 1527 1542 1562 αἰαῖ.

1373 1582 1443 1628 φεῦ
1460 1581 1530 1627 φεῦ
1547 1578 1714 1616 δύστανος
1731 1579 1810 1626 ἐγὼ,

1372 1636 1434 1670 ποῖ
1448 1635 1512 1681 γᾶς
1529 1633 1678 1680 φέρομαι
1695 1633 1855 1677 τλάμωνς

1373 1689 1421 1723 πᾶ
1438 1701 1496 1732 μοι
1514 1686 1655 1733 φθογγὰ
1677 1681 1906 1731 [διαπέταται]
1929 1683 2106 1731 φοράδην;
2237 1696 2318 1727 1310

1147 1750 1228 1785 1250
1376 1740 1415 1775 ἰὼ
1434 1740 1563 1785 δαῖμον,
1582 1737 1623 1774 ἶν’
1643 1737 1805 1783 ε’ξήλλσυ.

1275 1799 1345 1829 ΧΟ.
1375 1794 1410 1830 ἐς
1427 1793 1547 1833 δεινὸν,
1567 1791 1636 1828 οὐδ’
1655 1791 1836 1832 ἀκουστὸν,
1856 1788 1926 1827 οὐδ’
1946 1789 2131 1838 ἐπόψιμον.

1275 1852 1332 1883 01.
1377 1845 1416 1882 ἰὼ
1435 1847 1562 1882 σκότου
2174 1857 2253 1890 στρ.
2274 1839 2315 1880 α’.

1377 1899 1482 1946 νέφος
1500 1899 1580 1945 ε’μὸν
1597 1898 1802 1946 ἀπότροπον,
1823 1897 2049 1943 ε’πιπλόμενον
2065 1895 2211 1944 ἄφατον,

1377 1953 1547 1998 ἀδάματόν
1564 1966 1602 1988 τε
1619 1951 1674 1987 καὶ
1692 1949 1922 1999 δυσούριστον
1939 1949 1990 1986 ὅν.
2241 1962 2318 1996 1315

1150 2016 1228 2050 1255
1379 2002 1481 2051 οἴμοι,

1379 2056 1470 2101 οἴμοι
1487 2058 1567 2104 μάλ’
1586 2056 1693 2094 αυθις·
1723 2055 1796 2093 οἷον
1813 2057 1929 2092 εἰσέδυ
1946 2055 1981 2101 μ’
1999 2056 2066 2100 ἅμα

1376 2105 1520 2153 κέντρων
1537 2120 1575 2140 τε
1591 2103 1688 2140 τῶνδ’
1707 2120 1875 2153 οιστρημα
1893 2106 1946 2140 καὶ
1963 2105 2074 2150 μνήμη
2092 2105 2213 2138 κακῶν.

1274 2162 1346 2193 ΧΟ.
1377 2158 1432 2193 καὶ
1450 2158 1560 2203 θαῦμά
1577 2157 1609 2205 γ’
1627 2158 1757 2193 οὖδεν’
1739 2173 1775 2193 εν
1791 2158 1957 2193 τοσοῖσδε
1973 2156 2127 2204 πήμασιν

1378 2212 1485 2246 διπλᾶ
1504 2225 1546 2246 σε
1562 2210 1697 2246 πενθεῖν
1715 2210 1770 2246 καὶ
1789 2211 1895 2246 διπλᾶ
1910 2211 2033 2256 φορεῖν
2046 2209 2144 2244 κακά.
2240 2219 2324 2251 1320

1152 2268 1232 2301 1260
1274 2269 1332 2299 ΟΙ.
1380 2263 1419 2298 ἰὼ
1438 2263 1557 2310 φίλος,
2177 2260 2252 2296 ἀντ.
2273 2259 2317 2295 α’.

1378 2316 1424 2351 σὺ
1440 2316 1503 2361 μὲν
1520 2316 1598 2361 ε’μὸς
1616 2315 1781 2351 ε’πίπολος
1798 2315 1848 2350 ἔτι
1865 2316 2024 2362 μόνιμος;
2046 2314 2095 2349 ἔτι
2112 2313 2179 2361 γὰρ

1376 2368 1553 2414 ὑπομένεις
1569 2383 1612 2414 με
1630 2369 1689 2403 τὸν
1706 2368 1843 2414 τυφλὸν
1860 2366 2019 2412 κηδεύων.

1377 2423 1445 2467 φεῦ
1463 2422 1544 2468 φεῦ.

1376 2474 1416 2509 οὔ
1433 2474 1500 2521 γάρ
1517 2488 1560 2519 με
1576 2472 1705 2519 λήθεις,
1725 2474 1818 2508 ἀλλὰ
1834 2474 2015 2520 γιγνώσκω
2035 2473 2170 2519 σαφῶς,
2243 2483 2318 2515 1325

1154 2532 1231 2574 1265
1376 2527 1495 2574 καίπερ
1514 2528 1698 2566 σκοτεινὸς,
1718 2524 1779 2571 τήν
1795 2541 1836 2573 γε
1855 2525 1921 2571 σὴν
1938 2525 2042 2571 αὐδὴν
2060 2524 2161 2570 ὅμως.

1272 2585 1344 2615 ΧΟ.
1375 2578 1401 2614 ὦ
1419 2579 1510 2614 δεινὰ
1528 2580 1669 2626 δράσας,
1688 2582 1760 2615 πῶς
1778 2579 1878 2621 ἔτλης
1894 2581 2033 2614 τοιαῦτα
2051 2578 2117 2614 σὰς

1227 2666 1230 2668 ,
1376 2631 1476 2678 ὄψεις
1493 2634 1658 2679 μαρᾶναι;
1687 2632 1739 2668 τίς
1757 2631 1791 2666 σ’
1811 2632 1914 2678 ἐπῆρε
1930 2632 2115 2676 δαιμόνωνς

1273 2691 1330 2720 01.
1377 2682 1557 2719 Ἀπόλλων
1574 2684 1646 2720 τάδ’
1665 2683 1717 2729 ἦν,
1735 2684 1930 2725 Ἀπόλλων,
1949 2684 2063 2731 φίλοι,
2171 2695 2250 2728 στρ.
2270 2677 2308 2721 β’

1376 2739 1395 2772 ὁ
1414 2737 1496 2771 κακὰ
1515 2738 1598 2772 κακὰ
1615 2738 1724 2772 τελῶν
1743 2737 1806 2782 ε’μὰ
1823 2736 1895 2772 τάδ’
1915 2737 1979 2783 ε’μὰ
1995 2736 2117 2772 πάθεα.
2240 2746 2320 2778 1330

1154 2804 1231 2839 1270
1376 2791 1496 2825 ἔπαισε
1515 2789 1544 2825 δ’
1563 2790 1722 2836 αὐτόχειρ
1741 2804 1791 2825 νιν
1808 2791 1912 2829 οὔτις,
1930 2787 2011 2824 ἀλλ’
2031 2790 2097 2836 ἐγὼ
2115 2788 2264 2834 τλάμων.

1376 2842 1410 2877 τί
1427 2843 1494 2889 γὰρ
1512 2843 1580 2878 ἔδει
1597 2842 1632 2888 μ’
1652 2839 1746 2889 ὅρᾶν,

1253 2928 1257 2954 1
1377 2894 1443 2944 ὅτῳ
1460 2894 1493 2942 γ’
1513 2897 1634 2942 ὁρῶντι
1651 2893 1755 2941 μηδὲν
1771 2893 1812 2939 ἦν
1830 2894 1913 2930 ἰδεῖν
1928 2892 2038 2941 γλυκύ
2047 2909 2058 2937 ;
2244 2908 2280 2938 13
2284 2909 2321 2939 33

1274 2954 1346 2983 XO.
1373 2946 1415 2992 ἦν
1431 2947 1529 2983 ταῦθ’
1549 2947 1714 2994 ὅπωσπερ
1733 2948 1787 2982 καὶ
1801 2947 1846 2982 σὺ
1864 2945 1946 2993 φῄς.

1276 3007 1334 3036 01.
1380 3000 1414 3035 τί
1431 3000 1502 3046 δῆτ’
1524 3001 1598 3047 ε’μοὶ
1615 3002 1781 3044 βλεπτὸν,
1801 2998 1821 3044 ἦ

1156 3066 1232 3100 1275
1379 3053 1554 3102 στερκτὸν,
1573 3053 1593 3099 ἢ
1611 3051 1833 3101 προσήγορον

1378 3106 1424 3141 ἔτ’
1443 3105 1517 3142 ἔστ’
1537 3105 1669 3141 ἀκούειν
1685 3105 1800 3151 ἡδονᾷ,
1820 3105 1944 3152 φίλοις

1378 3158 1516 3206 ἀπάγετ’
1537 3159 1692 3194 ἐκτόπιον
1710 3157 1763 3193 ὅτι
1780 3158 1930 3203 τάχιστά
1946 3171 2000 3202 με,
2241 3164 2325 3196 1340

1377 3211 1530 3259 ἀπάγετ’,
1549 3211 1576 3246 ὦ
1594 3211 1708 3258 φίλοι,
1727 3212 1787 3246 τὸν
1805 3210 1949 3257 ὄλεθρον
1966 3208 2084 3255 μέγαν,

1378 3265 1437 3299 τὸν
1454 3264 1771 3311 καταρατότατον,”
1752 3277 1802 3298 ετι
1820 3263 1857 3299 δὲ
1875 3263 1930 3298 καὶ
1948 3261 2038 3297 θεοῖς
2243 3269 2318 3300 ¹345

1155 3323 1235 3355 1280
1379 3316 1584 3364 ἐχθρότατον
1600 3319 1747 3364 βροτῶν.

1277 3375 1344 3405 ΧΟ.
1374 3369 1502 3404 δείλαιε
1518 3372 1579 3404 τοῦ
1598 3371 1657 3405 νοῦ
1674 3370 1734 3414 τῆς
1751 3383 1789 3404 τε
1807 3368 1991 3414 συμφορᾶς
2007 3363 2099 3404 ἴσον,

1381 3423 1426 3457 ὣς
1441 3418 1595 3466 ἠθέλησα
1611 3420 1697 3466 μηδέ
1713 3419 1746 3454 σ’
1767 3419 1807 3455 ἂν
1824 3419 1948 3466 γνῶναί
1965 3432 2062 3453 ποτε.

1280 3479 1334 3510 01.
1381 3472 1493 3509 ὄλοιθ’
1513 3473 1610 3509 ὅστις
1627 3471 1668 3516 ἦν
1686 3470 1723 3508 ὃς
1742 3467 1880 3519 [ἀνθ’]
1860 3471 1979 3516 αγρίας
1995 3470 2099 3506 πέδας
2178 3466 2250 3502 ἀντ.
2270 3462 2304 3507 β’

1256 3549 1260 3583 Ι
1381 3524 1495 3570 νομάδ’
1514 3524 1689 3561 ἐπιποδίας
1706 3523 1816 3564 ἔλαβέ
1831 3523 1866 3569 μ’
1884 3523 1951 3559 ἀπό
1969 3537 2007 3558 τε
2022 3523 2132 3569 φόνου
2241 3530 2318 3562 1350

1155 3585 1234 3626 1285
1256 3586 1259 3629 ff
1381 3579 1480 3624 ἔρυτο
1497 3577 1702 3619 κάνέσωσεν,
1721 3576 1851 3613 ουδεν’
1835 3590 1871 3614 ες
1887 3577 1987 3624 χάριν
2003 3576 2183 3623 πράσσων.

1255 3637 1262 3657 ¹
1381 3635 1458 3668 τότε
1473 3634 1541 3680 γσρ
1558 3635 1600 3671 ἃν
1616 3632 1723 3669 θανὼν
