2488 3860
125 1575 193 1605 XO.

812 256 1143 309 ΕΥΡΙΠΙΔΟΥ
1192 261 1580 307 ANAPOMAXH.

226 360 357 413 γυναιξὶ
374 367 496 415 τέρψις
513 371 579 404 τῶν
596 371 820 415 παρεστώτων
838 374 948 406 κακῶν

225 415 288 456 άνὰ
306 421 401 466 στόμ’
420 421 472 455 ἀεὶ
489 423 542 456 καὶ
560 422 615 456 διὰ
631 423 795 468 γλώσσης
812 424 913 469 ἔχειν.
1127 434 1166 468 95

224 473 370 519 πάρεστι
388 472 416 507 δ’
436 473 499 519 οὐχ
518 473 562 517 ἓν,
584 474 675 509 ἀλλὰ
693 476 807 510 πολλά
824 490 883 521 μοι
902 476 1045 516 στένειν,

226 525 328 560 πόλιν
343 524 509 573 πατρῴαν,
528 528 587 561 τὸν
605 526 745 562 θανόντα
762 527 792 563 θ’
806 526 968 576 Ἕκτορα,

227 579 369 625 στερρόν
386 592 422 612 τε
439 579 498 612 τὸν
516 579 596 624 ἐμὸν
612 577 754 625 δαίμον’,
773 577 801 628 ᾧ
819 579 1011 627 ξυνεζύγην,

225 627 377 664 δούλειον
394 628 482 676 ἦμαρ
500 629 689 667 ἐσπεσοῦσ’
709 631 861 676 ἀναξίως.

225 681 290 727 χρὴ
309 680 340 716 δ’
359 679 475 717 οὔποτ’
495 683 601 719 εἰπεῖν
618 683 720 719 οὐδέν’
741 685 861 728 ὄλβιον
877 687 1025 733 βροτῶν,

225 734 304 779 πρὶν
321 734 361 769 ἂν
379 733 534 772 θανόντος
551 736 612 781 τὴν
627 738 821 773 τελευταίαν
837 736 911 782 ἴδῃς

227 786 316 822 ὅπως
332 788 484 832 περάσας
501 787 624 835 ἡμέραν
641 787 714 833 ἥξει
732 790 830 825 κάτω.

228 837 319 886 Ἰλίφ
337 839 467 885 αἷπεινᾷ
485 841 592 887 Πάρις
609 842 649 877 οὔ
666 843 784 889 γάμον,
803 843 894 878 ἀλλά
911 841 976 878 τιν’
995 842 1076 877 ὅταν

226 889 363 937 ἀγάγετ’
383 891 514 927 εὐναίαν
531 895 565 929 ἐς
583 894 752 940 θαλάμους
769 894 918 931 Ἐλέναν.

226 941 265 979 ἇς
283 943 377 984 ἕνεκ’,
398 944 424 978 ὦ
442 945 555 991 Τροία,
575 945 649 993 δορὶ
665 948 718 982 καὶ
735 948 816 993 πυρὶ
834 948 1022 992 δηιάλωτον

226 992 301 1030 εἷλέ
317 994 353 1031 σ’
373 997 392 1030 ὁ
409 997 581 1042 χιλιόναυς
598 998 764 1035 Ἑλλάδος
782 999 867 1036 ὦκὺς
878 997 994 1046 ’'qus,

227 1049 281 1083 καὶ
296 1042 357 1083 τὸν
375 1048 454 1093 ἐμὸν
470 1049 592 1094 μελέας
610 1053 715 1086 πόσιν
727 1052 884 1098 Ἕκτορα,
903 1053 962 1087 τὸν
977 1052 1059 1098 περὶ
1077 1051 1171 1097 τείχη

229 1100 367 1136 εἵλκυσε
385 1100 554 1147 διφρεύων
570 1106 647 1140 παῖς
665 1104 762 1140 ἁλίας
780 1105 927 1141 Θέτιδος·

227 1154 310 1188 αὐτὰ
327 1151 357 1188 δ’
378 1154 414 1188 ἐκ
432 1153 591 1200 θαλάμων
608 1157 736 1202 ἀγόμαν
754 1157 808 1192 ἐπὶ
827 1156 902 1192 θῖνα
919 1156 1112 1198 θαλάσσας,

228 1204 438 1241 δουλοσύναν
456 1210 624 1254 στυγερὰν
641 1210 894 1255 άμφιβαλοῦσα
910 1211 1006 1256 κάρᾳ.
1114 1222 1174 1244 110

223 1259 343 1293 πολλὰ
361 1259 396 1293 δὲ
416 1258 540 1306 δάκρυά
564 1275 622 1305 μοι
645 1263 771 1302 κατέβα
793 1262 906 1308 χροὸς,
926 1259 1010 1296 ἁνίκ’
1030 1262 1174 1296 ἔλειπον

226 1311 314 1345 ἄστυ
331 1325 368 1345 τε
386 1311 439 1345 καὶ
458 1312 629 1357 θαλάμους
646 1315 700 1349 καὶ
717 1316 839 1361 πόσιν,
853 1314 889 1349 ἐν
906 1313 1038 1350 κονίαις·

227 1362 314 1407 ὦμοι
327 1363 393 1410 ἐγὼ
409 1365 524 1409 μελέα,
543 1365 577 1400 τί
592 1365 628 1411 μ’
648 1366 750 1413 ἐχρῆν
767 1368 816 1402 ἔτι
839 1366 969 1414 φέγγος
986 1366 1146 1414 ὁρᾶσθαι,

226 1415 404 1461 Ἑρμιόνας
423 1415 568 1458 δούλανς
595 1417 635 1454 ἃς
651 1417 717 1454 ὕπο
734 1419 906 1466 τειρομένα

227 1467 312 1514 πρὸς
331 1467 400 1502 τόδ’
419 1468 555 1516 ἄγαλμα
573 1469 651 1507 θεᾶς
669 1471 767 1508 ἱκέτις
783 1472 862 1518 περὶ
878 1473 972 1518 χεῖρε
989 1472 1149 1513 βαλοῦσα

227 1521 376 1564 τάκομαι,
396 1521 440 1557 ὡς
456 1523 593 1569 πετρίνα
609 1523 821 1560 πιδακόεσσα
837 1525 952 1566 λιβάς.
985 1539 997 1560 1
1007 1528 1044 1560 16
1075 1522 1170 1571 [στρ.

223 1572 249 1607 ὦ
273 1587 382 1619 γυναι,
401 1572 423 1607 ἃ
441 1574 578 1611 Θέτιδος
602 1575 745 1612 δάπεδον
768 1577 822 1613 καὶ
842 1577 1006 1624 ἀνάκτορα
1029 1575 1172 1612 θάσσεις

227 1626 339 1672 δαρὸν,
358 1626 435 1661 οὐδὲ
456 1628 597 1670 λείπεις,

227 1677 330 1714 Φθιὰς
348 1678 436 1724 ὅμως
453 1680 578 1725 ἔμολον
594 1682 673 1717 ποτὶ
691 1682 758 1718 σὰν
775 1681 953 1719 Ἀσιάτιδα
969 1681 1096 1730 γένναν,

227 1729 260 1765 εἴ
273 1730 308 1765 τί
327 1746 385 1767 σοι
405 1732 564 1778 δυναίμαν

226 1783 306 1820 ἄκος
322 1787 389 1819 τῶν
407 1785 587 1821 δυσλύτων
603 1787 716 1823 πόνων
732 1790 852 1834 τεμεῖν,

226 1833 259 1871 οἳ
278 1836 321 1872 σὲ
339 1838 392 1872 καὶ
409 1836 587 1885 Ἑρμιόναν
604 1840 688 1886 ἔριδι
706 1845 856 1889 στυγερᾷ
873 1841 1094 1888 συνέκλῃσαν,

224 1888 375 1935 τλάμον’,
394 1890 484 1937 ἀμφὶ
500 1890 649 1939 λέκτρων

226 1940 370 1988 διδύμων
388 1943 552 1979 ἐπίκοινον
568 1945 692 1982 ἐοῦσαν

227 1995 317 2041 ἀμφὶ
333 1995 425 2032 παῖδ’
444 1995 642 2043 Ἀχιλλέως·
1113 2012 1168 2046 125

224 2048 329 2094 γνῶθι
355 2048 470 2094 τύχαν,
498 2051 640 2096 λόγισαι
667 2052 706 2087 τὸ
732 2052 840 2099 παρὸν
871 2053 981 2094 κακὸν,
1012 2053 1060 2090 εἷς
1088 2053 1170 2101 ὅπερ

225 2100 406 2138 δεσπόταις
423 2104 563 2148 άμιλλᾷ,
949 2104 1067 2152 [ἥκεις.
1099 2106 1168 2142 ἀντ.

224 2149 328 2189 Ἰλιὰς
346 2153 434 2189 οὖσα
452 2156 544 2202 κόρα,
565 2156 808 2202 Λακεδαίμονος
826 2158 1053 2206 ἐκγενέταισι,·

223 2207 323 2241 λεῖπε
342 2206 523 2252 δεξίμηλον

226 2259 331 2303 δόμον
346 2262 406 2296 τᾶς
422 2261 559 2297 ποντίας
577 2260 666 2296 θεοῦ.
703 2263 737 2298 τί
754 2277 812 2298 σοι

228 2309 342 2357 καιρὸς
358 2311 541 2359 ἀτυζομένα
559 2313 659 2359 δέμας
676 2315 828 2351 αἷκέλιον
844 2317 1056 2359 καταλείβειν

226 2364 404 2400 δεσποτῶν
420 2365 575 2413 ἀνάγκαις
587 2381 598 2407 ,-

225 2417 264 2451 τὸ
282 2420 423 2463 κρατοῦν
441 2417 480 2454 δέ
496 2418 530 2454 σ’
550 2419 662 2455 ἔπεισι
679 2420 714 2455 τί
730 2421 871 2467 μόχθον.

225 2469 322 2504 οὐδὲν
339 2469 426 2505 οὖσα
441 2470 602 2516 μοχθεῖς,

227 2522 271 2557 ἀλ
295 2520 364 2563 ’ἴθι
377 2524 474 2558 λεῖπε
487 2523 564 2560 θεᾶς
578 2526 744 2574 Νηρηίδος
754 2525 881 2576 ἀγλαὸν
895 2525 1002 2575 ἕδραν,
1015 2541 1092 2576 στρ.
1112 2542 1120 2564 ι
1127 2542 1145 2574 3
1149 2541 1166 2576 5

226 2573 331 2624 γνῶθι
348 2573 380 2613 δ’
399 2575 475 2614 οῧσ’
496 2578 551 2614 ἐπὶ
568 2579 666 2624 ξένας

231 2631 343 2676 δμωὶς,
363 2630 413 2666 ἐπ’
432 2631 614 2679 ἀλλοτρίας
630 2633 765 2674 πόλεος,

226 2681 292 2717 ἔνθ’
312 2683 351 2717 οὗ
369 2683 487 2728 φίλων
503 2682 565 2718 τιν’
585 2684 719 2732 εἰσορᾷς

225 2737 308 2774 σῶν,
329 2733 355 2769 ὧ
373 2735 642 2781 δυστυχεστάτα,

226 2786 253 2822 ὦ
270 2788 475 2823 παντάλαινα
493 2786 621 2834 νύμφα.
988 2803 1048 2834 140
1077 2785 1165 2838 [ἀντ.

226 2839 422 2885 οἶκτροτάτα
437 2840 504 2887 γὰρ
522 2839 631 2887 ἔμοιγ’
650 2841 783 2886 ἔμολες,
801 2841 898 2889 γύναι
917 2841 1032 2885 Ἰλιὰς,
1047 2842 1166 2880 οἴκους·

227 2892 404 2928 δεσποτῶν
421 2891 450 2928 δ’
471 2893 558 2937 ἐμῶν
575 2894 678 2942 φόβῳ

227 2944 374 2990 ἁσυχίαν
387 2944 522 2992 ἄγομεν,
540 2946 579 2980 τὸ
597 2946 634 2981 δὲ
653 2947 716 2981 σὸν

227 2995 328 3044 οἴκτῳ
346 2996 503 3044 φέρουσα
519 3000 687 3044 τυγχάνω,

226 3049 270 3094 μὴ
288 3052 366 3086 παῖς
382 3051 442 3086 τᾶς
460 3050 539 3086 Διὸς
557 3051 655 3098 κόρας

228 3102 286 3136 σοί
301 3103 334 3147 μ’
354 3100 391 3137 εὖ
408 3103 604 3148 φρονοῦσαν
620 3103 702 3148 εἰδῇ.

228 3155 357 3199 κόσμον
372 3155 434 3199 μὲν
450 3155 540 3200 ἀμφὶ
557 3155 652 3202 κρατὶ
668 3155 818 3202 χρυσέας
833 3155 954 3201 χλιδῆς

228 3207 380 3252 στολμόν
395 3221 432 3241 τε
449 3208 580 3253 χρωτὸς
596 3207 693 3243 τόνδε
709 3208 872 3242 ποικίλων
887 3209 1034 3251 πέπλων,

227 3258 267 3293 οὗ
284 3262 351 3294 τῶν
367 3258 555 3304 Ἀχιλλέως
571 3259 649 3295 οὐδὲ
667 3260 808 3304 Πηλέως
824 3260 890 3296 ἅπο

228 3311 339 3356 δόμων
356 3311 510 3357 ἀπαρχὰς
526 3311 614 3358 δεῦρ’
632 3310 750 3357 ἔχουσ’
769 3312 946 3358 ἀφικόμην,

228 3361 308 3397 ἀλλ’
327 3363 364 3398 ἐκ
382 3363 544 3408 Λακαίνης
561 3363 798 3410 Σπαρτιάτιδος
814 3365 937 3410 χθονὸς

229 3415 407 3452 Μενέλαος
423 3415 501 3460 ἡμῖν
517 3419 621 3451 ταῦτα
638 3416 790 3463 δωρεῖται
806 3417 916 3463 πατὴρ

227 3467 372 3504 πολλοῖς
390 3468 455 3503 σὺν
471 3468 588 3509 ἕδνοις,
607 3465 691 3503 ὥστ’
712 3467 1021 3515 ἐλευθεροστομεῖν.

229 3518 315 3563 ὑμᾶς
329 3518 391 3564 μὲν
407 3518 466 3555 οὖν
482 3519 591 3555 τοῖσδ’
609 3519 849 3565 ἇνταμείβομαι
865 3522 993 3568 λόγοις·

229 3569 277 3608 σὺ
293 3569 325 3607 δ’
344 3569 431 3609 οὖσα
448 3571 552 3618 δούλη
571 3572 624 3608 καὶ
642 3572 832 3619 δορίκτητοι·
847 3573 932 3622 γυνὴ

1109 697 1170 720 100

1112 958 1168 991 105

1112 1748 1172 1772 120

1111 2279 1123 2301 ι
1128 2279 1169 2310 30

1109 3067 1165 3098 145

1109 3327 1168 3359 ¹50

1106 3586 1163 3620 155

1219 1685 1290 1717 XO.

1220 1791 1293 1824 AN.

2166 248 2247 306 291

1316 369 1437 415 δόμους
1455 370 1636 415 κατασχεῖν
1654 369 1836 410 ἐκβαλοῦσ’
1854 367 1935 416 ἡμᾶς
1955 367 2070 407 θέλεις

1315 421 1450 463 τούσδε,
1470 424 1656 468 στυγοῦμαι
1675 418 1705 457 δ’
1725 421 1820 468 ἀνδρὶ
1838 423 2048 469 φαρμάκοισι
2066 423 2152 465 σοῖς,

1317 474 1413 518 νηδὺς
1431 471 1460 508 δ’
1479 473 1612 519 ἀκύμων
1629 474 1684 509 διὰ
1702 474 1746 509 σέ
1761 489 1818 519 μοι
1837 475 2020 509 διόλλυται·

1317 526 1405 571 δεινὴ
1423 527 1489 574 γὰρ
1508 524 1709 574 Ἠπειρῶτις
1727 527 1761 563 ἐς
1778 527 1820 561 τὰ
1837 527 1948 561 τοιάδε

1316 580 1415 624 ψυχὴ
1433 582 1606 625 γυναικῶν·
1635 580 1680 613 ὧν
1698 578 1877 624 ἐπισχήσω
1896 577 1932 614 σ’
1953 580 2028 626 ἐγὼ,

1316 631 1432 666 κούδέν
1451 631 1485 666 σ’
1504 630 1619 674 ὀνήσει
1638 632 1731 677 δῶμα
1749 631 1902 677 Νηρῇδος
1919 633 2007 671 τόδε,

1317 683 1356 717 οὐ
1373 684 1489 728 βωμὸς
1506 683 1581 718 οὐδὲ
1600 685 1686 725 ναὸς,
1706 683 1798 719 ἀλλὰ
1816 682 1978 718 κατθανεῖ.

1318 734 1357 779 ἢν
1374 735 1404 770 δ’
1425 735 1483 770 οὖν
1498 738 1632 782 βροτῶν
1649 737 1699 772 τίς
1717 736 1750 772 σ’
1770 735 1790 781 ἢ
1809 734 1894 770 θεῶν
1911 738 2023 771 σῶσαι
2042 735 2139 782 θέλῃ,

1319 789 1371 822 δεῖ
1388 788 1422 822 σ’
1442 788 1514 823 ἀντὶ
1531 792 1597 823 τῶν
1613 790 1692 835 πρὶν
1710 789 1838 832 ὀλβίων
1855 788 2077 834 φρονημάτων

1318 839 1439 884 πτῆξαι
1456 841 1620 885 ταπεινὴν,
1639 842 1854 887 προσπεσεῖν
1867 839 1898 875 τ’
1919 840 1997 884 ἐμὸν
2013 843 2104 888 γόνυ,
2201 843 2255 885 165

1321 892 1450 939 σαίρειν
1466 907 1504 927 τε
1522 894 1616 938 δῶμα
1634 893 1768 939 τούμὸν,
1787 893 1824 929 ἐκ
1840 894 2066 940 χρυσηλάτων

1318 945 1463 990 τευχέων
1481 947 1558 992 χερὶ
1577 945 1787 993 σπείρουσαν
1805 944 1975 994 Ἀχελῴου
1994 946 2129 993 δρόσον,

1318 998 1442 1042 γνῶναί
1457 997 1488 1032 θ’
1509 996 1551 1033 ἵν’
1570 995 1604 1033 εἷ
1616 1000 1689 1045 γῆς.
1727 1001 1766 1034 οὐ
1783 1000 1850 1044 γάρ
1868 997 1942 1033 ἐσθ’
1957 996 2090 1045 Ἕκτωρ
2107 997 2205 1038 τάδε,’

1320 1050 1359 1084 οὐ
1378 1051 1540 1096 Πρίαμος,
1559 1050 1635 1086 οὐδὲ
1653 1052 1793 1099 χρυσὸς,
1811 1045 1890 1085 ἄλλ’
1909 1049 2036 1087 Ἑλλὰς
2052 1052 2162 1087 πόλις.

1322 1103 1355 1137 ἐς
1372 1105 1471 1137 τοῦτο
1490 1102 1519 1138 δ’
1540 1103 1628 1148 ἥκεις
1646 1103 1798 1149 ἀμαθίας,
1817 1102 1961 1147 δύστηνε
1978 1103 2033 1145 σὺ,

1324 1152 1342 1198 ἢ
1360 1155 1454 1190 παιδὶ
1471 1157 1606 1202 πατρὸς,
1627 1155 1664 1192 ὃς
1683 1157 1747 1191 σὸν
1764 1155 1895 1190 ὤλεσεν
1911 1158 2024 1197 πόσιν,

1323 1208 1451 1253 τολμᾷς
1469 1207 1637 1251 ξυνεύδειν
1654 1209 1707 1244 καὶ
1725 1207 1810 1243 τέκν’
1829 1207 1988 1243 αὖθέντου
2005 1209 2096 1255 πάρα

1321 1261 1452 1295 τίκτειν.
1489 1263 1640 1296 τοιοῦτον
1655 1263 1722 1296 πᾶν
1739 1261 1778 1295 τὸ
1796 1261 1972 1307 βάρβαρον
1988 1262 2095 1307 γένος·

1321 1310 1430 1359 πατήρ
1448 1327 1485 1347 τε
1505 1311 1643 1360 θυγατρὶ
1660 1316 1738 1350 παῖς
1754 1328 1792 1348 τε
1808 1314 1908 1360 μητρὶ
1925 1313 2080 1360 μίγνυται

1322 1367 1401 1410 κόρη
1420 1363 1450 1399 τ’
1470 1365 1621 1413 ἀδελφῷ,
1642 1366 1697 1401 διὰ
1714 1367 1822 1412 φόνου
1841 1366 1870 1401 δ’
1889 1367 1920 1401 οἱ
1939 1366 2100 1412 φίλτατοι

1321 1420 1483 1463 χωροῦσι,
1504 1419 1557 1452 καὶ
1574 1417 1669 1453 τῶνδ’
1688 1418 1784 1454 οὐδὲν
1802 1419 1943 1466 ἐξείργει
1962 1419 2069 1464 νόμος.

1322 1469 1343 1503 ἃ
1360 1469 1404 1514 μὴ
1423 1466 1503 1516 παρ’
1523 1469 1608 1515 ἡμᾶς
1625 1469 1759 1518 ἔσφερ’·
1788 1471 1865 1506 οὐδὲ
1882 1472 1948 1519 γὰρ
1967 1472 2071 1506 καλὸν

1322 1521 1414 1556 δυοῖν
1430 1525 1600 1568 γυναικοῖν
1617 1521 1710 1570 ἄνδρ’
1730 1522 1774 1558 ἕν’
1793 1523 1884 1568 ἡνίας
1902 1525 2000 1570 ἔχειν,

1323 1573 1403 1608 ἀλλ’
1424 1574 1457 1611 ἐς
1473 1575 1552 1620 μίαν
1568 1576 1754 1618 βλέποντες
1772 1577 1902 1612 εὐναίαν
1920 1576 2050 1623 Κύπριν

1322 1625 1536 1676 στέργουσιν,
1557 1628 1651 1665 ὅστις
1668 1628 1712 1673 μὴ
1732 1632 1838 1665 κακῶς
1855 1629 1957 1664 οἶκεῖν
1975 1629 2083 1665 θέλει.

1320 1681 1505 1727 ἐπίφθονόν
1522 1696 1555 1716 τι
1571 1682 1686 1730 χρῆμα
1704 1681 1846 1725 θηλειῶν
1863 1682 1941 1728 ἔφυ,

1321 1734 1374 1769 καὶ
1393 1733 1598 1782 ξυγγάμοισι
1617 1734 1779 1782 δυσμενὲς
1796 1734 1934 1782 μάλιστ’
1953 1733 2015 1771 ἀεί.

1324 1787 1392 1834 φεῦ
1410 1789 1491 1835 φεῦ.

1323 1843 1422 1878 κακόν
1437 1856 1478 1889 γε
1497 1841 1628 1887 θνητοῖς
1644 1843 1684 1878 τὸ
1702 1843 1787 1884 νέον,
1806 1842 1841 1878 ἐν
1859 1842 1895 1878 δὲ
1913 1846 1959 1892 τῷ
1977 1843 2038 1890 νέῳ

1322 1895 1362 1930 τὸ
1378 1894 1423 1940 μὴ
1443 1895 1569 1930 δίκαιον
1587 1895 1682 1932 ὅστις
1700 1895 1882 1942 ἀνθρώπων
1898 1897 1982 1942 ἔχει.
2204 1900 2259 1942 185

1323 1948 1388 1995 ἐγῶ
1407 1948 1443 1983 δέ
1461 1949 1577 1995 ταρβῶ
1593 1949 1638 1994 μὴ
1657 1949 1696 1983 τὸ
1715 1947 1886 1984 δουλεύειν
1902 1948 1945 1993 μέ
1962 1962 2020 1983 σοι

1321 2001 1434 2047 λόγων
1452 1999 1586 2045 ἆπώσῃ,
1605 2001 1708 2037 πόλλ’
1728 2001 1876 2047 ἔχουσαν
1893 2002 2015 2041 ἔνδικα,

1319 2051 1360 2097 ἢν
1378 2053 1406 2089 δ’
1426 2052 1467 2088 αὖ
1486 2054 1652 2101 κρατήσω,
1671 2053 1716 2100 μὴ
1735 2054 1783 2089 ’πὶ
1801 2053 1877 2102 τῷδ’
1896 2054 1996 2100 ὄφλω
2014 2054 2160 2099 βλάβην·

1322 2107 1354 2141 οἱ
1371 2107 1437 2153 γὰρ
1455 2107 1610 2144 πνέοντες
1626 2108 1759 2154 μεγάλα
1776 2107 1853 2143 τοὺς
1871 2108 2052 2154 κρείσσους
2068 2109 2191 2155 λόγους

1318 2162 1444 2206 πικρῶς
1461 2158 1609 2206 φέρουσι
1627 2163 1692 2195 τῶν
1710 2160 1908 2196 ἐλασσόνων
1925 2158 2001 2195 ὕπο·

1321 2212 1410 2256 ὅμως
1428 2212 1456 2247 δ’
1477 2212 1620 2258 ἐμαυτὴν
1636 2213 1675 2247 οὗ
1692 2210 1855 2258 προδοῦσ’
1873 2215 2060 2257 ἁλώσομαι.

1320 2263 1397 2308 εἴπ’,
1416 2263 1442 2299 ὦ
1460 2267 1559 2309 νεᾶνι,
1578 2269 1624 2314 τῷ
1644 2265 1681 2300 σ’
1703 2264 1853 2314 ἐχεγγύῳ
1870 2266 1964 2313 λόγῳ

1319 2317 1490 2353 πεισθεῖσ”
1509 2318 1632 2354 ἀπωθῶ
1649 2317 1798 2364 γνησίων
1815 2319 2058 2365 νυμφευμάτων
2068 2333 2079 2359 ,·

1318 2370 1362 2406 ὡς
1380 2369 1399 2414 ἡ
1419 2371 1564 2406 Λάκαινα
1581 2374 1647 2406 τῶν
1665 2374 1803 2418 Φρυγῶν
1819 2371 1921 2416 μείων
1937 2372 2056 2415 πο’λις,”

1318 2421 1404 2469 τύχη
1423 2421 1455 2458 θ’
1476 2423 1614 2469 ὖπερθεῖ
1630 2423 1705 2469 κάμ’
1727 2423 1906 2470 ἐλευθέραν
1924 2424 2025 2470 ὁρᾷς;

1317 2473 1337 2519 ἢ
1355 2479 1400 2524 τῷ
1420 2477 1481 2524 νέῳ
1499 2490 1536 2510 τε
1554 2477 1607 2511 καὶ
1626 2477 1816 2523 σφριγῶντι
1834 2477 1965 2521 σώματι

1318 2528 1450 2565 πόλεώς
1465 2543 1502 2563 τε
1519 2529 1654 2576 μεγέθει
1672 2529 1726 2564 καὶ
1743 2528 1861 2575 φίλοις
1879 2528 2043 2575 ἐπηρμένη

1318 2577 1409 2616 οἶκον
1427 2583 1610 2627 κατασχεῖν
1626 2583 1685 2616 τὸν
1702 2581 1766 2617 σὸν
1783 2581 1855 2616 ἀντὶ
1875 2584 1939 2616 σοῦ
1958 2580 2074 2622 θέλω,

1318 2634 1460 2680 πότερον
1478 2631 1520 2668 ἵν’
1540 2634 1621 2679 αὐτὴ
1639 2634 1759 2670 παῖδας
1777 2633 1850 2669 ἀντὶ
1867 2637 1932 2669 σοῦ
1950 2634 2034 2669 τέκω

1318 2685 1470 2727 δούλους,
1492 2687 1615 2732 ἐμαυτῇ
1631 2685 1664 2733 γ’
1682 2686 1803 2722 ἀθλίαν
1821 2687 2008 2732 ἐφολκίδας

1318 2736 1338 2782 ἢ
1357 2738 1434 2774 τοὺς
1453 2738 1551 2783 ἐμούς
1567 2753 1618 2776 τις
1633 2740 1754 2776 παῖδας
1771 2738 1960 2783 ἐξανέξεται

1318 2790 1422 2827 Φθίας
1439 2792 1617 2837 τυράννους
1635 2791 1741 2833 ὄντας,
1761 2791 1801 2837 ἢν
1819 2792 1863 2827 σὺ
1880 2792 1925 2837 μὴ
1943 2791 2060 2837 τέκῃς,·

1318 2843 1464 2888 φιλοῦσι
1481 2844 1548 2890 γάρ
1565 2842 1601 2889 μ’
1616 2843 1783 2889 Ἕλληνες
1795 2843 1956 2892 Ἕκτορός
1974 2844 2004 2880 τ’
2024 2844 2102 2887 ἅπο,

1318 2894 1399 2939 αὐτή
1418 2895 1447 2930 τ’
1467 2895 1599 2943 ἀμαυρὰ
1617 2898 1676 2932 κού
1693 2896 1852 2944 τύραννος
1868 2896 1909 2942 ἢν
1925 2900 2076 2945 Φρυγῶν.

1318 2949 1376 2982 οὐκ
1396 2947 1433 2991 ἐξ
1452 2947 1540 2992 ἐμῶν
1557 2963 1599 2984 σε
1617 2951 1802 2996 φαρμάκων
1820 2952 1940 2997 στυγεῖ
1956 2953 2069 2989 πόσις,

1317 3000 1396 3035 ἀλλ’
1416 3000 1445 3034 εἷ
1463 2999 1607 3043 ξυνεῖναι
1623 3003 1668 3047 μὴ
1689 3001 1852 3047 ’πιτηδεία
1869 3005 1990 3049 κυρεῖς.

1317 3052 1464 3099 φίλτρον
1482 3051 1518 3087 δέ
1536 3055 1590 3089 καὶ
1607 3055 1688 3090 τόδ’·
1715 3055 1754 3089 οὔ
1771 3057 1811 3091 τὸ
1829 3056 1965 3099 κάλλος,
1980 3054 2006 3089 ὦ
2023 3053 2133 3102 γύναι.

1316 3103 1394 3138 ἀλλ’
1413 3106 1528 3151 ἀρεταὶ
1545 3106 1708 3153 τέρπουσι
1724 3107 1802 3144 τοὺς
1819 3107 2021 3151 ξυνευνέτας.

1317 3157 1362 3191 σὺ
1380 3156 1408 3191 δ’
1427 3159 1469 3202 ἤν
1485 3171 1518 3192 τι
1535 3158 1684 3204 κνισθῇς,
1703 3159 1722 3204 ἡ
1741 3162 1887 3195 Λάκαινα
1903 3161 1965 3206 μὲν
1981 3161 2082 3196 πόλις

1314 3207 1389 3255 μέγ’
1409 3210 1497 3249 ἐστὶ,
1517 3210 1576 3256 τὴν
1593 3212 1630 3247 δὲ
1648 3214 1774 3258 Σκῦρον
1791 3212 1939 3258 οὐδαμοῦ
1957 3212 2061 3257 τίθης,

1315 3263 1475 3298 πλουτεῖς
1492 3261 1523 3298 δ’
1544 3264 1579 3298 ἐν
1596 3264 1635 3299 οὗ
1652 3265 1851 3306 πλουτοῦσι,
1871 3265 2051 3301 Μενέλεως
2069 3264 2108 3299 δέ
2124 3279 2181 3300 σοι

1314 3314 1434 3359 μείζων
1454 3312 1652 3360 Ἀχιλλέως.
1688 3319 1792 3352 ταῦτά
1808 3316 1862 3351 τοί
1879 3314 1917 3352 σ’
1936 3318 2030 3363 ἔχθει
2047 3318 2157 3354 πόσις.

1313 3366 1379 3411 χρὴ
1397 3367 1465 3413 γὰρ
1481 3370 1632 3414 γυναῖκα,
1650 3368 1711 3404 κᾶν
1728 3373 1816 3417 κακῷ
1834 3368 1915 3414 δοθῇ
1933 3373 2045 3411 πόσει,

1314 3420 1480 3463 στέργειν,
1499 3420 1646 3464 ἅμιλλάν
1662 3421 1692 3455 τ’
1712 3421 1771 3456 οὔκ
1789 3422 1880 3466 ἔχειν
1896 3421 2119 3467 φρονήματος.

1313 3470 1342 3503 εἷ
1361 3469 1388 3504 δ’
1409 3470 1499 3516 ἀμφὶ
1517 3471 1649 3518 Θρῄκην
1662 3476 1751 3518 χιόνι
1769 3473 1829 3517 τὴν
1842 3474 2046 3520 κατάρρυτον
2193 3484 2248 3521 215

1311 3520 1471 3567 τύραννον
1488 3524 1590 3569 ἔσχες
1607 3522 1714 3571 ἄνδρ’,
1734 3523 1775 3560 ἵν’
1795 3526 1830 3560 ἐν
1846 3525 1939 3571 μέρει
1957 3525 2059 3572 λέχος

1312 3573 1435 3610 δίδωσι
1452 3576 1597 3614 πολλοῖς
1615 3574 1662 3614 εἷς
1680 3576 1761 3626 ἀνὴρ
1779 3577 1999 3624 κοινούμενος,
2041 3624 2043 3626 v

2198 581 2255 615 160

2201 1112 2259 1148 170

2202 1378 2258 1411 ι75

2203 1633 2261 1666 ιὸο

2202 2171 2260 2206 190

2202 2437 2258 2470 ¹95

2199 2701 2258 2724 200

2198 2962 2255 2995 2:¹5

2197 3226 2255 3248 210
