2488 3860
144 1498 215 1529 XO.

142 1871 217 1902 HA.

142 2243 215 2274 XO.

142 2614 216 2644 HA.

144 3144 210 3174 ΟΡ.

1061 266 1359 310 ΗΛΕΚΤΡΑ.
2203 272 2285 314 309

255 377 376 421 λαβὼν
392 376 430 413 δὲ
447 377 574 412 κόπτει.
610 376 796 425 σπλάγχνα
814 373 844 414 δ’
865 376 1030 426 Αἴγισθος
1045 377 1165 422 λαβὼν

255 429 351 477 ἤθρει
369 431 517 477 διαιρῶν.
555 431 616 465 τοῦ
635 430 672 465 δὲ
691 429 844 467 νεύοντος
861 433 961 476 κάτω,

252 481 377 528 ὄνυχας
393 479 446 518 ἐπ’
467 482 590 529 ἄκρους
606 483 691 519 στὰς
710 486 912 532 κασίγνητος
929 484 1029 521 σέθεν

252 534 288 573 ἐς
305 534 524 582 σφονδύλους
542 535 676 577 ἔπαισε,
698 539 832 573 νωτιαῖα
850 538 887 573 δὲ

255 588 397 636 ἔρρηξεν
414 588 534 636 ἅρθρα.
574 591 642 625 πᾶν
661 590 698 625 δὲ
718 590 804 636 σῶμ’
826 591 892 626 ἅνω
911 592 1000 627 κάτω

251 643 430 688 ἤσπαιρεν,
449 641 624 688 ἐσφάδαζε
643 643 858 688 δυσθνῆσκον
875 646 982 694 φόνῳ.

252 695 361 741 δμῶες
378 694 409 731 δ’
429 694 557 731 ἰδόντες
574 695 673 731 εὐθὺς
690 694 776 741 ᾖξαν
793 696 828 732 ἐς
845 698 937 743 δόρυ,

251 748 379 784 πολλοὶ
395 748 569 794 μάχεσθαι
585 750 671 795 πρὸς
689 749 754 784 δύ’.
797 750 949 793 ἀνδρείας
966 749 995 786 δ’
1013 748 1080 785 ὕπο

251 800 404 846 ἔστησαν
420 802 613 850 ἀντίπρῳρα
631 801 781 840 σείοντες
797 804 885 847 βέλη

249 854 412 899 Πυλάδης
429 854 595 902 Ὀρέστης
611 855 657 891 τ’.
695 852 769 891 εἶπε
787 855 832 899 δ’,
851 856 928 903 οὐχὶ
945 855 1110 902 δυσμενὴς

249 906 319 952 ἥκω
336 909 436 942 πόλει
453 906 540 953 τῇδ’,
561 904 633 943 οὐδ’
655 909 748 954 ἐμοῖς
764 909 901 953 ὀπάοσι,

249 960 358 1007 φονέα
375 961 412 996 δὲ
429 961 557 1008 πατρὸς
573 960 892 1009 ἀντετιμωρησάμην

250 1012 388 1059 τλήμων
406 1013 583 1061 Ὀρέστης.
623 1014 715 1049 ἀλλὰ
732 1014 778 1060 μή
795 1032 838 1062 με
856 1016 1012 1056 κτείνετε,

250 1067 377 1113 πατρὸς
393 1067 533 1102 παλαιοὶ
551 1067 669 1112 δμῶες.
711 1069 743 1103 οἱ
760 1068 804 1111 δ’,
822 1069 895 1104 ἐπεὶ
911 1070 1026 1116 λόγων

250 1121 409 1165 ἥκουσαν,
431 1120 539 1166 ἔσχον
556 1121 715 1165 κάμακας·
744 1121 900 1170 ἐγνώσθη
919 1120 950 1158 δ’
970 1123 1035 1157 ὑπὸ

248 1172 406 1221 γέροντος
424 1173 461 1209 ἐν
478 1174 635 1219 δόμοισιν
653 1174 796 1221 ἀρχαίου
814 1177 915 1212 τινός.

250 1226 425 1273 στέφουσι
443 1223 474 1262 δ’
496 1227 595 1264 εὐθὺς
614 1230 679 1263 σοῦ
698 1228 902 1276 κασιγνήτου
920 1228 1006 1274 κάρα

247 1279 434 1327 χαίροντες,
453 1279 689 1324 ἀλαλάζοντες.
729 1281 865 1329 ἔρχεται
883 1283 920 1317 δὲ
938 1281 997 1317 σοὶ

249 1334 334 1380 κάρα
352 1332 533 1378 ’πιδείξων,
555 1335 633 1380 οὐχὶ
650 1336 818 1382 Γοργόνος
834 1336 960 1381 φέρων,

247 1383 328 1422 ἀλλ’
350 1384 388 1422 ὃν
406 1388 544 1439 στυγεῖς
562 1387 742 1434 Αἴγισθον·
770 1385 850 1432 αἷμα
868 1388 898 1423 δ’
917 1386 1054 1433 αἵματος

248 1440 368 1487 πικρὸς
385 1440 567 1486 δανεισμὸς
584 1439 670 1484 ἦλθε
688 1444 735 1489 τῷ
755 1442 889 1477 θανόντι
907 1443 974 1477 νῦν.

249 1492 306 1530 θὲς
323 1493 358 1530 ἐς
373 1493 489 1540 χορὸν,
510 1493 536 1528 ὦ
555 1493 655 1539 φίλα,
673 1493 780 1541 ἴχνος,

248 1546 293 1583 ὡς
309 1547 441 1594 νεβρὸς,
459 1547 614 1593 οὐράνιον

245 1596 382 1644 πήδημα
399 1600 613 1646 κουφίζουσα
630 1601 694 1636 σὺν
711 1601 847 1650 ἀγλαΐᾳ.

246 1655 318 1699 νικᾷ
337 1653 619 1700 στεφαναφορίαν

244 1705 319 1742 οἷαν
335 1704 416 1754 παρ’
436 1706 604 1753 Ἀλφειοῦ
620 1707 773 1756 ῥεέθροις
789 1709 934 1746 τελέσας

249 1759 450 1807 κασίγνητος
468 1759 580 1795 σέθεν·
610 1759 690 1797 ἀλλ’
711 1762 845 1798 ἐπάειδε

246 1812 440 1849 καλλίνικον
456 1812 547 1862 ᾠδὰν
565 1814 633 1863 ἐμῷ
648 1818 754 1864 χορῷ.

249 1866 277 1901 ὦ
294 1866 438 1914 φέγγος,
459 1866 485 1901 ὦ
503 1866 689 1912 τέθριππον
706 1869 805 1913 ἡλίου
825 1868 948 1908 σέλας,

228 1919 272 1954 ,ὦ
287 1921 368 1966 γαῖα
386 1920 441 1955 καὶ
459 1920 530 1964 νὺξ,
550 1918 590 1964 ἣν
607 1919 789 1967 ἐδερκόμην
806 1922 924 1968 πάρος,

246 1975 306 2008 νῦν
324 1972 416 2018 ὄμμα
429 1973 554 2019 τούμὸν
570 1972 747 2019 ἀμπτυχαί
760 1974 791 2009 τ’
809 1973 983 2019 ἐλεύθεροι

245 2025 319 2061 ἐπεὶ
334 2027 462 2074 πατρὸς
477 2026 652 2062 πέπτωκεν
668 2025 834 2074 Αἴγισθος
851 2026 986 2073 φονεύς.

244 2078 337 2126 φέρ’,
356 2076 411 2115 οἷα
429 2079 470 2124 δὴ
489 2077 555 2126 ’χω
575 2080 629 2114 καὶ
647 2081 745 2126 δόμοι
763 2080 925 2116 κεύθουσί
942 2094 1007 2126 μου

246 2133 350 2177 κόμης
366 2131 534 2179 ἀγάλματ’
555 2132 789 2179 ἐξενέγκωμαι,
808 2133 923 2180 φίλαι,

246 2185 370 2232 στέψω
386 2184 417 2221 τ’
437 2186 594 2232 ἀδελφοῦ
612 2188 716 2232 κρᾶτα
733 2189 795 2223 τοῦ
813 2188 1008 2234 νικηφόρου.

252 2238 299 2274 σὺ
315 2238 378 2284 μέν
394 2253 453 2276 νυν
470 2238 638 2286 ἀγάλματ’
658 2240 749 2287 ἅειρε

245 2292 351 2339 κρατί·
378 2292 418 2327 τὸ
436 2291 467 2329 δ’
488 2294 651 2339 ἁμέτερον

243 2342 436 2391 χωρήσεται
453 2345 630 2382 Μούσαισι
647 2346 800 2392 χόρευμα
817 2346 939 2392 φίλον.

243 2401 301 2433 νῦν
318 2399 351 2433 οἱ
367 2400 475 2446 πάρος
492 2399 646 2444 ἁμέτεροι

242 2451 341 2497 γαίας
356 2451 623 2500 τυραννεύσουσι
641 2452 742 2498 φίλοι
758 2454 919 2498 βασιλῆς,

245 2504 379 2542 δικαίως
395 2506 476 2542 τοὺς
492 2505 628 2541 ἀδίκους
645 2506 854 2542 καθελόντες.

246 2557 326 2592 ἀλλ’
344 2557 406 2594 ἴτω
423 2558 589 2603 ξύναυλος
606 2560 675 2602 βοὰ
691 2561 791 2604 χαρᾷ.

246 2609 273 2645 ὦ
292 2611 474 2656 καλλίνικε,
487 2612 613 2658 πατρὸς
631 2611 668 2646 ἐκ
686 2612 873 2658 νικηφόρου

247 2664 368 2710 γεγὼς,
390 2662 551 2710 Ὀρέστα,
569 2665 629 2709 τῆς
647 2664 701 2700 ὑπ’
722 2663 822 2711 Ἰλίῳ
839 2665 962 2710 μάχης,

242 2716 337 2761 δέξαι
355 2718 457 2763 κόμης
474 2719 538 2763 σῆς
553 2716 759 2763 βοστρύχων
776 2715 954 2762 ἀνδήματα.

244 2769 335 2815 ἥκεις
351 2771 418 2816 γὰρ
436 2771 497 2805 οὔκ
515 2771 652 2817 ἀχρεῖον
670 2769 858 2816 ἔκπλεθρον
877 2770 1010 2815 δραμὼν

243 2821 345 2870 ἀγῶν’
365 2823 401 2860 ἐς
418 2822 540 2865 οἴκους,
559 2823 652 2859 ἀλλὰ
665 2823 830 2867 πολέμιον
847 2824 975 2857 κτανὼν

243 2875 421 2924 Αἴγισθον,
442 2874 479 2912 ὃς
498 2878 562 2911 σὸν
578 2878 708 2923 πατέρα
726 2875 832 2922 κάμὸν
851 2875 973 2911 ὤλεσε.

245 2929 293 2965 σύ
311 2928 356 2974 τ’,
378 2929 405 2965 ὦ
422 2928 646 2976 παρασπίστ’,
666 2929 787 2975 ἀνδρὸς
799 2929 1053 2971 εὐσεβεστάτου

243 2982 422 3028 παίδευμα,
443 2983 601 3027 Πυλάδη,
621 2982 795 3028 στέφανον
813 2981 852 3025 ἐξ
870 2980 951 3027 ἐμῆς
967 2984 1068 3028 χερὸς

247 3035 364 3081 δέχου·
394 3035 495 3082 φέρει
511 3036 579 3082 γὰρ
598 3036 651 3070 καὶ
670 3035 715 3070 σὺ
731 3033 812 3083 τῷδ’
830 3033 910 3069 ἴσον
926 3034 1028 3081 μέρος

245 3088 390 3135 ἀγῶνος·
417 3087 470 3124 ἀεὶ
488 3088 517 3124 δ’
537 3089 688 3133 εὐτυχεῖς
706 3086 891 3133 φαίνοισθέ
906 3101 975 3133 μοι.

243 3139 340 3178 θεοὺς
357 3142 418 3187 μὲν
435 3140 520 3188 ἡγοῦ
537 3144 683 3188 πρῶτον,
701 3140 884 3185 Ἠλέκτρα,
905 3140 1010 3188 τύχης

244 3194 433 3242 ἀρχηγέτας
450 3193 560 3238 τῆσδ’,
580 3190 652 3229 εἶτα
670 3192 745 3238 κᾶμ’
766 3192 958 3236 ἐπαίνεσον,

244 3248 304 3283 τὸν
320 3250 386 3282 τῶν
403 3247 489 3282 θεῶν
506 3263 543 3282 τε
559 3249 619 3292 τῆς
634 3245 740 3291 τύχης
758 3245 788 3280 θ’
806 3245 982 3292 ὑπηρέτην.

246 3299 315 3345 ἥκω
331 3301 399 3347 γὰρ
417 3301 456 3336 οὐ
468 3302 638 3348 λόγοισιν,
657 3299 736 3334 ἀλλ’
758 3300 870 3345 ἔργοις
887 3301 1013 3336 κτανὼν

248 3353 425 3401 Αἴγισθον·
453 3354 498 3390 ὧς
515 3353 554 3389 δέ
569 3367 616 3401 τῳ
637 3351 724 3398 σάφ’
743 3351 864 3387 εἰδέναι
881 3353 962 3388 τάδε

246 3405 436 3452 προθῶμεν,
454 3407 556 3442 αὐτὸν
572 3406 632 3441 τὸν
650 3405 792 3441 θανόντα
809 3418 868 3439 σοι
885 3406 995 3452 φέρω,

248 3457 297 3501 ὃν,
316 3457 385 3494 εἴτε
400 3458 547 3505 χρῄζεις,
563 3458 686 3505 θηρσὶν
702 3456 857 3504 ἁρπαγὴν
874 3458 1010 3504 πρόθες,

248 3510 268 3556 ἦ
287 3512 418 3547 σκῦλον
433 3511 616 3553 οἰωνοῖσιν,
634 3510 768 3556 αἰθέρος
783 3510 923 3552 τέκνοις,

248 3562 378 3608 πήξασ’
396 3565 531 3610 ἔρεισον
549 3565 707 3601 σκόλοπι·
736 3564 798 3601 σὸς
816 3564 883 3611 γάρ
901 3563 977 3600 ἐστι
994 3566 1052 3602 νῦν

249 3616 384 3660 δοῦλος,
400 3617 543 3663 πάροιθε
560 3618 729 3662 δεσπότης
746 3617 958 3663 κεκλημένος.

1139 489 1202 528 840

1139 754 1199 795 845

1137 1020 1200 1060 850

1122 1507 1166 1529 ⁰⁷¹
1165 1506 1197 1538 Ρ

1135 1549 1198 1583 860

1136 1816 1197 1859 865

1132 2613 1196 2645 880

1131 2882 1192 2922 885

1132 3146 1195 3189 890

1241 383 1316 412 HA.
1347 375 1552 423 αι’σχύνομαι
1567 376 1640 421 μὲν,
1661 376 1831 423 βούλομαι
1849 377 1878 414 δ’
1897 378 2002 416 εἷπεῖν
2018 377 2120 425 ὅμως.

1241 436 1306 466 ΟΡ.
1342 429 1377 464 τί
1393 430 1519 477 χρῆμα,
1538 428 1651 473 λέξον,
1671 431 1716 466 ὡς
1733 432 1849 476 φόβου
1865 426 1900 478 γ’
1920 432 2046 477 ἔξωθεν
2061 429 2103 468 εἶ.

1241 489 1316 518 HA.
1347 483 1483 527 νεκροὺς
1500 481 1660 528 ὑβρίζειν,
1679 481 1725 527 μή
1742 484 1785 528 με’
1801 499 1850 520 τις
1869 485 1988 534 φθόνῳ
2006 487 2118 531 βάλῃ.

1241 542 1309 572 ΟΡ.
1345 550 1406 571 ουκ
1423 536 1519 571 ἔστιν
1536 534 1683 572 οὗδεὶς”
1662 550 1759 572 οστις
1777 535 1817 570 ἂν
1834 537 2008 584 μέμψαιτό
2027 554 2098 575 σοι.

1242 595 1318 625 HA.
1348 587 1594 635 δυσάρεστος’
1577 592 1670 633 ημῶν
1687 589 1742 624 καὶ
1759 589 1960 637 φιλόψογος
1977 593 2090 627 πόλις.

1240 649 1308 678 ΟΡ.
1345 642 1433 689 λέγ’,
1452 657 1482 677 ει
1499 656 1531 676 τι
1547 641 1692 687 χρῄζεις,
1712 641 1866 690 σύγγον’·
1895 642 2098 681 ἀσπόνδοισι
2114 647 2181 694 γὰρ
2226 659 2287 695 905

1343 697 1498 740 νόμοισιν
1515 695 1643 742 ἔχθραν
1659 695 1747 744 τῷδε
1767 694 2066 742 συμβεβλήκαμεν.

1241 755 1315 784 HA.
1346 745 1424 784 εἷεν·
1452 747 1513 783 τίν
1532 748 1641 795 ἀρχὴν
1656 749 1774 796 πρῶτά
1792 749 1826 784 σ’
1846 749 1968 793 ἐξείπω
1987 754 2117 793 nanim,-

1342 801 1443 837 ποίας
1459 803 1640 842 τελευτάς;
1667 801 1741 837 τίνα
1757 801 1865 847 μέσον
1881 802 1972 846 τάξω
1990 804 2096 851 λόγον
2107 820 2121 846 ,-

1344 856 1398 890 καὶ
1414 854 1480 900 μὴν
1497 853 1542 890 δι’
1561 854 1691 901 ὄρθρων
1707 853 1740 902 γ’
1760 855 1874 890 οὔποτ’
1894 855 2120 902 ἐξελίμπανον

1343 906 1522 954 θρυλοῦσ’,
1542 908 1564 943 ἅ
1579 908 1612 955 γ’
1631 908 1737 943 εἰπεῖν
1755 908 1879 953 ἤθελον
1896 908 1968 944 κατ’
1989 909 2080 956 ὄμμα
2097 913 2173 952 σὸν,
2228 926 2291 960 910

1343 961 1374 995 εἶ
1392 960 1432 1006 δὴ
1450 962 1608 1006 γενοίμην
1626 962 1791 1006 δειμάτων
1807 962 1971 1009 ἐλευθέρα

1343 1017 1411 1049 τῶν
1426 1014 1570 1059 πρόσθε·
1598 1017 1656 1050 νῦν
1673 1013 1732 1050 οὖν
1750 1014 1864 1060 ἐσμεν·
1892 1015 2061 1052 ἀποδώσω
2079 1017 2119 1053 δέ
2134 1009 2201 1053 σοι’

1343 1067 1437 1103 ἐκεῖν’
1458 1068 1480 1102 ἅ
1496 1083 1538 1103 σε
1556 1066 1651 1111 ζῶντ’
1671 1068 1794 1112 ἤθελον
1809 1068 1909 1113 λέξαι
1927 1071 2020 1105 κακά.

1342 1120 1527 1157 ἀπώλεσάς
1544 1136 1587 1166 με
1605 1121 1787 1168 κώρφανὴν
1804 1122 1913 1168 φίλου
1929 1125 2057 1170 πατρὸς

1343 1175 1397 1209 καὶ
1412 1173 1502 1210 τόνδ’
1523 1174 1654 1219 ἔθηκας,
1673 1175 1770 1209 οὐδὲν
1788 1172 1993 1220 ἠδικημένος,
2228 1193 2288 1225 915

1342 1227 1490 1275 κᾶγημας
1508 1228 1660 1274 αἰσχρῶς
1679 1227 1806 1273 μητέρ’,
1825 1228 1929 1275 ἄνδρα
1946 1229 1976 1263 τ’
1996 1230 2130 1267 ἔκτανες

1342 1279 1630 1327 στρατηλατοῦνθ’
1644 1279 1829 1326 Ἕλλησιν,
1846 1282 1906 1316 οὐκ
1924 1281 2035 1317 ε’λθὼν
2051 1283 2194 1331 Φρύγας.

1341 1334 1376 1371 ἐς
1393 1337 1494 1369 τοῦτο
1513 1334 1541 1370 δ’
1562 1332 1665 1378 ἦλθες
1682 1333 1826 1378 ἀμαθίας
1844 1334 1925 1370 ὥστ’
1945 1337 2098 1380 ἤλπισας

1342 1388 1386 1424 ὣς
1405 1388 1439 1424 ἐς
1456 1402 1498 1422 σε
1515 1387 1577 1433 μὲν
1593 1387 1634 1432 δὴ
1652 1387 1765 1433 μητέρ’
1785 1388 1849 1434 οὐχ
1867 1387 1954 1432 ἕξεις
1972 1389 2074 1433 κακὴν

1341 1439 1461 1487 γήμας,
1481 1440 1563 1486 ἐμοῦ
1581 1441 1618 1475 δὲ
1635 1443 1763 1487 πατρὸς
1780 1439 1904 1486 ἠδίκεις
1921 1442 2018 1488 λέχη.
2227 1457 2291 1491 920

1340 1492 1427 1529 ἵστω
1447 1493 1491 1537 δ’,
1512 1492 1593 1529 ὅταν
1610 1508 1661 1531 τις
1679 1494 1840 1529 διολέσας
1855 1495 2007 1541 δάμαρτά
2023 1510 2083 1530 του

1343 1549 1545 1592 κρυπταῖσιν
1561 1547 1670 1584 εὐναῖς
1686 1543 1746 1582 εἶτ’
1767 1546 1962 1594 ἀναγκασθῇ
1981 1550 2117 1592 λαβεῖν,

1342 1599 1506 1645 δύστηνός
1525 1600 1630 1643 ἔστιν,
1649 1600 1679 1635 εἷ
1698 1601 1791 1636 δοκεῖ
1806 1601 1846 1635 τὸ
1865 1601 2059 1646 σωφρονεῖν
2080 1618 2083 1621 ⁴

1341 1652 1412 1688 ἐκεῖ
1427 1653 1488 1699 μὲν
1505 1653 1608 1698 αὐτὴν
1624 1654 1684 1689 οὐκ
1703 1655 1805 1700 ἔχειν,
1823 1652 1904 1699 παρ’
1925 1651 1961 1688 οἷ
1974 1654 2002 1689 δ’
2022 1654 2123 1700 ἔχειν.

1339 1706 1491 1754 ἄλγιστα
1509 1705 1540 1742 δ’
1561 1705 1668 1755 ᾤκεις,
1688 1708 1727 1742 ού
1745 1708 1852 1742 δοκῶν
1868 1706 1970 1742 οἰκεῖν
1989 1712 2104 1744 κακῶς·
2227 1722 2288 1756 925

1338 1758 1474 1805 ᾔδησθα
1489 1761 1556 1807 γὰρ
1573 1760 1643 1804 δῆτ’
1661 1760 1799 1795 ἀνόσιον
1814 1757 1924 1806 γήμας
1939 1761 2060 1807 γάμον,

1340 1812 1449 1860 μήτηρ
1468 1814 1505 1848 δέ
1523 1811 1557 1849 σ’
1576 1813 1679 1860 ἄνδρα
1692 1814 1855 1858 ’δυσσεβῆ
1875 1815 2067 1859 κεκτημένη.

1342 1866 1447 1912 ἄμφω
1463 1867 1599 1911 πονηρὼ
1618 1866 1647 1901 δ’
1667 1865 1734 1901 ὅντ’
1753 1866 1981 1913 ἀφαιρεῖσθον
1997 1866 2114 1913 τύχην,

1341 1920 1430 1964 κείνη
1448 1934 1486 1954 τε
1503 1920 1564 1965 τὴν
1582 1919 1648 1965 σὴν
1664 1921 1719 1955 καὶ
1737 1920 1782 1955 σὺ
1800 1920 1971 1964 τούκείνης
1989 1923 2102 1957 κακόν.

1339 1974 1446 2008 πᾶσιν
1464 1969 1494 2008 δ’
1515 1973 1551 2008 ἐν
1569 1971 1779 2020 Ἀργείοισιν
1796 1974 1910 2018 ἤκουες
1930 1974 2020 2008 τάδε·
2227 1990 2290 2023 930

1342 2027 1438 2071 ὁτῆς
1454 2027 1621 2072 γυναικὸς,
1641 2026 1718 2072 οὐχὶ
1736 2026 1878 2073 τάνδρὸς
1894 2025 1914 2070 ἡ
1931 2026 2027 2073 γυνή.

1342 2080 1448 2114 καίτοι
1467 2078 1539 2114 τόδ’
1559 2080 1717 2126 αἰσχρὸν,
1736 2080 1940 2124 προστατεῖν
1957 2094 1998 2127 γε
2017 2080 2112 2126 δωμά
2130 2095 2176 2117 ων

1338 2134 1490 2178 γυναῖκα,
1506 2132 1551 2178 μὴ
1565 2134 1624 2168 τὸν
1642 2133 1757 2179 ἄνδρα·
1786 2132 1955 2168 κάκείνους
1974 2138 2091 2180 στυγῶ

1340 2186 1420 2222 τοὺς
1435 2187 1567 2227 παῖδας,
1588 2185 1685 2221 ὅστις
1701 2188 1763 2220 τοῦ
1780 2186 1842 2230 μὲν
1860 2186 2002 2231 ἄρσενος
2019 2186 2147 2234 πατρὸς

1339 2239 1399 2274 οὐκ
1419 2240 1623 2284 ὠνόμασται,
1642 2240 1701 2283 τῆς
1720 2238 1756 2273 δὲ
1772 2241 1898 2284 μητρὸς
1916 2239 1951 2273 ἐν
1969 2240 2081 2275 πόλει.
2225 2254 2287 2289 935

1339 2291 1490 2337 ἐπίσημα
1507 2293 1573 2339 γὰρ
1591 2290 1734 2339 γήμαντι
1752 2292 1806 2327 καὶ
1822 2291 1924 2336 μείζω
1942 2293 2040 2338 λέχη,

1341 2344 1482 2391 τάνδρὸς
1498 2345 1559 2390 μὲν
1577 2346 1697 2386 οὐδεὶς,
1714 2349 1781 2380 τῶν
1799 2344 1836 2380 δὲ
1855 2345 1997 2389 θηλειῶν
2013 2346 2129 2394 λόγος.

1339 2396 1358 2432 ὃ
1376 2398 1406 2433 δ’
1426 2396 1537 2443 ἠπάτα
1555 2413 1597 2433 σε
1615 2399 1782 2434 πλεῖστον
1798 2398 1858 2432 οὐκ
1878 2397 2058 2444 ἐγνωκότα,

1339 2454 1454 2496 ηὔχεις
1472 2465 1522 2488 τις
1540 2448 1635 2492 εἶναι,
1654 2453 1746 2487 τοῖσι
1763 2450 1915 2498 χρήμασι
1933 2450 2073 2487 σθένων·

1338 2505 1382 2539 τὰ
1399 2504 1427 2539 δ’
1446 2504 1542 2539 οὐδὲν
1559 2503 1589 2538 εἶ
1606 2503 1651 2549 μὴ
1668 2504 1803 2550 βραχὺν
1821 2505 1984 2548 ὁμιλῆσαι
2000 2505 2135 2552 χρόνον.
2225 2521 2286 2554 940

1341 2556 1441 2603 ἡγὰρ
1459 2556 1567 2603 φύσις
1584 2556 1738 2599 βέβαιος,
1755 2557 1796 2591 οὐ
1814 2557 1856 2591 τὰ
1872 2556 2039 2603 χρήματα.

1338 2610 1359 2655 ἡ
1377 2610 1439 2655 μὲν
1454 2611 1521 2656 γὰρ
1539 2609 1591 2643 ἀεὶ
1607 2608 1834 2655 παραμένουσ’
1854 2609 1940 2656 αἴρει
1958 2611 2054 2656 κάρα·

1340 2665 1359 2698 ὁ
1378 2662 1406 2698 δ’
1425 2662 1531 2704 ὄλβος
1549 2662 1662 2700 ἄδικος
1679 2664 1734 2698 καὶ
1750 2663 1835 2708 μετὰ
1853 2666 1980 2698 σκαιῶν
1997 2662 2117 2708 ξυνὼν,

1341 2715 1494 2760 ἐξέπτατ’
1514 2714 1623 2759 οἴκων,
1644 2718 1789 2763 σμικρὸν
1807 2714 1956 2760 ἀνθήσας
1974 2717 2107 2762 χρόνον.

1343 2769 1366 2804 ἃ
1383 2768 1412 2804 δ’
1431 2768 1466 2805 ἐς
1482 2770 1651 2815 γυναῖκας,
1669 2769 1824 2817 παρθένῳ
1841 2770 1908 2816 γὰρ
1926 2770 1965 2804 οὗ
1985 2771 2088 2805 καλὸν
2198 2801 2201 2803 .
2224 2784 2286 2818 945

1341 2822 1467 2868 λέγειν,
1488 2826 1619 2863 σιωπῶ,
1638 2822 1813 2870 γνωρίμως
1832 2822 1860 2857 δ’
1880 2823 2059 2868 αἰνίξομαι.

1339 2873 1486 2920 ὕβριζες,
1508 2875 1552 2911 ὣς
1571 2875 1611 2919 δὴ
1627 2876 1832 2919 βασιλικοὺς
1849 2875 1937 2922 ἔχων
1953 2877 2076 2921 δόμους

1340 2929 1460 2963 κάλλει
1477 2927 1507 2963 τ’
1525 2927 1668 2975 ἀραρώς.
1709 2927 1788 2963 ἀλλ’
1808 2928 1915 2975 ἔμοιγ’
1936 2927 1986 2973 ε’ίη
2003 2929 2106 2965 πόσις

1338 2980 1383 3026 μὴ
1401 2981 1632 3024 παρθενωπὸς,
1652 2981 1744 3017 ἀλλὰ
1762 2981 1936 3027 τάνδρείου
1954 2984 2092 3028 τρόπου.

1337 3034 1380 3068 τὰ
1396 3035 1463 3080 γὰρ
1481 3033 1568 3068 τέκν’
1588 3035 1698 3070 αὐτῶν
1705 3034 1830 3081 Ἀρεος
1845 3035 2102 3081 ἐκκρεμάννυται
2222 3049 2286 3082 950

1340 3087 1383 3121 τὰ
1401 3086 1431 3121 δ’
1453 3087 1601 3133 εὐπρεπῆ
1621 3088 1661 3132 δὴ
1681 3090 1809 3132 κόσμος
1827 3087 1863 3122 ἐν
1880 3090 1999 3134 χοροῖς
2016 3089 2128 3132 μόνον.

1338 3138 1420 3185 ἔρρ’,
1439 3139 1537 3174 οὐδὲν
1555 3139 1650 3177 εἰδὼς
1669 3141 1714 3176 ὧν
1733 3140 1929 3187 ἐφευρεθεὶς
1945 3141 2058 3188 χρόνῳ

1339 3191 1433 3236 δίκην
1450 3192 1607 3234 δέδωκας,
1628 3193 1694 3229 ῶδέ
1709 3209 1760 3231 τις
1779 3196 1962 3240 κακοῦργος
1980 3193 2038 3228 ὤν.

1338 3244 1383 3290 μή
1402 3259 1472 3288 μοι,
1491 3247 1530 3280 τὸ
1548 3250 1682 3292 πρῶτον
1698 3247 1778 3291 βῆμ’
1799 3246 1856 3281 ἐὰν
1876 3247 1984 3292 δράμῃ
2004 3248 2126 3290 καλῶς,

1338 3300 1431 3332 νικᾶν
1447 3298 1584 3334 δοκείτω
1600 3299 1661 3344 τὴν
1677 3299 1783 3345 δίκην,
1800 3299 1880 3346 πρὶν
1897 3299 1936 3333 ἂν
1954 3298 2064 3336 πέλας
2222 3311 2282 3347 955

1339 3352 1493 3397 γραμμῆς
1510 3350 1632 3397 ἵκηται,
1651 3354 1704 3388 καὶ
1722 3353 1826 3388 τέλος
1844 3352 1963 3399 κάμψῃ
1982 3352 2075 3394 βίου.

1133 3411 1193 3454 895
1233 3409 1306 3440 XO.
1335 3403 1461 3448 ἔπραξε
1479 3404 1582 3440 δεινά·
1610 3406 1702 3440 δεινὰ
1719 3406 1749 3441 δ’
1769 3405 1932 3441 ἀντέδωκε
1951 3405 2008 3440 σοὶ

1339 3457 1393 3491 καὶ
1410 3456 1502 3505 τῷδ’.
1542 3458 1612 3504 ἔχει
1631 3459 1698 3505 γὰρ
1716 3457 1736 3502 ἢ
1755 3460 1838 3502 Δίκη
1857 3457 1943 3505 μέγα
1962 3457 2092 3494 σθένος.

1236 3516 1302 3546 ΟΡ.
1340 3506 1417 3544 εἷεν·
1446 3509 1593 3555 κομίζειν
1609 3512 1709 3546 τοῦδε
1729 3511 1815 3556 σῶμ’
1834 3511 1905 3546 ἐ’σω
1923 3511 2034 3556 χρεὼν

1339 3563 1453 3611 σκότῳ
1470 3577 1508 3597 τε
1526 3563 1652 3606 δοῦναι,
1672 3564 1790 3609 δμῶες,
1810 3564 1854 3599 ὣς
1872 3562 1952 3598 ὅταν
1969 3565 2060 3608 μόλῃ
2218 3564 2283 3610 960

1337 3614 1458 3663 μήτηρ,
1479 3615 1617 3664 σφαγῆς
1635 3616 1776 3663 πάροιθε
1794 3616 1839 3662 μὴ
1859 3616 1969 3661 εἰσίδῃ
1988 3616 2114 3662 νεκρόν.
