2488 3860
205 247 289 291 266

1087 255 1416 298 ΕΥΡΙΠΙΔΟΥ

306 352 452 400 καθαρὰν
468 354 535 404 γὰρ
551 355 592 400 ἤν
608 369 658 393 τις
676 356 710 393 ἐς
726 357 830 393 πόλιν
846 357 935 404 πέσῃ
954 357 1059 403 ξένος,
1262 363 1266 419 ἱ

307 407 367 441 κᾶν
383 409 452 443 τοῖς
469 408 627 454 λόγοισιν
643 409 747 446 ἀστὸς
763 406 795 455 ᾖ,
814 412 854 445 τό
865 425 906 458 γε
924 413 1034 457 στόμα
1288 417 1350 446 ΚΡ.

307 459 429 494 δοῦλον
445 459 591 495 πέπαται
607 461 686 496 κούκ
703 462 774 508 ἔχει
791 463 993 510 παρρησίαν.
1180 468 1240 508 675
1286 470 1361 500 UA.

205 515 274 546 XO.
303 512 370 557 ὁρῶ
389 511 513 558 δάκρυα
530 512 584 547 καὶ
600 513 779 558 πενθίμους
1163 531 1240 563 στρ.

307 563 415 600 ἄλλας
431 579 471 611 γε
491 567 727 612 στεναγμάτων
745 566 908 610 ἐσβολὰς,
1290 575 1353 604 ΚΡ.

308 614 386 650 ὅταν
405 617 467 662 ε’μὰ
483 615 640 663 τύραννος
657 618 828 655 εὐπαιδίαν
1289 627 1360 656 HA.

307 670 410 703 πόσιν
428 667 537 716 ἔχοντ’
557 668 622 715 ἴδῃ,
1291 679 1352 708 ΚΡ.

308 720 389 765 αὐτὴ
408 720 438 756 δ’
458 722 556 758 ἅπαις
573 720 594 768 ᾖ
610 723 663 759 καὶ
680 724 879 769 λελειμμένη
897 723 1028 759 τέκνων.
1182 729 1245 760 680
1290 731 1361 760 HA.

229 2820 291 2850 KP.

239 3341 308 3371 UA.

308 771 383 814 τίν’,
404 773 430 808 ὦ
446 777 508 810 παῖ
523 777 686 822 πρόμαντι
705 779 832 813 Λατοῦς
849 777 998 822 ἔχρησας
1015 777 1200 826 ὑμνῳδίαν,·
1292 783 1357 813 ΚΡ.

308 825 412 861 πόθεν
429 828 448 861 ὁ
465 829 540 863 παῖς
560 825 610 862 ὅδ’
630 827 718 874 ἀμφὶ
737 829 834 864 ναοὺς
853 828 953 863 σέθεν

308 879 473 924 τρόφιμος
491 879 605 923 ἐξέβα,
622 883 786 927 γυναικῶν
803 882 912 920 τίνος,·

309 931 348 965 οὗ
364 933 430 978 γάρ
447 946 489 977 με
507 933 615 967 σαίνει
632 932 799 979 θέσφατα,
1184 938 1243 979 685

308 981 353 1027 μή
371 983 432 1018 τιν’
453 985 514 1030 ἔχῃ
534 984 643 1020 δόλον.

310 1036 464 1081 δειμαίνω
484 1038 666 1084 συμφορὰν
1293 1045 1360 1073 ΧΟ.

310 1087 365 1133 ἐφ’
385 1087 405 1122 ὅ
423 1103 505 1124 ποτε
523 1089 678 1131 βάσεται.
1292 1098 1363 1126 HA.

309 1140 432 1177 ἄτοπος
449 1141 556 1177 ἄτοπα
573 1142 639 1189 γὰρ
656 1142 867 1189 παραδίδωσί
883 1157 950 1188 μοι,
1184 1148 1247 1189 690
1292 1150 1362 1179 ΧΟ.

309 1193 390 1240 τῳδί
406 1193 481 1229 ποτ’
501 1193 645 1239 εὔφημα.
1293 1203 1365 1231 HA.

311 1245 381 1290 ἕχει
399 1246 501 1281 δόλον
517 1245 623 1292 τύχαν
641 1245 673 1281 θ’
693 1249 711 1281 ὁ
729 1249 807 1284 παῖς
1295 1255 1363 1283 XO.

311 1297 426 1333 ἄλλων
443 1299 584 1345 τραφεὶς
602 1297 664 1344 ἀφ’
684 1300 839 1344 αἱμάτων.
1296 1307 1358 1336 ΚΡ.

311 1349 362 1386 τίς
380 1351 418 1385 οὐ
434 1351 514 1386 τάδε
533 1351 744 1395 §uvolae-rat,-
1294 1359 1364 1388 XO.

311 1401 424 1448 φίλαι,
443 1403 555 1451 πότερ’
575 1403 638 1449 ε’μᾷ
655 1404 816 1450 δεσποίνᾳ
1088 1404 1155 1440 ἀντ.
1186 1410 1244 1451 695
1296 1412 1357 1440 ΚΡ.

311 1456 390 1490 τάδε
407 1459 512 1503 τορῶς
530 1456 564 1492 ἐς
582 1455 638 1492 οὓς
654 1456 903 1503 γεγωνήσομεν,
1294 1464 1362 1493 XO.

310 1510 424 1549 πόσιν,
445 1508 480 1543 ἐν
498 1504 525 1558 ᾦ
542 1509 584 1543 τὰ
600 1508 694 1544 πάντ’
713 1507 831 1555 ἕχουσ’
851 1509 999 1545 ἐλπίδων

311 1560 453 1605 μέτοχος
470 1559 489 1605 ἦ
508 1561 644 1606 τλάμων
654 1576 666 1602 ,-

311 1616 369 1648 νῦν
387 1612 416 1648 δ’
435 1612 455 1657 ἡ
473 1613 534 1658 μὲν
551 1614 640 1660 ἔρρει
659 1614 862 1660 συμφοραῖς,
882 1615 900 1648 ὁ
919 1613 947 1649 δ“
967 1614 1108 1660 εὐτυχεῖ,
1296 1621 1359 1650 KP.

310 1666 431 1701 πολιὸν
449 1665 648 1702 ἐσπεσοῦσα
663 1667 779 1713 γῆρας,
798 1669 901 1702 πόσις
921 1665 950 1702 δ’
969 1665 1099 1706 ἀτίετας
1123 1666 1245 1713 φίλων.
1290 1671 1356 1701 ΚΡ.

311 1718 443 1762 μέλεος,
463 1716 500 1754 ὃς
518 1717 652 1765 θυραῖος
670 1717 780 1753 ἐλθὼν
797 1718 918 1763 δόμους
1188 1730 1243 1763 701

312 1770 416 1817 μέγαν
435 1769 467 1806 ἐς
488 1768 596 1812 ὅλβον
613 1770 672 1805 οὐκ
690 1770 822 1804 ἔσωσεν
838 1768 950 1815 τύχας.
1269 1747 1274 1796 Ι
1298 1775 1373 1806 HA.

315 1818 420 1856 ὄλοιτ’
441 1821 549 1857 ὄλοιθ’
569 1823 588 1856 ὁ
606 1822 743 1857 πότνιαν
1295 1827 1359 1856 ΚΡ.

315 1873 499 1919 ἐξαπαφὼν
517 1874 607 1919 ἐμάν·

316 1926 368 1960 καὶ
387 1925 516 1962 θεοῖσιν
532 1926 576 1972 μὴ
596 1925 692 1972 τύχοι
1190 1936 1247 1969 705
1297 1931 1369 1960 HA.

317 1978 537 2026 καλλίφλογα
554 1978 702 2014 πέλανον
721 1979 774 2014 ἐπὶ
1297 1983 1369 2012 ΠΛ.

316 2031 395 2077 πυρὶ
415 2031 627 2078 καθαγνίσας·
654 2033 693 2066 τὸ
712 2030 740 2067 δ’
760 2031 839 2076 ἐμὸν
857 2028 982 2066 εἵσεται
1298 2036 1370 2065 HA.

422 2093 440 2113 t
511 2093 530 2112 ὕ
598 2093 616 2112 ι
1193 2094 1208 2127 7
1215 2098 1226 2118 J
1233 2097 1251 2118 0

320 2144 337 2163 Ι·
366 2145 385 2165 *
414 2135 605 2182 τυραννίδος
623 2137 722 2183 φίλα.
1298 2140 1368 2170 ΧΟ.

307 2188 378 2233 ’ἤδη
397 2189 504 2225 πέλας
526 2188 666 2224 δείπνων
684 2191 776 2236 κυρεῖ

318 2242 396 2277 παῖς
413 2242 466 2276 καὶ
483 2241 592 2286 πατὴρ
611 2240 682 2278 νέος
700 2241 791 2282 νέων,
1301 2247 1364 2276 ΚΡ.

319 2291 372 2328 ἵνα
389 2307 426 2328 τε
444 2293 591 2340 δειράδες
610 2296 790 2340 Παρνασοῦ
807 2294 930 2339 πέτρας
1300 2300 1373 2329 HA.

324 2346 466 2391 ἔχουσαι
484 2347 653 2381 σκόπελον
670 2347 823 2393 οὐράνιόν
841 2345 871 2380 θ’
893 2345 1001 2392 ἕδραν,
1197 2359 1253 2393 715

322 2396 374 2432 ἵνα
393 2398 544 2443 Βάκχιος,
565 2397 778 2446 ἀμφιπύρους
797 2397 924 2443 ἀνέχων
940 2398 1062 2436 πεύκας
1303 2405 1371 2434 ΧΟ.

322 2451 477 2497 λαιψηρὰ
494 2451 582 2496 πηδᾷ
600 2453 811 2488 νυκτιπόλοις
829 2451 895 2496 ἅμα
915 2451 979 2485 σὺν
997 2453 1148 2498 Βάκχαις.

323 2501 367 2546 μή
385 2503 418 2537 τί
435 2502 510 2537 ποτ’
531 2503 578 2539 εἶς
596 2503 677 2547 ε’μὰν
693 2505 794 2540 πόλιν
811 2501 909 2538 ἵκοιθ’
929 2505 947 2538 ὀ
965 2506 1053 2544 παῖς,
1304 2510 1366 2539 ΚΡ.

325 2555 398 2589 νέαν
416 2554 444 2590 δ’
464 2556 586 2601 ἁμέραν
604 2556 778 2592 ἀπολιπὼν
796 2556 898 2591 θάνοι.
1199 2570 1260 2602 720
1304 2563 1377 2591 ΠΛ.

325 2607 505 2652 στενομένα
522 2609 588 2654 γὰρ
607 2607 647 2643 ἂν
663 2611 763 2645 πόλις
781 2609 854 2654 ἔχοι
873 2609 1004 2655 σκῆψιν

326 2659 453 2702 ξενικὸν
471 2660 631 2699 ἐσβολάν.
1304 2668 1372 2697 ΧΟ.

324 2711 420 2746 ἅλιας
437 2711 534 2747 ἅλιας
556 2714 575 2746 ὁ
592 2713 698 2760 πάρος
715 2713 863 2760 ἀρχαγὸς
881 2712 926 2748 ὣν

328 2760 509 2810 Ἐρεχθεὺς
525 2764 622 2808 ἅναξ.
1306 2773 1372 2803 ΚΡ.

330 2815 356 2850 ὦ
373 2815 508 2862 πρέσβυ
525 2816 710 2864 παιδαγώγ’
727 2816 913 2864 Ἐρεχθέως
930 2820 1056 2867 πατρὸς
1204 2829 1262 2863 725

330 2868 453 2914 τούμοῦ
469 2867 543 2904 ποτ’
563 2868 668 2910 ὄντος,
688 2869 768 2914 ἡνίκ’
788 2869 828 2915 ἦν
845 2871 890 2905 ἔτ’
912 2871 947 2906 ἐν
964 2872 1056 2918 φάει,

331 2921 445 2967 ἔπαιρε
463 2923 588 2956 σαυτὸν
604 2923 689 2968 πρὸς
707 2923 785 2957 θεοῦ
800 2923 1001 2970 χρηστήρια,

334 2973 377 3008 ὥς
395 2987 452 3017 μοι
474 2974 655 3018 συνησθῇς,
676 2973 708 3009 εἴ
723 2990 755 3010 τι
778 2976 898 3019 Λοξίας
917 2976 1000 3020 ἅναξ

334 3024 507 3070 θέσπισμα
524 3026 652 3061 παίδων
669 3027 702 3063 ἐς
718 3029 818 3073 γονὰς
837 3028 1038 3075 ἐφθέγξατο·

335 3076 399 3111 σὺν
416 3079 485 3113 τοῖς
502 3077 619 3123 φίλοις
635 3078 701 3124 γὰρ
719 3079 781 3122 ἡδὺ
798 3081 859 3125 μὲν
875 3082 1046 3127 πράσσειν
1064 3082 1184 3122 καλῶς,
1206 3091 1266 3126 730

336 3128 355 3162 ὃ
372 3128 417 3173 μὴ
435 3130 565 3175 γένοιτο
583 3130 624 3170 δ’,
643 3129 675 3164 εἴ
685 3145 717 3164 τι
734 3134 893 3179 τυγχάνοι
913 3135 1022 3173 κακὸν,

337 3180 385 3217 εἷς
402 3179 520 3225 ὄμματ’
540 3183 635 3216 εὔνου
653 3183 766 3227 φωτὸς
784 3185 958 3231 ἐμβλέψαι
976 3185 1095 3232 γλυκύ.

338 3232 404 3278 ἐγὼ
422 3232 460 3267 δέ
477 3233 522 3273 α’,
542 3233 658 3280 ὥσπερ
677 3235 729 3269 καὶ
748 3236 793 3270 σὺ
810 3237 922 3282 πατέρ’
943 3237 1022 3281 ἐμόν
1034 3252 1127 3279 ποτε,
1142 3260 1155 3271 1

339 3283 488 3320 δέσποιν’
508 3283 596 3330 ὅμως
614 3284 690 3320 οὖσ’
709 3286 906 3332 ἀντικηδεύω
924 3291 1058 3336 πατρός.

1309 2930 1383 2959 HA.

1310 3034 1379 3064 XO.

1313 3138 1378 3168 KP.

1315 3294 1390 3324 HA.

1389 361 1648 395 συνεκπονοῦσα
1665 361 1774 396 κῶλον
1793 360 1904 409 ἶατρὸς
1920 362 2029 409 γενοῦ.

1389 411 1471 447 ἕπου
1490 425 1556 447 νυν·
1583 410 1678 459 ἰ’χνος
1696 411 1727 448 δ’
1747 412 1941 460 ἐκφύλασσ’
1961 414 2046 451 ὅπου
2061 413 2168 460 τίθης.

1391 463 1476 500 ἷδού.

1389 518 1428 551 τὸ
1446 518 1506 551 τοῦ
1522 517 1625 553 ποδὸς
1642 516 1703 562 μὲν
1719 518 1842 564 βραδὺ,
1860 520 1899 554 τὸ
1916 521 1975 554 τοῦ
1993 519 2030 554 δὲ
2048 522 2107 555 νοῦ
2123 516 2223 565 ταχύ.

1386 570 1522 616 βάκτρῳ
1541 569 1570 604 δ’
1591 569 1720 615 ἐρείδου
1738 571 1904 618 περιφερῆ
1924 571 2046 614 στίβον
2062 571 2198 618 χθονός.

1389 623 1442 656 καὶ
1460 623 1558 656 τοῦτο
1576 621 1718 667 τυφλὸν,
1739 620 1817 657 ὅταν
1836 624 1900 665 ἐγὼ
1917 623 2036 665 βλέπω
2054 623 2178 671 βραχύ.

1390 673 1498 720 ὀρθῶς
1515 673 1645 717 ἔλεξας·
1673 673 1763 708 ἀλλὰ
1780 675 1824 719 μὴ
1842 676 1946 722 πάρες
1963 677 2066 724 κόπῳ.

1390 727 1508 761 οὔκουν
1526 727 1608 760 ἑκών
1625 739 1677 771 γε,
1695 729 1755 760 τοῦ
1774 726 1803 761 δ’
1823 727 1964 764 ἀπόντος
1982 728 2021 763 οὐ
2039 731 2160 776 κρατῶ.

1389 780 1552 824 γυναῖκες,
1574 779 1677 813 ἱστῶν
1693 782 1759 813 τῶν
1777 779 1863 823 ἐμῶν
1880 780 1935 815 καὶ
1953 781 2102 827 κερκίδος

1393 828 1561 875 δούλευμα
1578 832 1711 871 πιστὸν,
1730 830 1804 865 τίνα
1820 829 1925 878 τύχην
1941 833 2060 875 λαβὼν
2072 833 2174 869 πόσις

1393 881 1520 927 βέβηκε
1537 883 1665 918 παίδων
1682 883 1790 930 ὧνπερ
1809 881 1918 930 οὕνεχ’
1938 883 2060 930 ἥκομεν

1397 933 1570 980 σημήνατ’·
1598 935 1628 969 εἷ
1645 935 1711 982 γὰρ
1725 934 1834 982 ἀγαθά
1850 950 1907 982 μοι
1924 935 2100 983 μηνύσετε,

1396 987 1455 1022 οὐκ
1474 987 1521 1023 εἷς
1539 987 1703 1024 ἀπίστους
1721 988 1887 1025 δεσπότας
1903 989 2023 1030 βαλεῖς
2040 989 2157 1036 χαράν.

1392 1039 1431 1074 ἶὼ
1450 1039 1577 1085 δαῖμον.

1391 1092 1430 1126 τὸ
1448 1092 1608 1138 φροίμιον
1625 1093 1686 1138 μὲν
1702 1096 1767 1128 τῶν
1783 1094 1896 1140 λόγων
1913 1093 1972 1129 οὐκ
1991 1094 2138 1140 εὐτυχές.

1396 1144 1434 1179 ἶὼ
1453 1146 1589 1190 τλᾶμον.

1394 1195 1475 1231 ἀλλ’
1494 1195 1514 1240 ἢ
1532 1211 1564 1231 τι
1583 1197 1790 1244 θεσφάτοισι
1808 1198 1982 1234 δεσποτῶν
1999 1202 2112 1240 νοσῶ,

1393 1246 1467 1284 εἶεν·
1495 1249 1529 1283 τί
1548 1250 1677 1296 δρῶμεν
1695 1250 1834 1287 θάνατος
1852 1250 1897 1285 ὧν
1915 1253 2018 1286 κεῖται
2034 1252 2111 1299 πέρι
2122 1265 2144 1292 ς»

1391 1301 1442 1337 τίς
1460 1301 1518 1346 ἥδε
1535 1305 1657 1347 μοῦσα,
1677 1302 1728 1348 χῶ
1748 1303 1862 1349 φόβος
1879 1302 1977 1339 τίνων
1993 1304 2093 1352 πέρι,-

1395 1352 1539 1399 εἴπωμεν
1556 1353 1575 1399 ἦ
1595 1358 1743 1401 σιγῶμεν
1760 1353 1779 1400 ἢ
1797 1356 1831 1390 τί
1848 1356 2017 1404 δράσομεν
2027 1371 2038 1397 ,·

1395 1404 1475 1452 εἴφ’·
1504 1406 1548 1442 ὣς
1566 1408 1654 1452 ἔχεις
1670 1422 1711 1453 γε
1731 1408 1912 1455 συμφοράν
1930 1408 1991 1443 τιν’
2011 1409 2059 1445 εἷς
2077 1408 2145 1455 ἐμέ.

1391 1457 1561 1502 εἰρήσεταί
1578 1473 1639 1500 τοι,
1661 1459 1710 1494 κεῖ
1729 1458 1838 1495 θανεῖν
1854 1461 1975 1506 μέλλω
1994 1462 2108 1506 διπλῇ.

1396 1511 1455 1545 οῦκ
1473 1511 1548 1545 ἔστι
1567 1525 1635 1552 σοι,
1656 1509 1819 1556 δέσποιν’,
1839 1512 1889 1548 ἐπ’
1909 1513 2071 1560 ἀγκάλαις
2087 1515 2208 1556 λαβεῖν

1397 1561 1495 1606 τέκν’,
1515 1563 1591 1598 οὐδὲ
1608 1566 1727 1612 μαστῷ
1748 1567 1798 1612 σῷ
1815 1566 2055 1612 προσαρμόσαι
2072 1566 2167 1602 ποτ-ε’.

1397 1613 1480 1659 ὤμοι
1499 1614 1640 1660 θάνοιμι.
1695 1621 1767 1652 HA.
1797 1615 1951 1662 θύγατερ.

1860 1664 1885 1699 ὦ
1903 1663 2030 1700 τάλαιν’
2050 1664 2128 1709 ἐγώ.

1400 1720 1580 1766 συμφορὰς
1598 1719 1735 1760 ἔλαβον,
1755 1718 1878 1754 ἔπαθον
1895 1717 1978 1764 ἅχος
1995 1717 2106 1759 ὅβιον,
2126 1714 2152 1751 ὦ
2169 1714 2281 1760 φίλαι.

1403 1771 1635 1817 διοιχόμεσθα,
1655 1770 1780 1806 τέκνον.
2275 1769 2333 1811 765

1394 1821 1465 1855 αἰαῖ
1479 1822 1557 1856 αἰαῖ.

1396 1872 1559 1908 διανταῖος
1576 1873 1695 1908 ἔτυπεν
1711 1870 1812 1907 ὀδύνα
1829 1887 1871 1918 με
1887 1873 2079 1918 πνευμόνων
2096 1869 2190 1906 τῶνδ’
2209 1870 2290 1906 ἔσω.

1398 1923 1496 1970 μήπω
1515 1924 1689 1970 στενάξῃς,
1744 1931 1808 1960 ΚΡ.
1838 1925 1929 1960 ἀλλὰ
1946 1926 2082 1972 πάρεισι
2100 1925 2189 1971 γόοι.

2260 369 2323 405 740

2269 685 2327 724 745

2269 946 2330 981 ⁷50

2268 1209 2330 1246 ⁷5⁵

1397 1978 1476 2023 πρὶν
1494 1976 1534 2012 ἂν
1550 1977 1706 2023 μάθωμεν
1761 1984 1826 2014 ΚΡ.
1855 1977 2018 2025 ἀγγελίαν
2034 1976 2202 2022 τίνα-μοις
2274 1985 2334 2021 770

1400 2030 1429 2065 εἷ
1447 2030 1550 2066 ταῦτὰ
1567 2030 1734 2077 πράσσων
1752 2032 1919 2075 δεσπότης
1935 2032 1994 2075 τῆς
2012 2030 2194 2076 συμφορᾶς

1399 2085 1552 2119 κοινωνός
1570 2084 1674 2123 ἐστιν,
1693 2083 1713 2129 ἢ
1731 2087 1813 2129 μόνη
1833 2083 1878 2118 σὺ
1896 2083 2085 2129 δυστυχεῖς.

1397 2136 1491 2184 κείνῳ
1508 2135 1579 2181 μὲν,
1600 2135 1626 2169 ὦ
1643 2137 1766 2184 γεραιὲ,
1784 2135 1887 2171 παῖδα
1905 2135 2028 2180 Λοξίας

1401 2189 1532 2230 ἔδωκεν,
1551 2188 1618 2233 ἰδίᾳ
1636 2187 1666 2222 δ’
1686 2189 1819 2234 εὐτυχεῖ
1834 2186 1953 2232 ταύτης
1971 2187 2062 2234 δίχα.
2274 2196 2333 2231 775

1401 2239 1471 2276 τόδ’
1485 2241 1539 2276 ἐπὶ
1556 2241 1641 2289 τῷδε
1659 2242 1757 2276 κακὸν
1771 2241 1872 2287 ἄκρον
1889 2241 2012 2277 ἔλακες
2029 2241 2150 2276 ἔλακες
2163 2238 2246 2284 ἄχος
2264 2239 2337 2284 ἐμοὶ

1400 2296 1526 2341 πότερα
1544 2293 1580 2328 δὲ
1598 2294 1702 2339 φῦναι
1720 2294 1771 2328 δεῖ
1786 2293 1939 2340 γυναικὸς
1957 2294 1993 2327 ἔκ
2010 2306 2099 2328 τινος
2175 2286 2334 2340 [στένειν.

1403 2348 1462 2382 τὸν
1477 2345 1566 2381 παῖδ’
1586 2345 1625 2380 ὃν
1642 2343 1746 2386 εἶπας,
1766 2345 1786 2391 ἢ
1804 2343 1926 2391 γεγῶτ’
1947 2345 2130 2381 ἐθέσπισεν
2140 2359 2152 2384 ,·

1400 2399 1461 2443 ἤδη
1479 2397 1643 2444 πεφυκότ’
1664 2398 1782 2442 ἐκτελῆ
1801 2397 1930 2433 νεανίαν
2279 2400 2340 2440 780

1405 2451 1544 2486 δίδωσιν
1562 2451 1648 2498 αὐτῷ
1669 2450 1802 2494 Λοξίας·
1828 2451 1937 2495 παρῆν
1955 2447 1986 2485 δ’
2008 2450 2087 2497 ἐγώ.
2194 2443 2339 2496 [θροεῖς.

1402 2507 1472 2539 πῶς
1490 2502 1581 2548 φῄς,·
1608 2503 1739 2549 ἄφατον
1756 2503 1887 2548 ἄφατον
1906 2512 1925 2531 0
1944 2502 2125 2547 ἀναύδητον
2141 2501 2247 2547 λόγον
2267 2500 2341 2544 ἐμοὶ

1406 2556 1554 2602 κᾶμοιγε.
1592 2560 1662 2592 πῶς
1680 2554 1710 2590 δ’
1731 2558 1749 2590 ὁ
1767 2556 1922 2601 χρησμὸς
1939 2555 2165 2601 ἐκπεραίνεται
2280 2558 2339 2598 785

1407 2608 1624 2655 σαφέστερόν
1640 2622 1697 2654 μοι
1715 2608 1837 2655 φράζε,
1856 2606 1985 2653 χῶστις
2002 2606 2077 2642 ἔσθ’
2097 2609 2116 2641 ὁ
2133 2606 2224 2642 παῖς.

1406 2661 1471 2708 ὅτῳ
1490 2660 1723 2705 ξυναντήσειεν
1741 2661 1777 2695 ἐκ
1796 2660 1873 2694 θεοῦ
1893 2660 2008 2696 συθεὶς

1407 2714 1527 2761 πρώτῳ
1544 2715 1646 2750 πόσις
1664 2713 1737 2753 σὸς,
1754 2710 1846 2748 παῖδ’
1866 2712 1960 2748 ἔδωκ’
1980 2712 2068 2747 αὒτῶ
2085 2711 2171 2748 θεός.

1409 2765 1571 2807 ὀτοτοτοῖ,
1590 2766 1628 2802 τὸ
1647 2765 1675 2801 δ’
1695 2765 1774 2810 ἐμὸν
2049 2748 2190 2812 [ἐρημίᾳ
2208 2763 2239 2800 δ’
2285 2777 2347 2809 790

1409 2817 1544 2853 ἄτεκνον
1575 2819 1710 2854 ἄτεκνον
1740 2818 1871 2860 ἔλαβεν
1901 2817 2031 2859 ἔλαβεν
2058 2816 2122 2864 ἄρα
2151 2818 2286 2860 βίοτον,”
2311 2817 2346 2852 ἐν

1408 2871 1576 2917 ὀρφανοὺς
1595 2871 1716 2916 δόμους
1733 2869 1870 2914 οἷκήσω.

1411 2922 1462 2959 τίς
1480 2922 1538 2958 οὖν
1556 2923 1730 2970 ἐχρήσθη;
1757 2924 1804 2971 τῷ
1823 2921 1951 2968 συνῆψ’
1970 2919 2064 2966 ἴχνος
2080 2921 2183 2958 ποδὸς

1411 2977 1513 3012 πόσις
1530 2976 1707 3020 ταλαίνης,·
1734 2977 1805 3010 πῶς
1822 2975 1859 3009 δὲ
1875 2976 1940 3010 ποῦ
1959 2987 2009 3007 νιν
2026 2973 2182 3014 εἰσιδών,·

1407 3024 1510 3069 οἶσθ’,
1531 3028 1557 3062 ὦ
1576 3028 1662 3074 φίλη
1682 3027 1853 3066 δέσποινα,
1872 3023 2076 3061 τὸννεανιάν

1411 3078 1448 3117 ὃς
1465 3079 1554 3116 τόνδ’
1575 3081 1689 3126 ἔσαιρε
1708 3081 1806 3120 ναόν,
1834 3077 1930 3114 οὗτός
1948 3075 2022 3113 ἐσθ’
2044 3081 2062 3114 ὁ
2079 3079 2166 3114 παῖς.

1417 3131 1465 3167 ἀν’
1484 3133 1588 3179 ὑγρὸν
1605 3131 1770 3177 ἀμπταίην

1415 3184 1531 3231 αἰθέρα
1547 3186 1667 3231 πόρσω
1684 3184 1781 3231 γαίας
1797 3179 1987 3223 Ἑλλανίας,
2006 3181 2150 3228 ἀστέρας
2176 3181 2352 3229 ἑσπέρους,

1416 3234 1486 3271 οἷον
1503 3234 1574 3272 οἷον
1590 3237 1696 3283 ἅλγος
1713 3235 1848 3278 ἔπαθον,
1868 3236 1969 3282 φίλαι

1420 3288 1522 3334 ὄνομα
1540 3290 1576 3324 δὲ
1593 3291 1691 3325 ποῖον
1708 3289 1808 3324 ἀὐτὸν
1825 3288 1978 3333 ὀνομάζει
1996 3284 2105 3332 πατὴρ

2243 3138 2247 3143 .
2289 3088 2347 3122 795

2289 3287 2353 3322 800

338 3335 364 3370 ὦ
382 3335 535 3383 θύγατερ,
555 3336 620 3380 ἄξι’
639 3335 742 3381 ἀξίων
757 3342 962 3388 γεννητόρων
1214 3354 1229 3387 7
1232 3355 1270 3388 35
1420 3338 1524 3381 οἷσθ’,
1543 3341 1563 3386 ἢ
1583 3343 1694 3387 σιωπῇ
1711 3339 1801 3376 τοῦτ’
1821 3339 1989 3386 ἀκύρωτον
2005 3339 2117 3383 μένει,-

340 3387 403 3432 ἤθη
421 3389 617 3434 φυλάσσεις
635 3390 693 3424 κού
712 3391 953 3438 καταισχύνασ’
973 3393 1062 3439 ἔχεις
1317 3399 1388 3429 ΧΟ.
1410 3392 1513 3435 Ἴων’,
1532 3393 1667 3440 ἐπείπερ
1684 3395 1816 3440 πρῶτος
1833 3394 1975 3437 ἤντησεν
1991 3388 2103 3436 πατρί.

341 3438 421 3475 τοὺς
436 3441 517 3477 σοὺς
535 3442 697 3478 παλαιοὺς
715 3444 869 3490 ε’κγόνους
886 3445 1098 3492 αὐτόχθονας.
1318 3451 1393 3481 ΠΑ.
1421 3447 1543 3491 μητρὸς
1561 3445 1598 3480 δὲ
1615 3445 1826 3481 ποίας·ἐστίν
1836 3458 1847 3484 ,·

344 3491 424 3538 ἕλχ’
444 3492 526 3528 ἕλκε
543 3492 628 3539 πρὸς
644 3494 800 3542 μέλαθρα
818 3498 870 3530 καὶ
890 3498 1001 3541 κόμιζέ
1017 3513 1071 3543 με.
1321 3504 1387 3533 ΧΟ.
1841 3496 1900 3530 θῦκ
1918 3495 1986 3540 ἔχω
2003 3493 2150 3540 φράσω·

344 3543 475 3582 αἰπεινά
491 3559 543 3580 τοι
561 3548 706 3591 μαντεῖα·
733 3550 792 3582 τοῦ
809 3547 919 3595 γήρως
938 3549 974 3583 δέ
991 3565 1047 3594 μοι

1423 3549 1572 3595 φροῦδος
1590 3548 1632 3589 δ’,
1653 3547 1692 3584 ’ἶν’
1713 3549 1801 3593 εἰδῇς
1817 3548 1925 3583 πάντα
1941 3543 2019 3582 τάπ’
2033 3547 2128 3593 ἐμοῦ,
2146 3543 2259 3593 γέρον..
