2488 3860
1078 284 1312 325 BAKXAI.

243 388 263 423 ὁ
278 387 340 434 μὲν
356 387 533 431 στενάζων,
553 386 636 422 ὅσον
653 385 831 435 ἐτύγχανεν
847 386 966 429 πνέων,

241 441 277 476 αἶ
293 441 323 476 δ’
340 438 519 485 ἧλάλαζον.
555 440 658 485 ἔφερε
675 439 704 474 δ’
723 439 743 484 ἡ
761 440 821 485 μὲν
838 440 973 484 ὦλένην,

241 491 262 536 ἦ
280 492 309 527 δ’
327 491 420 538 ἰ’χνος
435 492 547 528 αὐταῖς
563 491 737 538 ἀρβύλαις·
763 495 947 538 γυμνοῦντο
965 491 1002 526 δὲ

240 545 382 591 πλευραὶ
400 546 619 590 σπαραγμοῖς·
645 545 740 578 πᾶσα
757 543 786 579 δ’
804 543 995 590 ᾑματωμένη

239 598 354 643 χεῖρας
371 596 580 642 διεσφαίριζε
598 596 707 642 σάρκα
725 596 887 633 Πενθέως.

240 651 342 683 κεῖται
360 648 397 683 δὲ
410 649 516 694 χωρὶς
533 651 640 693 σῶμα,
659 648 698 682 τὸ
715 648 775 692 μὲν
791 648 856 683 ὑπὸ
874 646 1042 694 στύφλοις

238 700 382 747 πέτραις,
401 703 440 735 τὸ
458 700 486 734 δ’
505 698 587 744 ὕλης
604 701 639 735 ἐν
655 698 837 747 βαθυξύλῳ
855 700 961 746 φόβῃ,

239 752 279 787 οὗ
295 751 410 799 ῥᾴδιον
427 750 562 797 ζήτημα·
590 754 693 798 κρᾶτα
710 751 739 785 δ’
757 751 886 795 ἄθλιον,

239 803 321 850 ὅπερ
338 805 496 847 λαβοῦσα
512 805 668 850 τυγχάνει
685 801 791 850 μήτηρ
808 806 932 850 χεροῖν,

238 855 364 901 πήξασ’
383 856 436 892 ἐπ’
455 856 555 902 ἄκρον
573 856 699 902 θύρσον
717 856 761 891 ὡς
777 855 957 902 ὀρεστέρου

239 909 338 955 φέρει
355 909 491 944 λέοντος
508 908 563 942 διὰ
581 907 781 953 Κιθαιρῶνος
797 907 914 952 μέσου,

238 961 375 996 λιποῦσ’
392 961 545 1006 ἀδελφὰς
562 961 597 994 ἐν
613 962 750 1006 χοροῖσι
767 960 939 1004 μαινάδων.

237 1015 343 1059 χωρεῖ
358 1012 395 1047 δὲ
413 1011 496 1058 θήρᾳ
515 1012 696 1059 δυσπότμῳ
713 1011 918 1059 γαυρουμένη

237 1064 374 1110 τειχέων
389 1065 459 1099 ἔσω
476 1063 583 1107 τῶνδ’,
603 1063 816 1099 ἀνακαλοῦσα
833 1064 986 1108 Βάκχιον,

236 1117 295 1151 τὸν
312 1115 528 1163 ξυγκύναγον,
547 1117 605 1150 τὸν
622 1116 824 1162 ξυνεργάτην
841 1116 945 1162 ἄγρας

236 1169 295 1203 τὸν
311 1168 513 1210 καλλίνικον,
531 1165 553 1212 ᾗ
572 1169 695 1214 δάκρυα
713 1169 895 1214 νικηφορεῖ.

237 1221 302 1268 ἐγὼ
319 1221 380 1266 μὲν
397 1220 455 1255 οὖν
472 1219 543 1265 τῇδ’
564 1220 711 1255 ἐκποδὼν
726 1221 766 1265 τῇ
784 1220 942 1265 ξυμφορᾷ

236 1273 360 1318 ἄπειμ’,
378 1273 523 1319 Ἀγαύην
539 1273 619 1318 πρὶν
634 1273 752 1317 μολεῖν
767 1272 852 1317 πρὸς
869 1272 1013 1314 δώματα.

235 1327 274 1360 τὸ
292 1326 482 1371 σωφρονεῖν
500 1325 536 1360 δὲ
554 1325 607 1358 καὶ
625 1325 741 1365 σέβειν
757 1325 799 1358 τὰ
815 1328 881 1357 τῶν
898 1323 981 1357 θεῶν

235 1378 420 1412 κάλλιστον
437 1375 527 1422 οἶμαι
544 1377 643 1411 ταύτὸ
662 1378 715 1410 καὶ
733 1376 933 1421 σοφώτατον

235 1429 405 1474 θνητοῖσιν
422 1426 503 1464 εἶναι
521 1430 632 1475 χρῆμα
649 1430 740 1464 τοῖσι
756 1427 947 1473 χρωμένοις.

231 1480 508 1529 ἀναχορεύσωμεν
526 1482 678 1526 Βάκχιον,

233 1535 475 1580 ἀναβοάσωμεν
493 1534 670 1579 ξυμφορὰν

231 1588 292 1622 τὰν
307 1589 367 1622 τοῦ
385 1586 560 1633 δράκοντος
579 1586 730 1631 ἐκγενέτα
747 1583 911 1626 Πενθέως,

233 1639 270 1676 ὃς
287 1640 347 1674 τὰν
365 1638 528 1685 θηλυγενῆ
548 1637 677 1673 στολὰν

232 1691 377 1738 νάρθηκά
393 1705 440 1734 τε,
458 1692 581 1726 πιστὸν
593 1689 719 1730 Ἅιδαν,

232 1744 362 1786 ἔλαβεν
379 1743 553 1789 εὔθυρσον,
607 1780 610 1784 ,

233 1799 353 1844 ταῦρον
369 1797 583 1843 προηγητῆρα
600 1793 779 1842 συμφορᾶς
795 1793 890 1841 ἔχων.

1094 553 1172 586 1135

1092 816 1171 846 ¹¹40

1089 1076 1165 1107 ¹¹45

1089 1336 1168 1368 ¹150

132 1486 203 1518 XO.

1084 1598 1162 1631 1155

231 1850 357 1897 βάκχαι
375 1850 545 1894 Καδμεῖαι,
1083 1851 1164 1886 1¹60

207 1936 217 1938 ,
231 1904 290 1937 τὸν
308 1901 499 1937 καλλίνικον
516 1901 645 1936 κλεινὸν
662 1898 864 1947 ἐξεπράξατε

229 1951 264 1987 ἐς
279 1953 372 1997 γόον,
390 1952 424 1988 ἐς
441 1954 575 1998 δάκρυα.

232 2007 333 2042 καλὸς
350 2006 448 2053 ἀγὼν,
469 2007 504 2041 ἐν
521 2004 632 2050 αἵματι
650 2005 839 2048 στάζουσαν

231 2059 314 2104 χέρα
330 2059 528 2104 περιβαλεῖν
544 2057 668 2092 τέκνου.

232 2110 311 2144 ἀλλ’
331 2111 452 2157 εἰσορῶ
469 2111 535 2156 γὰρ
553 2110 587 2146 ἐς
604 2110 725 2154 δόμους
741 2109 932 2156 ὁρμωμένην

230 2162 383 2199 Πενθέως
398 2161 541 2208 Ἀγαύην
557 2160 669 2207 μητέρ’
689 2162 724 2196 ἐν
741 2162 959 2209 διαστρόφοις

229 2213 360 2254 ὄσσοις,
381 2214 523 2261 δέχεσθε
541 2218 649 2258 κῶμον
666 2214 755 2248 εὐίου
773 2215 859 2250 θεοῦ.

130 2270 222 2301 ΔΓΑ.
249 2265 403 2303 Ἀσιάδες
419 2267 555 2312 βάκχαι.
608 2271 677 2301 ΧΟ.
696 2267 730 2301 τί
747 2264 782 2312 μ’
799 2266 967 2314 ὀροθύνεις
984 2268 1032 2310 ὥς

129 2323 221 2354 ΑΓΛ.
248 2319 398 2365 φέρομεν
414 2319 453 2363 ἐξ
469 2318 573 2365 ὀρέων

233 2370 331 2406 ἕλικα
346 2374 502 2416 νεότομον
519 2371 573 2406 ἐπὶ
589 2369 755 2416 μέλαθρα,

229 2424 390 2470 μακαρίαν
407 2422 519 2470 θήραν.

129 2479 200 2509 ΧΟ.
229 2477 296 2522 ὁρῶ
313 2490 353 2522 γε
371 2476 425 2511 καί
442 2490 485 2510 σε
502 2474 637 2519 δέξομαι
655 2473 832 2521 σύγκωμον
848 2474 884 2510 ὦ.

128 2533 222 2564 ΑΓΛ.
251 2528 388 2574 ἔμαρψα
404 2524 494 2563 τόνδ’
514 2527 591 2562 ἄνευ
608 2527 745 2573 βρόχων
762 2528 782 2547 ¹*

229 2587 249 2607 θ
270 2586 290 2606 ⁸
308 2581 382 2614 νέον
397 2581 463 2620 λὶν,

1084 2062 1160 2105 1165

1086 2283 1161 2318 στρ.

1083 2334 1163 2368 1170

230 2631 274 2667 ὡς
290 2633 371 2678 ὁρᾶν
387 2633 485 2677 πάρα.

128 2686 199 2717 ΧΟ.
227 2682 331 2718 πόθεν
347 2684 501 2730 ἐρημίας;
1083 2700 1095 2721 1
1105 2696 1159 2731 175

130 2740 222 2771 ΔΓΑ.
251 2735 416 2782 Κιθαιρὼν
466 2740 538 2770 ΧΟ.
574 2734 608 2769 τί
626 2733 811 2781 Κιθαιρών,·

128 2792 222 2821 ΔΓΑ.
251 2787 479 2832 κατεφόνευσέ
494 2801 552 2822 νιν.

128 2843 197 2873 ΧΟ.
229 2838 280 2875 τίς
297 2842 319 2873 ἁ
335 2839 494 2882 βαλοῦσα
509 2839 646 2885 πρώτας

129 2896 222 2926 ArA.
632 2891 711 2934 ἐμὸν
726 2891 765 2925 τὸ
781 2893 889 2938 γέρας.

230 2942 359 2989 μάκαιρ’
378 2940 501 2990 Ἀγαύη
520 2942 694 2987 κλῃζόμεθ’
713 2943 748 2977 ἐν
765 2943 905 2980 θιάσοις.
1082 2950 1161 2981 1180

129 3000 198 3030 XO.
227 2995 278 3031 τίς
294 2995 405 3035 ἅλλα,-
456 3000 551 3029 ΑΓΑ.
587 2995 629 3029 τὰ
646 2995 781 3040 Κάδμου
831 3001 900 3031 ΧΟ.
936 2996 970 3031 τί
988 2997 1121 3042 Κάδμου
1132 3013 1143 3038 ‚-

128 3052 223 3081 ΑῙἾᾸ.

231 3097 303 3143 μετ’
323 3099 379 3142 ε’μὲ
396 3097 466 3143 μετ’
484 3097 543 3143 ε’μέ
558 3098 647 3133 τοῦδ’

229 3150 321 3197 ἔθιγε
339 3149 451 3197 θηρός.
505 3155 573 3185 ΧΟ.
611 3150 759 3195 εὗτυχεῖς
775 3149 847 3197 τᾷδ’
867 3152 965 3199 ἄγρᾳ.

129 3207 221 3236 ΑΓΑ.
249 3201 370 3248 μέτεχέ
381 3216 438 3237 νυν
451 3201 571 3237 θοίνας.
607 3207 677 3237 ΧΟ.
695 3203 729 3237 τί
744 3205 872 3250 μετέχω
885 3205 1020 3250 τλάμων
1030 3220 1041 3245 ‚·
1090 3205 1159 3240 ἀντ.

129 3259 222 3289 ΑΓΛ.
249 3255 321 3290 νέος
337 3256 356 3288 ὁ
372 3254 503 3299 μόσχος
519 3253 578 3299 ἅρ-

230 3319 263 3340 τι
278 3305 386 3352 γένυν,
405 3305 471 3341 ἄπο
489 3304 601 3350 κόρυθ’
621 3307 831 3353 ἁπαλότριχα

230 3358 412 3403 κατάκομον
427 3358 564 3399 βάλλει.

130 3413 198 3444 ΧΟ.
229 3409 348 3456 πρέπει
363 3409 430 3456 γὰρ
447 3409 535 3444 ὥστε
553 3409 653 3456 θηρὸς
669 3409 839 3457 ἀγραύλου
855 3412 960 3458 φόβη.

131 3466 224 3496 ΑΓΔ.
251 3463 270 3495 ὁ
288 3464 428 3507 Βάκχιος
444 3463 621 3507 κυναγέτας
638 3463 750 3508 σοφὸς
767 3465 885 3510 σοφῶς

231 3513 393 3557 άνέπηλεν
410 3513 464 3548 ἐπὶ
482 3512 566 3559 θήρᾳ

230 3565 504 3610 τοῦδεμκυνάδας

813 3047 956 3094 γένεθλα

1081 3314 1158 3355 1185

1079 3530 1160 3563 ¹¹90

1179 3228 1184 3289 Ι

2166 287 2251 332 387

1217 393 1290 422 ΧΟ.
1319 389 1338 422 ὁ
1353 386 1420 433 γὰρ
1437 385 1520 430 ἅναξ
1536 384 1666 433 ἀγρεύς.

1217 445 1312 475 ΑΓΑ.
1340 440 1502 479 ἐπαινεῖς,·
1554 443 1624 473 ΧΟ.
1652 437 1687 472 τί
1703 435 1734 473 δ’
1744 452 1758 479 ,·
1783 438 1914 475 ἐπαινῶ.

1217 497 1310 526 ΑΓΑ.
1337 491 1425 537 τάχα
1442 491 1478 525 δὲ
1497 491 1655 535 Καδμεῖοι

1217 549 1290 579 ΧΟ.
1319 544 1372 578 καὶ
1389 544 1468 579 παῖς
1483 557 1525 590 γε
1542 541 1689 578 Πενθεὺς
1704 539 1818 587 ματέρ’

1216 602 1309 631 APA„

2168 555 2247 590 1¹9⁵

1488 635 1494 649 x
1825 593 2042 639 ἐττννέσεται,

1317 645 1494 690 λαβοῦσαν
1510 646 1616 694 ἄγραν
1632 646 1730 682 τάνδε
1746 646 1935 693 λεοντοφυῆ

1215 706 1286 736 ΧΟ.
1315 700 1486 747 περισσὸν
1535 705 1629 735 ΑΓΛ.
1663 701 1846 745 περισσῶς.
1900 703 1969 734 ΧΟ.
2004 696 2148 747 άγάλλει
2157 714 2170 741 ,·

1216 758 1309 788 ΑΓΑ.
2120 751 2247 800 γέγηθα

1318 805 1449 851 μεγάλα
1465 805 1597 851 μεγάλα
1612 805 1666 839 καὶ

1317 858 1447 903 φανερὰ
1463 858 1543 902 τᾷδε
1559 859 1604 904 γᾷ
1621 854 1890 902 κατειργασμένα.

1317 909 1428 953 δεῖξόν
1444 923 1511 950 νυν,
1531 908 1556 943 ὦ
1574 909 1721 949 τάλαινα,
1741 907 1807 952 σὴν
1823 908 2004 955 νικηφόρον

1319 962 1475 997 ἀστοῖσιν
1491 961 1606 1008 ἄγραν,
1625 959 1665 1005 ἦν
1681 959 1824 1006 φέρουσ’
1843 959 2018 1005 ἐλήλυθας.

1336 1014 1362 1049 ὦ
1381 1014 1609 1060 καλλίπυργον
1625 1013 1712 1048 ἄστυ
1730 1011 1879 1056 Θηβαίας
1894 1012 2017 1058 χθονὸς

1317 1067 1470 1108 ναίοντες,
1489 1065 1615 1106 ἔλθεθ’,
1638 1066 1682 1101 ὣς
1697 1063 1789 1109 ἴδητε
1805 1063 1894 1108 τήνδ’
1912 1064 2026 1112 ἅγραν,

1319 1119 1451 1163 Κάδμου
1469 1118 1646 1165 θυγατέρες
1664 1117 1763 1163 θηρὸς
1780 1114 1819 1160 ἦν
1835 1115 2055 1163 ἠγρεύσαμεν,

1317 1172 1376 1206 οὐκ
1394 1171 1598 1217 ἀγκυλωτοῖς
1615 1171 1804 1204 Θεσσαλῶν
1821 1169 2071 1214 στοχάσμασιν,

1317 1224 1356 1258 οὗ
1375 1221 1568 1262 δικτύοισιν,
1587 1222 1678 1256 ἀλλὰ
1694 1219 1941 1267 λευκοπήχεσιν

1315 1279 1436 1322 χειρῶν
1454 1274 1601 1320 ἇκμαῖσι.
1639 1271 1720 1320 κᾷτα
1737 1274 1914 1318 κομπάζειν
1928 1274 2038 1320 χρεὼν

1317 1329 1369 1362 καὶ
1386 1330 1600 1374 λογχοποιῶν
1617 1326 1740 1373 ὄργανα
1758 1326 1899 1361 κτᾶσθαι
1915 1328 2042 1371 μάτην,·

1315 1380 1408 1425 ἡμεῖς
1425 1380 1462 1414 δὲ
1479 1376 1580 1423 ταύτῃ
1597 1380 1686 1425 χειρὶ
1703 1378 1798 1414 τόνδε
1815 1376 1847 1412 θ’
1866 1376 2004 1423 εἵλομεν

1314 1432 1417 1478 χωρίς
1435 1446 1471 1466 τε
1489 1432 1589 1478 θηρὸς
1606 1430 1712 1478 ἄρθρα
1730 1429 1990 1477 διεφορήσαμεν.
2041 1452 2044 1458 -

1314 1487 1379 1520 ποῦ
1397 1499 1453 1529 μοι
1470 1484 1578 1530 πατὴρ
1596 1485 1615 1517 ὁ
1631 1484 1806 1530 πρέσβυς,·
1833 1482 1958 1517 ἐλθέτω
1975 1483 2093 1520 πέλας.

1315 1536 1461 1573 Πενθεύς
1478 1536 1507 1571 τ’
1526 1537 1603 1581 ἐμὸς
1619 1539 1697 1572 παῖς
1712 1538 1778 1570 ποῦ
1797 1533 1885 1570 ’στιν
1894 1550 1906 1575 ;
1933 1535 2079 1582 αἰρέσθω
2095 1537 2213 1579 λαβὼν

1315 1593 1447 1633 πηκτῶν
1463 1590 1547 1635 πρὸς
1565 1587 1673 1623 οἴκους
1691 1588 1858 1632 κλιμάκων
1874 1589 2143 1634 προσαμβάσεις,

1317 1642 1362 1678 ὣς
1378 1640 1605 1685 πασσαλεύσῃ
1624 1642 1727 1686 κρᾶτα
1743 1638 1944 1686 τριγλύφοις
1960 1640 2037 1675 τόδε

1313 1694 1461 1735 λέοντος,
1481 1692 1519 1729 ὃν
1535 1694 1671 1740 πάρειμι
1689 1691 1854 1738 θηράσασ’
1874 1693 1949 1738 ἐγώ.

1314 1746 1438 1782 ἕπεσθέ
1453 1760 1511 1792 μοι
1529 1746 1687 1792 φέροντες
1704 1745 1822 1781 ἄθλιον
1837 1744 1944 1792 βάρος

1314 1799 1479 1844 Πενθέως,
1498 1798 1631 1844 ἕπεσθε,
1649 1800 1850 1846 πρόσπολοι,
1870 1799 1979 1843 δόμων
1995 1798 2110 1846 πάρος,

1315 1852 1357 1892 οὗ
1373 1857 1472 1900 σῶμα
1489 1852 1625 1899 μοχθῶν
1640 1852 1769 1898 μυρίοις
1788 1850 1949 1897 ζητήμασι

1315 1906 1410 1954 φέρω
1427 1906 1497 1942 τόδ’
1515 1906 1620 1952 εὑρὼν
1638 1905 1673 1939 ἐν
1691 1904 1892 1950 Κιθαιρῶνος
1908 1905 2050 1949 πτυχαῖς

1316 1959 1571 2006 διασπαρακτὸν,
1591 1957 1706 1992 κούδὲν
1723 1957 1758 1991 ἐν
1771 1956 1877 2004 ταύτῷ
1894 1956 1984 2004 πέδῳ

1314 2012 1440 2053 λαβὼν,
1461 2011 1498 2046 ἐν
1514 2009 1578 2054 ὕλῃ
1597 2009 1746 2054 κείμενον
1763 2009 1959 2056 δυσευρέτῳ.

1314 2066 1443 2108 ἤκουσα
1459 2063 1524 2110 γάρ
1542 2076 1601 2097 του
1619 2061 1807 2108 θυγατέρων
1823 2059 2028 2106 τολμήματα,

1313 2117 1375 2161 ἤδη
1393 2115 1463 2151 κατ’
1483 2116 1569 2150 ἄστυ
1587 2114 1723 2159 τειχέων
1740 2115 1808 2148 ἔσω
1825 2114 1940 2155 βεβὼς

1314 2168 1378 2203 σὺν
1393 2171 1440 2216 τῷ
1456 2169 1587 2214 γέροντι
1604 2165 1769 2212 Τειρεσίᾳ,
1787 2166 1926 2211 βακχῶν
1941 2165 2040 2211 πάρα·

1311 2221 1414 2255 πάλιν
1431 2220 1468 2255 δὲ
1486 2220 1622 2266 κάμψας
1639 2219 1686 2254 εἷς
1703 2217 1779 2264 ὅρος
1796 2217 1968 2262 κομίζομαι

1311 2274 1370 2307 τὸν
1387 2271 1588 2307 κατθανόντα
1604 2271 1706 2306 παῖδα
1722 2270 1887 2314 μαινάδων
1903 2267 1978 2305 ὕπο.

1313 2326 1366 2359 καὶ
1382 2325 1442 2369 τὴν
1458 2324 1519 2369 μὲν
1537 2321 1688 2358 Ἀκτέων’
1706 2322 1863 2368 Ἀριστέᾳ
1879 2323 1961 2356 ποτὲ

1313 2379 1475 2411 τεκοῦσαν
1493 2373 1580 2410 εἶδον
1597 2375 1761 2417 Αὐτονόην
1779 2372 1851 2408 Ἰνώ
1870 2372 1900 2407 θ’
1918 2374 1985 2418 ἅμα

1312 2427 1357 2463 ἔτ’
1376 2429 1464 2474 ἀμφὶ
1483 2428 1617 2474 δρυμοῖς
1634 2427 1883 2472 οἰστροπλῆγας
1900 2422 2028 2466 ἀθλίας,

1311 2480 1371 2524 τὴν
1388 2481 1416 2515 δ’
1436 2478 1509 2516 εἶπέ
1523 2479 1574 2515 τίς
1590 2493 1647 2524 μοι
1664 2479 1761 2524 δεῦρο
1778 2477 1927 2525 βακχείῳ
1944 2479 2022 2513 ποδὶ

1312 2534 1460 2578 στείχειν
1477 2531 1629 2578 Ἀγαύην,
1648 2527 1719 2565 οὐδ’
1739 2530 1869 2576 ἄκραντ’
1889 2528 2086 2576 ἠκούσαμεν·

1311 2583 1451 2620 λεύσσω
1468 2585 1534 2630 γὰρ
1552 2584 1650 2627 αὐτῆς
1668 2581 1752 2628 ὄψιν
1768 2582 1827 2616 οὐκ
1845 2582 2032 2626 εὐδαίμονα.

1329 2638 1446 2683 πάτερ,
1464 2636 1624 2682 μέγιστον
1641 2635 1810 2679 κομπάσαι
1826 2634 1971 2680 πάρεστί
1988 2649 2057 2674 σοι,

1310 2689 1441 2724 πάντων
1458 2688 1599 2734 ἀρίστας
1618 2686 1800 2732 θυγατέρας
1817 2688 1952 2732 σπεῖραι
1968 2690 2082 2735 μακρῷ

1312 2740 1446 2785 θνητῶν·
1474 2741 1606 2775 ἁπάσας
1623 2735 1727 2779 εἷπον,
1746 2738 1873 2783 ἐξόχως
1890 2737 1919 2773 δ’
1938 2739 2005 2783 ἐμὲ,

1311 2790 1331 2836 ἦ
1349 2793 1408 2828 τὰς
1424 2791 1501 2838 παρ’
1522 2792 1628 2826 ἱστοῖς
1645 2791 1832 2839 ἐκλιποῦσα
1849 2790 1999 2837 κερκίδας

1311 2845 1344 2880 ἐς
1360 2843 1479 2889 μείζον’
1499 2842 1576 2887 ἥκω,
1595 2843 1697 2889 θῆρας
1714 2838 1864 2889 ἀγρεύειν
1879 2845 2019 2889 χεροῖν.-

1217 916 1286 944 XO.
2168 923 2248 947 1200

1217 1021 1307 1049 ΑΓΛ.

2170 1184 2246 1218 ¹205

2168 1446 2248 1469 1210

2167 1706 2245 1740 ¹2¹5

2167 1970 2245 1994 1220

2164 2231 2240 2263 ¹²²5

2164 2492 2242 2523 ¹²30

1209 2641 1302 2671 ΑΓΔ.

2162 2752 2238 2784 1235

1311 2896 1404 2942 φέρω
1423 2894 1454 2930 δ’
1474 2895 1509 2929 ἐν
1526 2895 1712 2935 ὠλέναισιν,
1731 2895 1776 2930 ὣς
1793 2896 1881 2941 ὁρᾷς,
1900 2895 1979 2929 τάδε

1309 2948 1467 2989 λαβοῦσα
1483 2946 1666 2993 τάριστεῖα,
1685 2949 1780 2981 σοῖσι
1796 2948 1881 2993 πρὸς
1898 2947 2011 2991 δόμοις

1310 3000 1354 3035 ὣς
1371 2999 1411 3034 ἂν
1428 2997 1609 3044 κρεμασθῇ·
1637 2998 1683 3033 σὺ
1700 2998 1748 3038 δὲ,
1766 2999 1882 3045 πάτερ,
1901 2997 1993 3041 δέξαι
2009 2999 2132 3044 χεροῖν·

1641 3053 1655 3060 a·
1698 3051 1707 3063 )
1748 3052 1762 3060 ν-
1805 3050 1815 3062 )

2162 3011 2240 3042 1240

1310 3104 1403 3137 κάλει
1421 3103 1545 3148 φίλους
1562 3103 1596 3138 ἐς
1612 3103 1717 3137 δαῖτα·
1743 3103 1901 3148 μακάριος
1917 3104 1983 3149 γὰρ
2001 3100 2042 3143 εἷ,

1308 3154 1478 3200 μακάριος,
1496 3153 1587 3198 ἡμῶν
1602 3153 1706 3189 τοιάδ’
1725 3153 1998 3200 ἐξειργασμένων.

1307 3205 1333 3240 ὦ
1350 3205 1468 3241 πένθος
1487 3206 1525 3240 οὗ
1542 3207 1714 3252 μετρητὸν,
1732 3205 1802 3241 οὐδ’
1822 3204 1892 3240 οἷόν
1908 3205 1939 3240 τ’
1959 3206 2052 3248 ἰδεῖν,

1309 3258 1415 3302 φόνον
1431 3257 1599 3294 ταλαίναις
1615 3259 1735 3304 χερσὶν
1753 3257 2024 3304 ἐξειργασμένων.

1310 3310 1413 3343 καλὸν
1428 3309 1467 3344 τὸ
1486 3308 1572 3354 θῦμα
1589 3310 1827 3351 καταβαλοῦσα
1844 3309 2011 3354 δαίμοσιν,

1309 3361 1364 3395 ἐπὶ
1381 3361 1477 3395 δαῖτα
1494 3359 1609 3405 Θήβας
1625 3361 1730 3396 τάσδε
1747 3361 1829 3406 κάμὲ
1845 3363 2055 3407 παρακαλεῖς.

1309 3410 1398 3457 οἴμοι
1415 3415 1521 3447 κακῶν
1535 3414 1596 3457 μὲν
1612 3415 1727 3458 πρῶτα
1744 3415 1825 3457 σῶν,
1843 3411 1944 3448 ἔπειτ’
1964 3413 2059 3458 ἐμῶν.

1309 3464 1353 3499 ὡς
1370 3466 1389 3498 ὁ
1407 3463 1482 3499 θεὸς
1500 3463 1584 3508 ἡμᾶς
1600 3464 1732 3500 ἐνδίκως
1750 3465 1820 3508 μὲν,
1839 3464 1918 3499 ἀλλ’
1937 3465 2032 3510 ἄγαν,

1309 3516 1450 3561 Βρόμιος
1465 3514 1549 3559 ἅναξ
1565 3515 1715 3551 άπώλεσ’
1733 3517 1850 3551 οἰκεῖος
1866 3517 1984 3562 γεγώς.

1205 3573 1298 3604 ArA.
1327 3568 1372 3604 ὡς
1389 3565 1555 3604 δύσκολον
1571 3569 1610 3603 τὸ
1626 3568 1730 3615 γῆρας
1748 3567 1930 3614 ἀνθρώποις
1947 3569 2015 3616 ἔφυ

1208 3212 1278 3242 ΚΑ.

2162 3271 2236 3302 1245

2159 3531 2233 3564 ¹²50

1146 3632 1210 3667 ΩΧ
