2488 3860
190 1265 262 1296 XO.

185 1687 247 1718 ΤΡ.

183 1793 255 1823 ΧΟ.

182 1847 246 1877 ΤΡ.

184 1952 254 1982 XO.

185 2008 257 2039 XO.

180 2059 255 2092 XO.

184 2116 246 2147 ΤΡ.

182 2167 258 2201 XO.

181 2273 246 2304 TP.

183 2326 258 2358 XO.

182 2589 245 2622 TP.

181 2644 254 2674 XO.

180 2697 246 2727 TP.

180 2749 254 2780 XO.

179 2802 244 2832 ΤΡ.

179 2854 252 2884 ΧΟ.

181 2908 254 2938 x0.

179 3066 245 3095 ΤΡ.

179 3157 271 3211 [xo.

177 3221 239 3252 ΤΡ.

1101 257 1430 303 TPAXINIAI.
2262 253 2341 298 159

277 362 490 412 προσέβαλε,
509 362 552 399 τὰ
569 362 598 399 δ’
617 361 673 399 ἀπ’
693 362 864 411 άλλόθρου

276 419 413 467 γνώμας
429 416 568 463 μολόντ’
588 417 739 453 οὗλίαισι
758 418 1000 465 συναλλαγαῖς,
1159 422 1220 463 845

281 467 302 513 ἦ
317 481 386 503 που
403 467 491 502 ὀλοὰ
510 467 634 509 στένει,

281 521 301 568 ἦ
318 534 386 556 που
403 519 526 556 άδινῶν
541 522 684 568 χλωρὰν

276 571 392 620 τέγγει
410 572 563 621 δακρύων
579 574 698 620 ἅχναν.

282 628 306 661 ά
323 625 353 661 δ’
379 626 546 673 ἐρχομένα
567 630 670 676 μοῖρα
695 632 879 678 προφαίνει
903 633 1021 669 δολίαν
1045 633 1099 669 καὶ
1121 633 1225 679 μεγά-

333 680 399 714 λαν
415 681 509 716 ὅταν.
1164 692 1228 729 850

281 731 429 779 ἔρρωγεν
445 733 539 780 παγὰ
556 732 719 782 δακρύων,
1081 738 1154 773 ἀντ.
1175 737 1224 782 β.

281 783 419 831 κέχυται
437 787 552 827 νόσος,
572 786 598 821 ὦ
615 790 733 830 πόποι,
753 786 826 824 οἷον
842 789 1015 837 άναρσίων

281 837 374 872 οὔπω
392 839 495 883 Ζηνὸς
512 839 630 886 κέλωρ’
649 840 853 888 ἀγακλειτὸν

280 889 424 936 ἐπέμολε
439 892 547 929 πάθος
564 893 722 929 οἰκτίσαι.

283 942 324 978 ἰὼ
342 944 480 979 κελαινὰ
497 946 613 992 λόγχα
629 948 811 994 προμάχου
829 949 941 996 δορὸς,

282 995 305 1031 ἃ
322 997 400 1032 τότε
418 997 502 1032 θοὰν
518 996 655 1044 νύμφαν

283 1049 408 1096 ἄγαγες
425 1050 482 1086 ἀπ’
502 1051 652 1088 αἶπεινᾶς

282 1102 374 1137 τάνδ’
395 1101 561 1150 Οἶχαλίας
578 1104 697 1152 αἷχμᾷ·

285 1156 307 1188 ἁ
321 1153 351 1189 δ’
365 1154 566 1201 ἀμφίπολος
580 1158 709 1206 Κύπρις
723 1159 865 1198 ἄναυδος
883 1162 1018 1210 φανερὰ
1034 1163 1130 1200 τῶνδ’
1144 1165 1230 1211 ἐφά-

338 1221 376 1251 νη
394 1209 567 1255 πράκτωρ.
715 1243 718 1246 .
1168 1222 1230 1254 860

290 1259 435 1305 πότερον
453 1258 520 1306 ἐγὼ
536 1261 688 1305 μάταιος,
708 1259 729 1308 ἢ
748 1261 840 1298 κλύω
858 1265 949 1301 τινὸς

285 1308 399 1346 οἴκτου
417 1311 459 1347 δι’
479 1310 579 1348 οἴκων
596 1314 720 1361 ἀρτίως
737 1316 954 1363 ὁρμωμένου;

287 1363 323 1398 τί
338 1365 450 1410 φημι;
1171 1379 1231 1419 8ο5

283 1415 362 1463 ἧχεῖ
377 1432 428 1454 τις
445 1418 506 1453 οὐκ
524 1419 668 1465 ἄσημον,
688 1421 781 1456 ἀλλὰ
799 1423 953 1469 δυστυχῆ

286 1472 434 1506 κωκυτὸν
451 1470 547 1507 εἴσω·
577 1474 633 1508 καί
649 1489 682 1508 τι
700 1476 835 1519 καινίζει
853 1477 972 1524 στέγη.

284 1522 381 1567 ξύνες
399 1525 436 1559 δέ

285 1574 378 1622 τῆνδ’
395 1578 440 1615 ὣς
458 1577 562 1623 ἀήθης
580 1581 634 1614 καὶ
650 1582 924 1628 συνωφρυωμένη

286 1632 394 1677 χωρεῖ
409 1632 495 1678 πρὸς
513 1631 598 1677 ἡμᾶς
615 1636 716 1680 γραῖα
735 1636 936 1679 σημανοῦσά
954 1651 999 1672 τι.
1171 1644 1235 1684 870

288 1682 314 1717 ὦ
331 1684 460 1723 παῖδες,
482 1685 526 1720 ὡς
543 1684 596 1731 ἄρ’
615 1684 694 1730 ἡμὶν
710 1686 750 1721 οὐ
769 1691 922 1734 σμικρῶν
938 1693 1045 1725 κακῶν

285 1734 388 1782 ἧρξεν
404 1738 443 1772 τὸ
463 1738 571 1785 δῶρον
587 1737 754 1785 Ἡρακλεῖ
769 1741 808 1775 τὸ
826 1741 1012 1787 πόμπιμον.

284 1789 318 1824 τί
336 1789 379 1830 δ’,
400 1789 426 1824 ὦ
443 1791 573 1837 γεραιὰ,
594 1792 826 1837 καινοποιηθὲν
842 1794 977 1841 λέγεις;

284 1842 413 1887 βέβηκε
431 1844 598 1891 Δῃάνειρα
614 1845 676 1890 τὴν
691 1847 909 1891 πανυστάτην

275 1895 374 1930 ’ὁδῶν
391 1899 534 1932 ἁπασῶν
551 1897 591 1940 ἐξ
607 1897 764 1943 ἀκινήτου
781 1900 899 1936 ποδός.
1173 1909 1234 1951 875

283 1948 324 1983 οὗ
342 1947 382 1993 δή
401 1949 484 1984 ποθ’
503 1950 548 1986 ὣς
565 1950 739 1992 θανοῦσα;
794 1958 858 1987 ΤΡ.
887 1953 984 1988 πάντ’
1003 1954 1158 2000 ἀκήκοας.

286 2003 443 2049 τέθνηκεν
460 2003 480 2048 ἡ
499 2006 662 2044 τάλαινα;
717 2010 783 2039 ΤΡ.
813 2002 971 2051 δεύτερον
988 2005 1114 2042 κλύεις.

284 2056 413 2092 τάλαιν’
432 2057 583 2103 ὀλεθρία,
603 2057 668 2092 τίνι
686 2059 803 2105 τρόπῳ
821 2057 932 2093 θανεῖν
950 2059 1024 2105 σφε
1041 2057 1133 2105 φῇςς

289 2111 526 2156 σχετλιώτατα
543 2111 629 2158 πρός
645 2125 687 2158 γε
704 2111 841 2158 πρᾶξιν.

864 2163 937 2199 εἷπὲ
954 2166 1001 2213 τῷ
1018 2166 1125 2214 μόρῳ,

286 2214 397 2263 γύναι,
417 2215 606 2263 ξυντρέχει.
1172 2223 1236 2255 880

288 2269 391 2314 αὑτὴν
409 2269 608 2314 διηίστωσε.

654 2322 706 2359 τίς
724 2322 840 2369 θυμὸς,
860 2322 880 2369 ἢ
899 2322 987 2360 τίνες

287 2377 386 2410 νόσοι
403 2375 494 2411 τάνδ’
514 2375 645 2422 αἰχμὰν

283 2429 408 2471 βέλεος
425 2431 528 2464 κακοῦ
546 2429 702 2473 ξυνεῖλε;
731 2433 803 2466 πῶς
822 2427 972 2475 ἐμήσατο

283 2483 370 2525 πρὸς
388 2480 520 2530 θανάτῳ
539 2482 683 2517 θάνατον
1172 2489 1233 2529 885

285 2532 443 2569 ἀνύσασα
458 2536 566 2580 μόνας

285 2588 486 2626 στονόεντος
502 2588 541 2624 ἐν
557 2592 644 2636 τομᾷ
662 2590 815 2638 σιδάρου.

284 2641 423 2682 ἐπεῖδες,
444 2642 470 2676 ὦ
488 2644 618 2684 μάταιε,
637 2643 736 2687 τήνδε
752 2644 813 2688 τὴν
829 2640 951 2690 ὕβρινς

285 2691 432 2731 ἐπεῖδον,
453 2691 498 2727 ὣς
516 2693 556 2735 δὴ
575 2693 710 2735 πλησία
726 2693 949 2737 παραστάτις.

282 2743 334 2779 τίς
351 2741 413 2788 ἦν;
441 2747 535 2784 πῶς;
564 2742 643 2790 φέρ’
663 2743 747 2778 εἶπέ.
1169 2749 1237 2790 890

284 2795 367 2841 αὐτὴ
385 2797 470 2844 πρὸς
487 2797 590 2841 αὑτῆς
606 2797 848 2843 χειροποιεῖται
866 2795 957 2832 τάδε.

281 2849 315 2884 τί
333 2850 481 2895 φωνεῖς;
537 2855 601 2884 ΤΡ.
633 2850 784 2895 σαφηνῆ.

283 2902 395 2937 ἔτεκεν
412 2903 523 2937 ἔτεκεν
539 2902 693 2949 μεγάλαν

284 2957 307 2989 ἁ
323 2954 460 3002 νέορτος
477 2955 537 2990 ἅδε
555 2954 672 3000 νύμφα

285 3009 422 3052 δόμοισι
439 3007 549 3043 τοῖσδ’
567 3005 712 3054 Ἐρινύν.
1167 3014 1228 3054 8;)5

283 3059 370 3107 ἄγαν
385 3071 437 3108 γε·
464 3063 601 3105 μᾶλλον
619 3060 647 3095 δ’
667 3061 697 3095 εἷ
714 3061 873 3106 παροῦσα
890 3061 1022 3104 πλησία

285 3114 457 3150 ἔλευσσες
475 3111 522 3149 οἷ’
541 3115 678 3159 ἔδρασε,
699 3112 789 3159 κάρτ’
810 3112 851 3146 ἂν
868 3111 1026 3160 ᾤκτισας.

291 3166 346 3200 καὶ
362 3166 452 3201 ταῦτ’
472 3167 552 3212 ἔτλη
570 3182 622 3203 τις
638 3166 714 3212 χεὶρ
731 3165 902 3211 γυναικεία
919 3165 1031 3200 κτίσαι
1046 3178 1056 3205 ;

278 3218 393 3255 δεινῶς
409 3228 461 3266 γε·
489 3219 610 3255 πεύσει
629 3219 670 3260 δ’,
691 3220 781 3254 ὥστε
797 3220 979 3265 μαρτυρεῖν
998 3216 1103 3264 ἐμοί.]

279 3271 350 3306 ἐπεὶ
367 3273 434 3319 γὰρ
452 3271 535 3317 ἦλθε
554 3274 714 3317 δωμάτων
732 3270 814 3307 εἵσω
831 3273 928 3317 μόνη,
1161 3286 1224 3316 900

279 3327 334 3362 καὶ
350 3324 440 3362 παῖδ’
460 3325 496 3360 ἐν
513 3325 631 3361 αὐλαῖς
649 3321 717 3359 εἶδε
734 3324 834 3358 κοῖλα
851 3323 966 3369 δέμνια

280 3377 477 3425 στορνύνθ’,
497 3377 589 3414 ὅπως
606 3377 764 3423 ἄψορρον
782 3374 890 3424 ἇντῴη
908 3377 1023 3424 πατρὶ,

280 3430 435 3478 κρύψασ’
455 3431 575 3475 ἑαυτὴν
592 3429 673 3464 ἔνθα
689 3427 735 3474 μή
754 3442 803 3464 τις
823 3428 960 3468 εἶσίδοι,

278 3485 434 3530 βρυχᾶτο
451 3484 514 3528 μὲν
530 3484 682 3527 βωμοῖσι
699 3481 956 3528 προσπίπτουσ’
976 3481 1028 3518 ὅτι

278 3535 401 3583 γένοιτ’
421 3535 537 3583 ε’ρὴμη,
557 3537 653 3570 κλαῖε
672 3533 700 3569 δ’
720 3534 872 3580 ὀργάνων
889 3533 970 3570 ὅτου
1164 3548 1225 3583 905

278 3587 450 3637 ψαύσειεν
468 3586 518 3627 οἷς
537 3589 660 3636 ἐχρῆτο
680 3587 812 3625 δειλαία
830 3587 949 3635 πάρος·

1349 2507 1359 2517 .
1387 2483 1515 2527 πότερα
1532 2482 1700 2527 πρότερον
1718 2480 1897 2521 ἐπιστένω,

1389 360 1482 402 ἄλλῃ
1502 359 1540 393 δε
1560 358 1671 402 κᾶλλῃ
1690 358 1854 402 δωμάτων
1872 355 2122 405 στρωφωμένη,

1389 409 1422 446 εἴ
1437 425 1499 445 του
1518 410 1636 456 φίλων
1652 410 1822 457 βλέψειεν
1840 410 1978 447 οἰκετῶν
1996 411 2111 457 δέμας,

1389 465 1525 499 ἔκλαιεν
1543 462 1563 508 ἦ
1583 462 1750 507 δύστηνος
1768 463 1990 510 εἶσορωμένη,

1388 517 1473 561 αὐτὴ
1492 517 1552 552 τὸν
1570 516 1673 561 αὑτῆς
1691 515 1821 561 δαίμον’
1839 517 2087 564 ἀγκαλουμένη,
2283 532 2345 564 910

1387 571 1442 606 καὶ
1459 570 1520 606 τὰς
1538 569 1683 605 ἄπαιδας
1701 569 1736 606 ἐς
1754 570 1793 604 τὸ
1811 571 1935 605 λοιπὸν
1953 570 2086 607 οὐσίας.

1388 623 1462 659 ἐπεὶ
1481 623 1518 658 δὲ
1536 622 1635 658 τῶνδ’
1655 622 1793 666 ἔληξεν,
1813 622 1977 668 ἐξαίφνης
1996 623 2061 669 σφ’
2081 626 2149 670 ὁρῶ

1387 677 1447 711 τὸν
1463 675 1672 722 Ἡράκλειον
1691 675 1845 720 θάλαμον
1863 675 2129 722 εἷσορμωμένην.

1389 729 1481 777 κάγὼ
1498 728 1666 776 λαθραῖον
1684 727 1763 773 ὄμμ’
1782 728 2032 773 ἐπεσκιασμένη

1389 781 1579 830 φρούρουν·
1610 783 1680 828 ὁρῶ
1699 782 1735 816 δὲ
1754 781 1815 826 τὴν
1831 783 1972 828 γυναῖκα
1990 782 2136 827 δεμνίοις
2281 797 2342 828 9ι5

1346 884 1349 885 ⁷
1387 838 1459 872 τοῖς
1475 834 1695 881 ’Ἡρακλείοις
1713 836 1851 881 στρωτὰ
1863 835 2072 877 βάλλουσαν
2089 836 2197 882 φάρη.

1390 889 1482 925 ὅπως
1500 887 1529 923 δ’
1551 888 1692 923 ἐτέλεσε
1709 887 1815 928 τοῦτ’,
1834 887 2055 934 ἐπενθοροῦσ’
2076 888 2144 923 ἅνω

1390 941 1537 985 καθέζετ’
1559 941 1595 977 ἐν
1611 941 1774 987 μέσοισιν
1790 942 2001 989 εὔνατηρίοις,

1389 996 1446 1031 καὶ
1464 993 1620 1042 δακρύων
1637 992 1774 1041 ῥῆξασα
1792 993 1900 1040 θερμὰ
1918 994 2047 1039 νάματα

1390 1049 1524 1094 ἔλεξεν,
1546 1047 1573 1082 ὦ
1590 1048 1678 1094 λέχη
1697 1062 1735 1082 τε
1754 1047 1808 1082 καὶ
1826 1045 1967 1093 νυμφεῖ’
1986 1047 2049 1092 ε’μὰ
2282 1062 2344 1092 9²0

1390 1103 1430 1137 τὸ
1447 1102 1574 1136 λοιπὸν
1591 1101 1655 1146 ἤδη
1674 1099 1826 1147 χαίρεθ’,
1846 1100 1891 1136 ὣς
1909 1099 1959 1145 ἔμ’
1980 1102 2105 1136 οὔποτε

1391 1154 1531 1199 δέξεσθ’
1553 1154 1598 1190 ἔτ’
1619 1154 1655 1189 ἐν
1673 1154 1823 1189 κοίταισι
1840 1153 1952 1188 ταῖσδ’
1973 1152 2160 1201 εῦνήτριαν,

1390 1210 1544 1243 τοσαῦτα
1561 1205 1758 1254 φωνήσασα
1777 1207 1930 1255 συντόνῳ
1947 1208 2028 1253 χερὶ

1391 1260 1467 1297 λύει
1485 1262 1546 1296 τὸν
1563 1261 1666 1305 αὑτῆς
1682 1260 1827 1300 πέπλον,
1846 1256 1875 1308 ᾦ
1891 1258 2113 1307 χρυσήλατος

1390 1316 1571 1362 προῦκειτο
1588 1317 1730 1359 μαστῶν
1746 1314 1894 1360 περονὶς,
1915 1313 1951 1348 ἐκ
1970 1311 1998 1348 δ’
2019 1313 2195 1348 ἐλώπισεν
2283 1328 2321 1358 9²
2327 1326 2342 1358 5

1391 1368 1544 1415 πλευρὰν
1561 1367 1699 1403 ἅπασαν
1716 1366 1845 1410 ὦλένην
1861 1365 1891 1401 τ’
1911 1366 2094 1411 εὐώνυμον,

1393 1421 1486 1468 κάγὼ
1504 1420 1649 1467 δρομαία
1665 1419 1764 1462 βᾶσ’,
1784 1418 1934 1466 ὅσονπερ
1953 1419 2107 1459 ἔσθενον,

1391 1477 1439 1523 τῷ
1456 1474 1552 1509 παιδὶ
1570 1473 1691 1519 φράζω
1709 1474 1770 1518 τῆς
1786 1472 1996 1518 τεχνωμένης
2014 1473 2107 1507 τάδε.

1393 1528 1454 1562 κάν
1471 1524 1500 1575 ᾦ
1517 1528 1556 1561 τὸ
1576 1527 1670 1560 κεῖσε
1689 1526 1789 1572 δεῦρό
1807 1525 1835 1560 τ’
1856 1525 2090 1572 ἐξορμώμεθα,

1393 1583 1523 1627 ὁρῶμεν
1540 1579 1644 1623 αὐτὴν
1661 1579 1860 1626 άμφιπλῆγι
1878 1579 2050 1627 φασγάνῳ
2281 1593 2343 1624 930

1392 1633 1545 1680 πλευρὰν
1562 1632 1623 1678 ὑφ’
1642 1631 1733 1678 ἧπαρ
1752 1632 1806 1667 καὶ
1824 1631 1952 1679 φρένας
1969 1631 2223 1679 πεπληγμένην.

1394 1685 1474 1722 ἶδὼν
1492 1685 1520 1722 δ’
1541 1688 1560 1722 ὅ
1577 1687 1656 1722 παῖς
1674 1683 1824 1734 ᾤμωξεν.
1855 1686 1940 1732 ἔγνω
1957 1685 2025 1732 γὰρ
2043 1685 2147 1721 τάλας

1394 1741 1540 1787 τοῦργον
1559 1738 1628 1774 κατ’
1649 1738 1755 1786 ὀργὴν
1773 1738 1818 1774 ὡς
1836 1738 2008 1784 ἐφάψειεν
2025 1738 2115 1777 τόδε,

1394 1792 1456 1839 ὄψ’
1477 1792 1686 1838 ε’κδιδαχθεὶς
1704 1795 1771 1826 τῶν
1789 1789 1860 1826 κατ’
1878 1788 1971 1826 οἶκον
1988 1789 2108 1827 οὔνεκα

1393 1845 1524 1881 ἄκουσα
1541 1847 1627 1893 πρὸς
1643 1847 1705 1880 τοῦ
1724 1844 1825 1891 θηρὸς
1842 1844 1970 1891 ἔρξειεν
1989 1844 2080 1880 τόδε.
2276 1859 2296 1891 9
2302 1859 2320 1889 3
2324 1858 2341 1891 5

1394 1899 1553 1935 κάνταῦθ’
1573 1901 1591 1934 ὁ
1609 1900 1689 1935 παῖς
1706 1896 1873 1942 δύστηνος
1891 1896 1961 1932 οὔτ’
1980 1897 2178 1944 ὀδυρμάτων

1393 1952 1543 1988 ἐλείπετ’
1560 1952 1669 1991 οὐδὲν,
1690 1951 1782 1996 ἀμφί
1799 1965 1850 1986 νιν
1865 1952 2038 1998 γοώμενος

1392 2004 1466 2038 οὔτ’
1481 2002 1706 2050 άμφιπίπτων
1724 2004 1906 2048 στόμασιν,
1926 2003 2019 2038 ἀλλὰ
2036 2003 2227 2050 πλευρόθεν

1390 2057 1543 2103 πλευρὰν
1559 2056 1679 2103 παρεὶς
1696 2056 1802 2091 ἔκειτο
1820 2054 1924 2091 πόλλ’
1944 2055 2148 2096 άναστένων,

1392 2110 1437 2146 ὥς
1455 2124 1506 2145 νιν
1522 2109 1671 2155 ματαίως
1688 2108 1778 2155 αἰτίᾳ
1794 2110 1902 2152 βάλοι
1920 2110 2013 2154 κακῇ,
2279 2123 2342 2155 940

1391 2163 1518 2198 κλαίων
1536 2161 1684 2198 ὁθούνεκ’
1704 2162 1740 2197 ἐκ
1759 2162 1852 2198 δυοῖν
1869 2162 1981 2197 ἔσοιθ’
2001 2162 2081 2208 ἅμα,

1391 2217 1519 2263 πατρός
1536 2215 1566 2251 τ’
1578 2215 1704 2260 ε’κείνης
1721 2214 1764 2256 τ’,
1784 2216 2044 2263 ὦρφανισμένος
2060 2214 2149 2258 βίον.

1390 2271 1529 2304 τοιαῦτα
1546 2268 1681 2304 τάνθάδ’
1702 2268 1810 2304 ἐστίν.
1841 2267 1923 2303 ὥστ’
1943 2267 1976 2304 εἴ
1991 2282 2042 2305 τις
2060 2267 2120 2304 δύο

1390 2320 1411 2367 ἦ
1430 2323 1484 2359 καί
1500 2338 1533 2359 τι
1550 2323 1688 2359 πλείους
1706 2322 1830 2369 ἡμέρας
1846 2321 2029 2368 λογίζεται,

1388 2375 1529 2421 μάταιός
1547 2374 1656 2412 ἐστιν.
1684 2374 1725 2408 οὔ
1742 2374 1809 2421 γάρ
1828 2373 1907 2409 ἐσθ’
1925 2374 1949 2420 ἥ
1963 2374 1996 2422 γ’
2016 2376 2144 2422 αὔριον,
2278 2388 2338 2421 945

1389 2429 1470 2475 πρὶν
1487 2426 1525 2462 εὖ
1541 2427 1632 2472 πάθῃ
1651 2441 1702 2463 τις
1719 2426 1780 2471 τὴν
1797 2430 1976 2474 παροῦσαν
1993 2426 2132 2475 ἡμέραν.

2194 2495 2274 2528 στρ.
2295 2480 2338 2517 α’.

1389 2535 1518 2580 πότερα
1531 2534 1642 2577 μέλεα
1657 2532 1856 2579 περαιτέρω,

1391 2585 1542 2633 δύσκριτ’
1562 2588 1677 2634 ἔμοιγε
1695 2586 1865 2634 δυστάνῳ.

1389 2640 1470 2675 τάδε
1487 2639 1549 2684 μὲν
1566 2641 1690 2685 ἔχομεν
1707 2640 1791 2686 ὁρᾶν
1808 2639 1936 2684 δόμοις,
2083 2639 2157 2675 ἀντ.
2178 2637 2221 2676 α’.
2277 2654 2340 2686 950

1390 2693 1471 2728 τάδε
1489 2692 1525 2727 δέ
1550 2692 1694 2739 μένομεν
1720 2691 1772 2727 ἐπ’
1791 2691 1948 2728 ἐλπίσιν·

1391 2745 1486 2780 κοινὰ
1503 2745 1532 2780 δ’
1551 2746 1643 2792 ἔχειν
1658 2759 1698 2781 τε
1714 2745 1769 2780 καὶ
1784 2743 1945 2791 μέλλειν.

1391 2796 1456 2833 εἴθ’
1475 2798 1670 2844 άνεμόεσσά
1687 2813 1739 2834 τις

1389 2850 1512 2898 γένοιτ’
1531 2853 1676 2899 ἕπουρος
1693 2852 1850 2888 ἔστιῶτις
1867 2853 1965 2899 αὔρα,

1389 2904 1462 2949 ἥτις
1478 2904 1512 2950 μ’
1530 2903 1740 2940 ἇποικίσειεν
1757 2905 1794 2940 ἐκ
1811 2906 1937 2947 τόπων,
1957 2903 2048 2942 ὅπως
2274 2918 2335 2951 955

1389 2959 1450 2992 τὸν
1463 2958 1567 3003 Ζηνὸς
1584 2959 1726 3005 ἄλκιμον
1742 2961 1844 3007 γόνον

1389 3010 1434 3055 μὴ
1453 3009 1628 3058 ταρβαλέα
1646 3010 1779 3055 θάνοιμι

1388 3065 1514 3108 μοῦνον
1531 3061 1700 3099 εἶσιδοῦσ’
1718 3064 1827 3111 ἄφαρ·

1389 3116 1462 3151 ἐπεὶ
1480 3116 1517 3151 ἐν
1534 3116 1835 3154 δυσαπαλλάκτοις
1852 3115 1986 3154 ὀδύναις

1387 3170 1514 3215 χωρεῖν
1530 3165 1598 3216 πρὸ
1617 3170 1730 3214 δόμων
1746 3170 1914 3217 λέγουσιν
2271 3173 2335 3212 960

1388 3221 1539 3257 ἅσπετόν
1556 3236 1590 3256 τι
1608 3221 1730 3267 θαῦμα.

1388 3273 1499 3322 ἀγχοῦ
1517 3272 1546 3310 δ’
1564 3274 1631 3322 ἄρα
1648 3275 1708 3310 κού
1725 3276 1856 3322 μακρὰν
2190 3275 2263 3312 ἇντ.

1386 3327 1606 3374 προῦκλαιον,
1626 3326 1806 3374 ὀξύφωνος
1823 3329 1868 3364 ὡς
1885 3328 2008 3373 ἀηδών.

1387 3379 1493 3424 ξένων
1508 3380 1576 3427 γὰρ
1594 3380 1754 3426 ἐξόμιλος
1771 3381 1831 3426 ἥδε
1848 3395 1899 3417 τις
1915 3383 2034 3423 βάσις.

1390 3436 1440 3470 πᾶ
1457 3434 1487 3470 δ’
1505 3434 1548 3471 αὖ
1565 3437 1668 3484 φορεῖ
1685 3449 1758 3476 νιν;
1788 3437 1833 3474 ὣς
1850 3436 1958 3483 φίλου
2138 3458 2140 3461 -
2269 3435 2330 3481 9⁶5

1387 3485 1633 3532 προκηδομένα,
1651 3487 1793 3532 βαρεῖαν

1386 3537 1534 3585 ἅψοφον
1550 3537 1649 3585 φέρει
1665 3540 1784 3580 βάσιν.

1386 3589 1468 3634 alai,
1487 3590 1537 3630 ὅδ’
1556 3590 1740 3631 ἀναὺδατος
1757 3590 1911 3641 φέρεται,

2190 2814 2268 2847 στρ.
2286 2798 2336 2843 β’.
