2488 3860
184 291 262 332 140

188 402 260 432 AN.

187 507 238 535 ῐΣ.

186 559 261 589 ΛΝ.

187 612 241 642 ῙΣ.

187 665 261 695 AN.

187 718 241 748 12.

188 771 261 802 AN.

187 1038 238 1068 12.

190 1141 262 1172 XO.

1056 288 1458 331 ΣΟΦΟΚΛΕΟΥΣ

290 394 393 441 οἴμοι·
423 393 581 430 καταύδα.
610 394 744 429 πολλὸν
763 393 887 440 ἐχθίων
904 394 978 429 ἔσει

291 447 429 495 σιγῶσ’,
450 448 507 482 ἐὰν
524 446 569 492 μὴ
587 448 675 483 πᾶσι
692 446 837 494 κηρύξῃς
854 447 946 482 τάδε.

288 500 414 548 θερμὴν
432 501 487 536 ἐπὶ
504 500 678 547 ψυχροῖσι
696 500 835 547 καρδίαν
853 500 954 546 ἔχεις.

290 553 369 589 ἀλλ’
389 550 451 589 οἶδ’
470 552 653 600 ἀρέσκουσ’
674 550 725 590 οἷς
741 552 887 599 μάλισθ’
908 553 1000 588 ἁδεῖν
1016 567 1058 598 με
1075 550 1154 600 χρή.

291 607 321 641 εἶ
340 607 394 642 καὶ
413 604 550 651 δυνήσει
567 605 613 654 γ’·
643 603 723 642 ἀλλ’
742 606 922 652 ἀμηχάνων
940 606 1028 652 ἐρᾷς.

291 660 423 700 ούκοῦν,
439 659 519 695 ὅταν
537 659 577 704 δὴ
595 659 639 705 μὴ
660 658 782 699 σθένω,
801 657 1032 704 πεπαύσομαι.

293 712 402 760 ἀρχὴν
421 713 458 749 δὲ
476 712 581 759 θηρᾶν
599 712 639 747 οὗ
656 712 777 759 πρέπει
795 710 982 758 τάμήχανα.

291 766 321 801 εἷ
340 768 444 802 ταῦτα
460 765 585 810 λέξεις,
606 765 745 812 ἐχθαρεῖ
760 765 822 810 μὲν
840 765 879 809 ἐξ
898 765 992 810 ἐμοῦ,

291 819 399 867 ἐχθρὰ
417 819 453 855 δὲ
471 821 519 867 τῷ
538 818 671 854 θανόντι
689 818 891 865 προσκείσει
910 818 998 862 δίκῃ.

290 873 369 908 ἀλλ’
390 873 428 908 ἔα
444 887 487 918 με
506 872 560 907 καὶ
577 871 638 917 τὴν
656 871 695 915 ἐξ
714 871 795 917 ἐμοῦ
814 871 1029 914 δυσβουλίαν

290 925 410 962 παθεῖν
427 926 466 961 τὸ
485 925 595 961 δεινὸν
612 927 726 959 τοῦτο.
755 924 920 969 πείσομαι
936 923 1004 971 γὰρ
1023 922 1063 958 ού

291 981 460 1014 τοσοῦτον
477 978 575 1013 οὐδὲν
594 978 685 1013 ὥστε
701 977 746 1023 μὴ
767 977 807 1012 οὗ
826 979 938 1013 καλῶς
956 976 1081 1011 θανεῖν.

289 1030 371 1067 ἀλλ’
390 1031 419 1067 εἷ
438 1032 530 1067 δοκεῖ
547 1045 617 1071 σοι,
639 1032 768 1076 στεῖχε·
799 1032 900 1065 τοῦτο
920 1030 950 1065 δ’
968 1027 1056 1069 ἴσθ’,
1077 1027 1130 1063 ὅτι

294 1085 394 1122 ἅνους
411 1085 472 1130 μὲν
490 1085 596 1131 ἔρχει,
616 1085 687 1120 τοῖς
705 1083 827 1129 φίλοις
845 1082 873 1119 δ’
893 1082 1003 1130 ὀρθῶς
1021 1082 1123 1129 φίλη.

1183 615 1225 649 90

1186 882 1225 914 95

292 1135 385 1171 ἀκτὶς
450 1134 590 1176 ἀελίοιο,
665 1134 852 1169 κάλλιστον
917 1132 1098 1182 ἑπταπύλῳ
1161 1132 1231 1179 φα-

347 1188 402 1223 νὲν
969 1201 1048 1233 στρ.
1069 1183 1112 1221 α’.
1171 1199 1233 1222 100

296 1241 395 1288 Θήβᾳ
412 1245 479 1277 τῶν
497 1241 669 1289 προτέρων
687 1241 786 1287 φάος,

294 1295 445 1342 ἐφάνθης
461 1295 551 1336 ποτ’,
571 1295 598 1330 ὦ
615 1293 766 1342 χρυσέας
783 1291 908 1340 ἁμέρας
925 1292 1116 1339 βλέφαρον,

297 1349 460 1397 Διρκαίων
478 1349 562 1396 ὑπὲρ
579 1348 725 1397 ῥεέθρων
741 1349 909 1393 μολοῦσα,
1175 1358 1231 1389 105

295 1404 355 1439 τὸν
387 1401 576 1439 λεύκασπιν
602 1401 768 1451 Ἀργόθεν
803 1402 838 1436 ἐκ
874 1402 973 1447 φῶτα
1007 1400 1115 1442 βάντα
1149 1413 1233 1434 πᾶν·

349 1456 464 1504 σαγίᾳ,

297 1511 437 1558 φυγάδα
454 1510 650 1557 πρόδρομον
668 1507 816 1556 ὀξυτέρῳ
836 1506 1005 1553 κινήσασα
1019 1507 1163 1555 χαλινῷ,

295 1563 334 1601 ὃς
351 1564 407 1610 ἐφ’
428 1563 571 1610 ἁμετέρᾳ
588 1566 633 1610 γᾷ
651 1561 879 1598 Πολυνείκους

296 1617 412 1664 ἀρθεὶς
429 1616 562 1653 νεικέων
580 1617 618 1663 ἐξ
636 1616 840 1664 ἀμφιλόγων

295 1671 376 1715 ὀξέα
396 1672 526 1714 κλάζων

296 1719 407 1755 αἰετὸς
425 1719 458 1755 ἐς
476 1719 542 1766 γᾶν
558 1717 741 1765 ὑπερέπτα,

299 1772 420 1817 λευκῆς
437 1773 554 1817 χιόνος
570 1771 712 1818 πτέρυγι
731 1771 895 1818 στεγανὸς

297 1826 440 1861 πολλῶν
455 1821 537 1870 μεθ’
554 1823 672 1860 ὅπλων

297 1875 357 1920 ξύν
376 1875 410 1911 θ’
431 1878 631 1922 ἱπποκόμοις
648 1879 848 1923 κορύθεσσι.

291 1929 376 1965 στὰς
405 1929 434 1965 δ’
454 1929 540 1977 ὕπερ
572 1931 753 1979 μελάθρων
785 1933 1006 1979 φονώσαισιν
1043 1933 1244 1977 ἀμφιχανὼν

346 1980 460 2026 κύκλῳ

291 2032 438 2077 λόγχαις
455 2033 652 2070 ἑπτάπυλον
670 2036 783 2080 στόμα

296 2083 372 2125 ἔβα,
392 2085 473 2131 πρίν
489 2086 571 2122 ποθ’
592 2088 762 2134 ἁμετέρων
780 2089 930 2134 αἱμάτων
946 2087 1087 2136 γένυσιν

294 2137 490 2183 πλησθῆναί
506 2154 543 2174 τε
565 2141 618 2175 καὶ
638 2142 848 2187 στεφάνωμα
865 2142 1004 2188 πύργων

293 2190 471 2225 πευκάενθ’
508 2191 713 2239 Ἥφαιστον
754 2195 857 2231 ἑλεῖν.
906 2196 998 2231 τοῖος
1038 2194 1130 2241 ἀμφὶ
1171 2193 1245 2230 νῶτ’

347 2243 448 2288 ἐτάθη

292 2295 574 2344 πάταγος”Αρεος
585 2298 760 2347 ἀντιπάλῳ
772 2300 994 2347 δυσχείρωμα
1000 2301 1169 2349 δράκοντι.
1186 2315 1199 2339 1
1207 2314 1245 2347 25

292 2347 374 2384 Ζεὺς
391 2349 458 2397 γὰρ
476 2350 629 2397 μεγάλης
646 2353 817 2399 γλώσσης
834 2354 985 2399 κόμπους

292 2400 543 2449 ὑπερεχθαίρει,
564 2404 620 2439 καί
638 2406 735 2451 σφας
754 2405 879 2441 ἐσιδὼν

291 2455 414 2502 πολλῷ
431 2453 571 2502 ῥεύματι
589 2458 912 2504 προσνισσομένους

291 2509 427 2553 χρυσοῦ
444 2510 571 2554 καναχῇ
587 2508 618 2543 θ’
638 2509 841 2558 ὑπερόπτας,

291 2560 412 2608 παλτῷ
430 2559 544 2607 ῥιπτεῖ
560 2562 642 2609 πυρὶ
658 2563 841 2605 βαλβίδων

297 2611 348 2647 ἐπ’
368 2613 478 2659 ἅκρων
495 2614 557 2658 ἤδη

293 2664 386 2708 νίκην
404 2665 547 2711 ὁρμῶντ’
567 2667 749 2712 ἀλαλάξαι·

293 2715 455 2763 ἀντιτύπᾳ
475 2717 503 2753 δ’
524 2719 580 2755 ἐπὶ
596 2722 641 2766 γᾷ
659 2721 747 2756 πέσε
764 2722 990 2759 τανταλωθεὶς
1087 2737 1166 2771 στρ.
1185 2719 1220 2766 β’
1225 2747 1235 2758 ·

292 2770 473 2816 πυρφόρος
491 2770 529 2807 ὃς
547 2774 624 2807 τότε
641 2774 823 2821 μαινομένᾳ
841 2775 902 2819 ξὺν
920 2778 1007 2823 ὁρμᾷ
1182 2788 1240 2821 135

286 2820 466 2867 βακχεύων
485 2822 619 2859 ἐπέπνει
636 2825 755 2872 ῥιπαῖς
773 2828 945 2874 ἐχθίστων
962 2830 1103 2876 ἀνέμων.

287 2870 358 2919 εἶχε
379 2872 407 2909 δ’
427 2875 520 2921 ἄλλᾳ
537 2877 579 2911 τὰ
596 2879 669 2922 μὲν,
1258 2857 1262 2921 ί

289 2926 382 2962 ἅλλα
408 2927 438 2962 δ’
467 2928 518 2964 ἐπ’
547 2929 669 2968 ἅλλοις
697 2932 849 2980 ἐπενώμα
887 2936 1107 2984 στυφελίζων
1132 2936 1238 2984 μέγας

333 2978 442 3026 ''Apus-

284 3028 507 3078 δεξιόσειρος.

285 3082 370 3117 ἔπτὰ
387 3084 536 3131 λοχαγοὶ
553 3087 620 3134 γὰρ
639 3088 695 3135 ἐφ’
715 3091 800 3126 ἑπτὰ
817 3091 941 3132 πύλαις
1255 3128 1260 3146 ,

283 3134 465 3180 ταχθέντες
482 3135 555 3173 ἰ’σοι
572 3141 658 3187 πρὸς
675 3140 774 3180 ἴσους
792 3144 918 3182 ἔλιπον
1255 3150 1259 3199 Ι

283 3188 363 3231 Ζηνὶ
380 3190 531 3238 τροπαίῳ
548 3193 733 3240 πάγχαλκα
751 3198 845 3243 τέλη,

281 3239 374 3285 πλὴν
391 3243 464 3277 τοῖν
483 3248 675 3292 στυγεροῖν,
696 3248 722 3282 ὣ
739 3252 867 3297 πατρὸς
886 3253 959 3290 ἑνὸς

280 3295 408 3340 μητρός
425 3308 463 3330 τε
479 3298 558 3341 μιᾶς
575 3296 683 3344 φύντε
702 3299 780 3336 καθ’
796 3303 912 3340 αὑτοῖν

281 3343 448 3392 δικρατεῖς
466 3349 598 3396 λόγχας
617 3351 778 3397 στήσαντ’
798 3356 917 3402 ἔχετον

278 3402 392 3435 κοινοῦ
410 3400 556 3437 θανάτου
571 3405 674 3451 μέρος
695 3408 811 3455 ἄμφω.

272 3451 363 3486 ἀλλὰ
381 3453 449 3498 γὰρ
466 3455 489 3487 ἁ
505 3457 746 3502 μεγαλώνυμος
764 3457 849 3503 ’ἦλθε
869 3462 955 3497 Νίκα

273 3506 315 3548 τᾷ
332 3506 561 3554 πολυαρμάτῳ
580 3507 802 3556 ἀντιχαρεῖσα
820 3510 933 3558 Θήβᾳ,

271 3555 308 3590 ἐκ
320 3556 382 3600 μὲν
396 3557 437 3602 δὴ
450 3559 611 3604 πολέμων
623 3563 690 3596 τῶν
703 3565 762 3599 νῦν
775 3563 880 3599 θέσθε
892 3565 1129 3612 λησμοσύναν,
1159 3583 1171 3605 1
1179 3583 1219 3614 50

274 3607 361 3644 θεῶν
377 3609 414 3645 δὲ
433 3611 530 3648 ναοὺς
548 3616 666 3659 χοροῖς

1176 1572 1235 1594 ΗΟ

1172 1839 1230 1871 ¹15

1111 1985 1179 2019 (ἔντ’.
1200 1985 1240 2018 (ll.

1187 2101 1247 2124 120

1183 2524 1242 2555 130

1174 3059 1233 3089 140

1169 3318 1241 3355 145¹

1077 3465 1150 3503 ἀντ.
1173 3466 1207 3506 ff
1213 3493 1222 3501 .

1280 874 1344 903 KP.

1273 3461 1344 3492 XO.

1381 391 1575 437 παννυχίοις
1606 390 1732 427 πάντας
1759 389 1969 437 ἐπέλθωμεν,
1998 392 2017 426 ὁ
2044 388 2160 437 Θήβας
2186 388 2216 427 δ’

1434 444 1566 490 λίχθων

1383 498 1528 542 Βάκχιος
1546 494 1659 543 ἅρχοι.

1380 549 1458 586 ἀλλ’
1479 548 1537 584 ὅδε
1554 549 1620 596 γὰρ
1640 548 1679 594 δὴ
1698 548 1867 591 βασιλεὺς
1883 551 2008 598 χώρας,

1384 602 1501 650 Κρέων
1519 604 1537 637 ὁ
1557 601 1758 643 Μενοικέως,
1778 606 1955 649 νεοχμοῖσι
1974 604 2059 640 θεῶν

1383 656 1439 692 ἐπὶ
1460 655 1657 701 συντυχίαις
1675 657 1783 703 χωρεῖ
1798 656 1873 691 τινὰ
1891 657 1931 702 δὴ

1382 711 1481 755 μῆτιν
1499 708 1667 754 ἐρέσσων,
1688 707 1740 743 ὅτι
1760 707 1954 756 σύγκλητον

1382 761 1482 807 τήνδε
1499 763 1668 808 γερόντων
1685 762 1853 808 προῦθετο
1871 762 2015 809 λέσχην,

1385 817 1482 863 κοινῷ
1501 813 1687 862 κηρύγματι
1705 814 1859 862 πέμψας.

1380 869 1509 915 ἅνδρες,
1530 868 1573 902 τὰ
1590 868 1652 913 μὲν
1670 867 1710 912 δὴ
1728 869 1855 905 πόλεος
1872 869 2044 915 ἀσφαλῶς
2062 869 2134 905 θεοὶ

1381 923 1504 969 πολλῷ
1523 921 1623 969 σάλῳ
1643 920 1824 958 σείσαντες
1842 920 2008 969 ὤρθωσαν
2025 923 2141 959 πάλιν·

1383 975 1467 1020 ὑμᾶς
1486 973 1513 1009 δ’
1535 974 1602 1019 ἐγὼ
1619 976 1811 1020 πομποῖσιν
1829 974 1866 1010 ἐκ
1883 976 2018 1011 πάντων
2036 975 2118 1022 δίχα

1384 1026 1510 1063 ἔστειλ’
1532 1026 1676 1068 ἱκέσθαι,
1696 1029 1798 1063 τοῦτο
1816 1028 1879 1073 μὲν
1898 1029 1941 1063 τὰ
1959 1025 2065 1064 Λαΐου

1384 1081 1553 1123 σέβοντας
1571 1079 1668 1116 εἰδὼς
1686 1078 1723 1115 εὖ
1742 1080 1871 1127 θρόνων
1890 1081 1942 1116 ἀεὶ
1961 1083 2079 1128 κράτη,

1384 1132 1474 1168 τοῦτ’
1494 1132 1601 1173 αὖθις,
1622 1131 1704 1176 ἡνίκ’
1727 1133 1890 1171 Οἰδίπους
1908 1133 2020 1182 ὤρθου
2038 1137 2157 1177 πόλιν,

1385 1187 1483 1222 κάπεὶ
1502 1185 1649 1227 διώλετ’,
1669 1186 1762 1232 ἀμφὶ
1780 1186 1859 1223 τοὺς
1877 1187 1994 1223 κείνων
2012 1189 2062 1223 ἔτι

1384 1240 1506 1276 παῖδας
1523 1238 1686 1285 μένοντας
1705 1239 1863 1285 ἐμπέδοις
1880 1239 2112 1287 φρονήμασιν.

1387 1292 1435 1328 ὅτ’
1456 1291 1516 1328 οὖν
1535 1292 1656 1327 ἐκεῖνοι
1672 1294 1759 1340 πρὸς
1777 1293 1900 1339 διπλῆς
1917 1293 2038 1340 μοίρας
2055 1296 2135 1340 μίαν

1387 1345 1463 1381 καθ’
1484 1345 1612 1392 ἡμέραν
1630 1344 1760 1381 ὤλοντο
1778 1346 1965 1383 παίσαντές
1981 1361 2018 1381 τε
2037 1349 2091 1383 καὶ

1388 1399 1576 1446 πληγέντες
1595 1398 1769 1446 αὐτόχειρι
1788 1398 1854 1434 σὺν
1871 1401 2050 1446 μιάσματι,

1388 1453 1454 1500 ἐγὼ
1476 1452 1579 1499 κράτη
1600 1451 1640 1496 δὴ
1660 1452 1771 1487 πάντα
1790 1453 1844 1487 καὶ
1863 1452 2005 1500 θρόνους
2023 1455 2092 1500 ἔχω

1390 1506 1509 1552 γένους
1528 1504 1598 1539 κατ’
1619 1505 1803 1551 ἀγχιστεῖα
1820 1509 1888 1540 τῶν
1905 1506 2101 1542 ὀλωλότων.

1390 1557 1564 1604 ἀμήχανον
1583 1558 1620 1593 δὲ
1639 1559 1766 1595 παντὸς
1783 1558 1905 1605 ἀνδρὸς
1923 1559 2078 1604 ἐκμαθεῖν

1389 1610 1510 1658 ψυχήν
1528 1625 1566 1646 τε
1585 1611 1639 1646 καὶ
1658 1612 1817 1658 φρόνημα
1835 1612 1889 1647 καὶ
1906 1613 2054 1660 γνώμην,
2073 1613 2154 1660 πρὶν
2171 1612 2212 1648 ἂν

1392 1665 1514 1711 ἀρχαῖς
1532 1679 1569 1699 τε
1589 1665 1643 1699 καὶ
1661 1666 1817 1710 νόμοισιν
1835 1665 1991 1712 ἐντριβὴς
2009 1668 2114 1713 φανῇ.

1394 1717 1468 1762 ἐμοὶ
1486 1717 1553 1764 γὰρ
1573 1716 1671 1754 ὅστις
1689 1719 1806 1753 πᾶσαν
1824 1717 1972 1754 εὐθύνων
1989 1722 2102 1755 πόλιν.

1396 1769 1439 1811 μὴ
1459 1773 1526 1804 τῶν
1544 1769 1697 1812 ἀρίστων
1714 1771 1855 1806 ἅπτεται
1873 1773 2130 1817 βουλευμάτων,

1390 1814 1468 1850 ἀλλ’
1489 1817 1525 1851 ἐκ
1543 1818 1661 1863 φόβου
1679 1833 1740 1853 του
1757 1821 1927 1867 γλῶσσαν
1945 1821 2115 1870 ἐγκλῄσας
2133 1822 2215 1870 ἔχει,

1391 1869 1551 1906 κάκιστος
1569 1867 1652 1905 εἶναι
1670 1873 1729 1906 νῦν
1746 1886 1784 1907 τε
1802 1876 1856 1908 καὶ
1873 1873 1980 1908 πάλαι
1998 1873 2101 1908 δοκεῖ·

1390 1921 1444 1956 καὶ
1462 1921 1585 1966 μείζον’
1604 1922 1702 1960 ὅστις
1720 1925 1793 1960 ἀντὶ
1811 1927 1871 1971 τῆς
1888 1925 1991 1961 αὑτοῦ
2008 1927 2138 1973 πάτρας

1390 1974 1499 2018 φίλον
1517 1976 1655 2021 νομίζει,
1675 1979 1796 2012 τοῦτον
1814 1978 1962 2023 οὐδαμοῦ
1979 1979 2085 2026 λέγω.

1388 2027 1455 2074 ἐγὼ
1472 2028 1551 2076 γὰρ,
1570 2027 1658 2065 ἵστω
1677 2030 1758 2067 Ζεὺς
1776 2033 1795 2065 ὁ
1812 2031 1915 2067 πάνθ’
1936 2034 2024 2079 ὁρῶν
2041 2033 2106 2075 ἀεὶ,

1387 2079 1458 2115 οὔτ’
1477 2080 1518 2116 ἂν
1536 2081 1748 2128 σιωπήσαιμι
1766 2083 1827 2129 τὴν
1844 2084 1926 2129 ἄτην
1944 2087 2033 2132 ὁρῶν

1388 2133 1598 2180 στείχουσαν
1615 2135 1735 2173 ἀστοῖς
1752 2137 1826 2172 ἀντὶ
1844 2138 1902 2182 τῆς
1921 2139 2102 2185 σωτηρίας,

1385 2185 1455 2221 οὔτ’
1475 2187 1516 2222 ἂν
1533 2188 1641 2234 φίλον
1657 2188 1732 2225 ποτ’
1751 2189 1856 2236 ἄνδρα
1874 2191 2023 2237 δυσμενῆ
2041 2191 2166 2238 χθονὸς

1385 2238 1502 2285 θείμην
1520 2241 1661 2290 ἐμαυτῷ,
1681 2245 1782 2277 τοῦτο
1799 2244 2000 2290 γιγνώσκων
2018 2244 2071 2279 ὅτι

1384 2291 1435 2337 ἧδ’
1456 2293 1552 2328 ἐστὶν
1569 2293 1588 2339 ἡ
1609 2295 1770 2338 σώζουσα
1789 2297 1843 2331 καὶ
1861 2295 1983 2343 ταύτης
2001 2298 2056 2333 ἕπι

1382 2345 1545 2383 πλέοντες
1563 2347 1666 2395 ὀρθῆς
1683 2348 1763 2385 τοὺς
1780 2349 1907 2395 φίλους
1924 2349 2122 2396 ποιούμεθα.

1383 2399 1525 2434 τοιοῖσδ’
1546 2400 1612 2447 ἐγὼ
1631 2403 1767 2447 νόμοισι
1784 2401 1875 2447 τήνδ’
1895 2404 1986 2448 αὔξω
2004 2406 2119 2445 πόλιν,

1383 2453 1437 2487 καὶ
1455 2454 1513 2487 νῦν
1530 2453 1668 2500 ἀδελφὰ
1686 2456 1791 2491 τῶνδε
1809 2455 1954 2502 κηρύξας
1972 2458 2041 2503 ἔχω

1382 2505 1523 2541 ἀστοῖσι
1540 2507 1670 2543 παίδων
1687 2511 1754 2543 τῶν
1771 2507 1829 2544 ἀπ’
1849 2509 1992 2545 Οἰδίπου
2009 2510 2101 2558 πέρι·

1380 2556 1562 2594 Ἐτεοκλέα
1578 2561 1651 2605 μὲν,
1672 2560 1709 2597 ὃς
1726 2563 1859 2598 πόλεως
1878 2563 2082 2610 ὑπερμαχῶν

1383 2610 1496 2646 ὄλωλε
1514 2614 1632 2658 τῆσδε,
1651 2614 1748 2650 πάντ’
1767 2614 1976 2662 ἀριστεύσας
1994 2617 2097 2663 δόρει,

1382 2665 1483 2712 τάφῳ
1501 2680 1538 2700 τε
1557 2665 1687 2713 κρύψαι
1706 2669 1760 2703 καὶ
1778 2669 1820 2703 τὰ
1838 2668 1933 2704 πάντ’
1954 2669 2140 2716 ἐφαγνίσαι

1380 2716 1401 2751 ἃ
1420 2720 1490 2754 τοῖς
1508 2719 1664 2765 ἀρίστοις
1682 2721 1818 2767 ἔρχεται
1836 2723 1925 2757 κάτω
1945 2724 2086 2770 νεκροῖς.

1380 2771 1440 2805 τὸν
1458 2770 1486 2805 δ’
1507 2770 1549 2806 αὖ
1566 2771 1727 2819 ξύναιμον
1745 2776 1856 2815 τοῦδε,
1877 2775 2067 2821 Πολυνείκη
2085 2775 2178 2824 λέγω

1380 2822 1417 2859 ὃς
1434 2825 1498 2870 γῆν
1514 2825 1672 2874 πατρῴαν
1691 2827 1744 2862 καὶ
1764 2827 1860 2864 θεοὺς
1877 2828 1956 2865 τοὺς
1974 2829 2121 2876 ἐγγενεῖς

1379 2877 1494 2922 φυγὰς
1512 2879 1684 2915 κατελθὼν
1701 2878 1851 2925 ἠθέλησε
1868 2882 1930 2927 μέν
1946 2883 2028 2928 πυρὶ

1377 2931 1509 2975 πρῆσαι
1528 2933 1704 2979 κατάκρας,
1724 2931 1875 2979 ἠθέλησε
1893 2933 1922 2969 δ’
1941 2932 2080 2980 αἵματος

1379 2985 1492 3017 κοινοῦ
1509 2985 1702 3026 πάσασθαι,
1723 2986 1803 3023 τοὺς
1820 2987 1858 3022 δέ
1877 2987 2056 3024 δουλώσας
2073 2986 2178 3035 ἄγειν,

1377 3037 1498 3070 τοῦτον
1515 3039 1616 3072 πόλει
1634 3038 1704 3083 τῇδ’
1724 3038 1957 3086 ἐκκεκήρυκται
1975 3041 2075 3089 τάφῳ

1376 3086 1461 3134 μήτε
1479 3090 1639 3136 κτερίζειν
1655 3090 1739 3136 μήτε
1758 3092 1909 3128 κωκῦσαί
1925 3107 2010 3134 τινα,

1378 3141 1436 3176 ἐᾶν
1454 3141 1482 3176 δ’
1503 3142 1654 3178 ἄθαπτον
1672 3146 1726 3180 καὶ
1743 3146 1829 3192 πρὸς
1847 3145 1973 3180 οἷωνῶν
1991 3145 2093 3191 δέμας

1377 3194 1431 3229 καὶ
1449 3195 1535 3241 πρὸς
1553 3200 1659 3231 κυνῶν
1677 3197 1818 3233 ἐδεστὸν
1833 3197 2015 3234 αἶκισθέντ’
2035 3198 2128 3234 ἰδεῖν.

1376 3247 1498 3282 τοιόνδ’
1519 3248 1599 3292 ἐμὸν
1617 3250 1787 3296 φρόνημα,
1817 3250 1953 3287 κοῦποτ’
1972 3252 2008 3286 ἔκ
2025 3251 2058 3298 γ’
2078 3252 2161 3298 ἐμοῦ

1375 3299 1474 3345 τιμὴν
1491 3300 1676 3347 προέξουσ’
1696 3304 1729 3338 οἶ
1748 3304 1842 3339 κακοὶ
1859 3307 1926 3339 τῶν
1944 3304 2091 3340 ἐνδίκων·

1376 3353 1421 3388 ἀλ
1446 3351 1457 3366 ’
1477 3353 1574 3390 ὅστις
1593 3356 1709 3392 εὔνους
1726 3357 1807 3401 τῇδε
1825 3359 1867 3401 τῇ
1883 3358 1995 3398 πόλει,
2016 3357 2126 3393 θανὼν

1374 3404 1428 3438 καὶ
1447 3404 1511 3447 ζῶν
1529 3407 1652 3449 ὁμοίως
1669 3408 1708 3452 ἐξ
1726 3408 1808 3454 ἐμοῦ
1825 3409 2012 3455 τιμήσεται.

1375 3457 1432 3491 σοὶ
1451 3457 1542 3492 ταῦτ’
1562 3458 1710 3505 ἀρέσκει,
1729 3463 1792 3497 παῖ
1808 3463 1996 3499 Μενοικέως
2015 3465 2133 3510 Κρέον,

1373 3509 1432 3543 τὸν
1449 3510 1527 3554 τῇδε
1546 3510 1693 3548 δύσνουν
1710 3513 1768 3550 κάς
1781 3514 1841 3549 τὸν
1857 3514 1976 3561 εὐμενῆ
1994 3518 2106 3552 πόλει.

1374 3563 1463 3610 νόμῳ
1482 3563 1520 3598 δὲ
1535 3564 1686 3610 χρῆσθαι
1704 3566 1805 3602 παντί
1820 3581 1887 3603 που
1903 3569 2052 3615 πάρεστί
2069 3583 2127 3605 σοι

1373 3615 1427 3650 καὶ
1445 3618 1511 3651 τῶν
1530 3617 1696 3654 θανόντων
1713 3619 1871 3665 χώπόσοι
1891 3621 1996 3664 ζῶμεν
2013 3623 2101 3666 πέρι·

2271 765 2332 799 16⁰

2273 1031 2331 1075 165

2279 1306 2336 1340 170

2279 1827 2334 1858 ι8ο

2275 2091 2330 2132 185

2268 2365 2330 2399 1⁹0

2268 2631 2280 2653 ¹
2285 2627 2325 2664 95

2264 2895 2324 2919 200

2262 3160 2322 3194 205

2254 3427 2315 3452 210
